2126 3388
1003 178 1102 215 1616.
1859 176 1944 223 845

149 291 214 326 tibi
239 291 384 328 decerni
407 293 535 338 potuit.
569 293 713 330 Petenti
737 303 891 339 namque
917 293 1034 332 datur.
1080 293 1232 338 Quando
1256 303 1340 329 vero
1366 293 1411 328 ad
1436 306 1500 333 vos
1517 294 1714 333 ascendero
1731 293 1839 331 aliam
1855 295 1947 329 viam

147 349 212 384 tibi
237 349 463 394 monstrabo,
498 362 570 396 qua
601 357 806 388 nostrorum
838 352 1125 387 benevolentiam
1159 351 1333 386 demereri
1364 354 1483 396 possis
1507 359 1578 390 etc.

286 410 591 447 Wackherum
616 413 673 448 his
698 411 787 446 adiit
812 411 992 455 Keplerus
1018 422 1111 446 anno
1141 411 1246 446 1618:

267 472 423 511 -Annus
464 474 546 523 jam
596 475 868 522 circumagitur
908 472 1115 510 inchoatae
1158 478 1249 510 tuae
1288 472 1326 508 in
1370 482 1430 509 me
1471 483 1599 511 novae
1644 472 1945 512 benevolentiae

147 528 484 581 liberalitatisque,
518 532 629 581 cujus
662 534 788 570 exacti
819 532 988 569 rationes
1020 530 1109 568 Tibi
1139 528 1374 582 (explicabo,
1407 541 1454 568 ne
1485 531 1639 569 silentio
1672 531 1819 568 diutino
1852 542 1946 568 cau—

148 599 232 624 sam
263 589 470 638 praebeam
502 590 743 640 suspicandi,
786 591 884 627 tanti
918 589 1001 626 Viri
1042 591 1268 627 memoriam
1309 588 1403 625 mihi
1435 589 1638 629 excidisse.
1700 588 1752 627 Ut
1782 590 1946 640 primum

145 645 276 695 Praga
308 647 465 685 domum
496 648 603 695 redii,
637 648 686 686 ad
717 648 957 686 Tabularum
989 651 1025 686 et
1045 646 1344 696 Ephemeridum
1377 658 1474 696 opus
1505 647 1613 694 redii,
1646 653 1766 697 utque
1797 654 1946 685 sumtus

148 703 196 741 ad
231 704 507 755 Ephemeridas
540 706 703 743 duorum
735 718 922 744 annorum
954 705 1186 755 expedirem,
1220 704 1297 742 vile
1330 709 1366 742 et
1398 705 1671 743 Calendarium
1703 717 1788 743 cum
1819 705 1946 754 Prog-

146 764 297 800 nostico
327 765 475 814 scripsi,
509 765 612 814 quod
644 765 762 814 paulo
785 764 995 802 admodum
1017 765 1216 801 honestius
1239 768 1307 810 est,
1342 774 1457 812 quam
1479 763 1711 811 mendicare,
1744 766 1818 802 nisi
1842 763 1944 813 quod

148 822 204 858 sic
235 821 370 859 honori
405 822 582 860 Caesaris
615 825 822 873 parcitum,
856 824 922 872 qui
954 833 1014 859 me
1047 823 1085 858 in
1117 821 1283 858 solidum
1318 820 1477 868 deserit,
1511 828 1552 859 ut
1583 833 1650 873 per
1680 823 1802 872 ipsius
1834 834 1946 860 man-

149 877 240 917 data
273 880 492 928 cameralia,
527 883 778 930 quantumvis
809 882 943 919 crebra
975 886 1012 918 et
1043 881 1226 926 recentia,
1259 879 1351 916 mihi
1372 879 1472 917 same
1494 883 1618 930 perire
1638 880 1765 920 liceat.
1814 880 1947 932 Ephe-

147 938 261 975 meris
304 940 395 975 anni
430 943 554 978 1618.
588 951 731 978 excusa
771 939 843 977 fuit
872 939 986 976 novis
1018 939 1113 976 meis
1143 939 1271 987 typis,
1314 938 1611 976 Francofurtum
1642 950 1734 977 vero
1764 949 1840 976 non
1873 939 1946 977 ad-

149 997 256 1033 venit
286 999 461 1047 tempori.
522 998 580 1036 Ea
619 998 801 1035 absoluta
841 998 951 1047 coepi
992 995 1042 1034 ad
1072 998 1162 1034 anni
1199 997 1322 1034 1617.
1355 996 1613 1046 Ephemerida
1645 1008 1730 1035 cum
1760 998 1944 1047 prolego-

145 1055 268 1091 menis
299 1055 565 1093 excudendam
597 1058 768 1093 animum
808 1056 1025 1106 applicare3
1064 1053 1132 1092 sed
1165 1065 1251 1092 cum
1283 1060 1444 1092 matrem
1486 1067 1611 1093 meam
1645 1055 1799 1093 domum
1830 1067 1943 1106 prae-

145 1113 337 1150 misissem
368 1117 417 1160 (v.
445 1126 473 1152 s,
499 1127 535 1161 p.
562 1117 646 1161 836)
678 1114 930 1165 postulabant
961 1114 1082 1164 ipsius
1112 1114 1269 1161 negotia
1302 1117 1340 1151 et
1362 1124 1447 1150 mea
1469 1115 1612 1164 pietas,
1646 1119 1687 1151 ut
1718 1116 1945 1165 interposita

146 1171 350 1209 commodo
381 1171 468 1209 loco
499 1183 607 1210 mora
638 1174 818 1223 operibus
851 1174 958 1220 meis,
992 1173 1074 1222 ipse
1106 1171 1374 1220 subsequerer.
1407 1193 1457 1199 —

284 1237 384 1281 Quae
401 1238 445 1273 de
462 1239 745 1284 premeridum
771 1239 928 1275 editione
953 1249 1033 1273 cum
1050 1238 1235 1282 Mingonio
1262 1238 1344 1281 egit,
1370 1237 1540 1281 leguntur
1565 1238 1609 1273 ad
1637 1241 1769 1273 annum
1794 1248 1944 1283 sequen-

143 1298 229 1330 tem.
281 1294 386 1339 Quod
411 1296 456 1331 ad
481 1302 666 1332 matrem
690 1298 839 1342 Kepleri
864 1297 1011 1340 attinet,
1048 1296 1090 1330 iis
1118 1306 1209 1339 quae
1235 1296 1257 1330 1.
1285 1306 1316 1331 c.
1343 1295 1498 1331 diximus
1533 1296 1623 1331 haec
1649 1295 1874 1340 adjungimus
1899 1308 1944 1332 ex

142 1352 257 1388 literis
283 1354 329 1389 ad
346 1356 580 1391 Maestlinum
607 1357 639 1391 d.
659 1359 690 1392 5.
711 1357 810 1401 Sept.
836 1361 871 1391 et
889 1356 945 1391 22.
963 1355 1051 1391 Dec.
1072 1354 1161 1390 1616
1189 1355 1283 1389 datis
1311 1354 1483 1389 desumta.
1517 1354 1559 1388 In
1576 1354 1756 1399 prioribus
1774 1354 1942 1397 legimus:

144 1408 408 1449 Tabellarium
439 1412 488 1450 ad
509 1412 559 1452 D.
582 1413 631 1450 D.
655 1412 868 1451 Besoldum
900 1416 938 1448 et
968 1410 1206 1449 Straussium
1239 1409 1378 1458 ablega
1411 1415 1448 1447 et
1480 1412 1571 1458 quia
1602 1409 1709 1447 tarde
1739 1412 1945 1448 revertitur

144 1468 368 1507 tabellarius
399 1470 642 1520 Tubingam,
684 1482 780 1521 rogo
823 1469 926 1520 apud
957 1468 1170 1507 Besoldum
1200 1470 1345 1512 instes,
1389 1473 1431 1504 ut
1462 1467 1592 1505 literas
1624 1473 1711 1505 tuas
1744 1479 1830 1506 cum
1861 1471 1942 1506 suis

145 1525 199 1575 (in
224 1538 342 1565 causa
363 1528 521 1577 forensi)
544 1542 611 1580 per
633 1529 775 1567 celeres
799 1529 847 1567 ad
871 1540 931 1566 me
956 1527 1018 1566 vel
1041 1539 1118 1576 qua
1140 1528 1204 1565 via
1226 1527 1457 1565 brevissima
1477 1530 1605 1575 potest
1625 1527 1871 1564 transmittat.
1891 1549 1940 1555 -

143 1587 212 1622 Die
237 1588 291 1622 22.
318 1589 404 1623 Dec.
432 1591 575 1634 scripsit
598 1590 799 1635 Keplerus:
838 1587 987 1625 Literas
1031 1590 1117 1623 tuas
1158 1585 1236 1634 legi
1277 1596 1421 1633 magna
1457 1596 1543 1621 cum
1585 1584 1798 1634 voluptate.
1860 1585 1942 1623 Etsi

144 1653 236 1680 vero
267 1643 328 1682 his
362 1645 570 1695 adjunctae
608 1648 763 1685 fuerunt
800 1646 934 1684 literae
965 1655 1161 1691 meorum,
1206 1644 1346 1693 quibus
1378 1642 1548 1693 perIcula
1580 1643 1875 1681 continebantur
1907 1651 1944 1682 et

146 1699 362 1741 calumniae
394 1704 739 1752 sceleratissimae,
774 1710 810 1743 et
841 1705 1016 1755 potentia
1048 1701 1355 1740 adversariorum
1389 1706 1425 1739 et·
1457 1713 1589 1739 cursus
1616 1701 1791 1749 justitiae
1823 1703 1943 1740 inter-

146 1760 261 1807 cisus,
295 1762 434 1810 quibus
467 1765 624 1813 tragicis
656 1764 940 1801 narrationibus
974 1762 1124 1800 animus
1167 1761 1350 1810 abreptus
1384 1761 1447 1797 vix
1480 1759 1529 1797 ad
1560 1759 1869 1809 respondendum
1901 1771 1942 1798 se

142 1818 352 1868 recolligit:
385 1826 513 1859 tamen
547 1823 637 1871 quia
669 1822 878 1860 mittendus
901 1826 959 1859 est
980 1819 1219 1867 tabellarius,
1252 1817 1449 1868 piaculum
1471 1817 1633 1856 videbar
1655 1820 1940 1866 commissurus,

143 1876 175 1912 si
207 1877 303 1915 nihil
334 1880 619 1930 responderem.
678 1881 813 1931 (Venit
844 1882 989 1917 interea
1021 1878 1137 1916 frater
1167 1889 1277 1916 meus
1310 1889 1395 1916 cum
1427 1882 1559 1924 matre,
1592 1877 1723 1925 itaque
1755 1888 1832 1915 non
1864 1877 1940 1915 alio

144 1934 348 1975 tabellario
380 1949 477 1988 opus
509 1938 662 1989 habui.)
698 1961 748 1967 -

284 2003 384 2046 Quae
418 2004 540 2040 insunt
574 2004 758 2041 codicibus
789 2003 1092 2039 Pulkoviensibus
1123 2002 1252 2047 [studia
1282 2001 1430 2046 Kepleri
1473 2001 1713 2036 astronomica
1745 2001 1815 2037 hoc
1846 2004 1939 2037 anuo

143 2066 324 2107 suscepta,
351 2073 395 2097 ex
413 2067 515 2107 parte
533 2063 701 2108 leguntur
718 2064 753 2098 in
772 2062 1011 2098 voluminibus
1028 2061 1245 2107 praemissis.
1280 2062 1407 2095 Mense
1424 2061 1556 2095 Martio
1575 2060 1737 2105 pluribus
1756 2061 1941 2105 inquisivit

143 2120 315 2164 temporis
341 2121 613 2167 aequationem,
641 2131 749 2165 quam
773 2120 1060 2165 inquisitionem,
1086 2119 1298 2164 inscriptam
1322 2119 1384 2153 De
1410 2119 1634 2163 temporis
1660 2119 1939 2162 aequatione

143 2178 356 2222 plenaria
393 2184 436 2215 et
470 2186 592 2216 motu
629 2185 824 2216 octavae
861 2179 1084 2224 sphaerae
1121 2177 1349 2212 exhibuimus
1380 2175 1450 2210 vol.
1484 2175 1545 2211 VI.
1579 2186 1615 2220 p.
1642 2176 1687 2211 78
1714 2185 1762 2211 ss.
1811 2176 1938 2211 Mense

143 2238 257 2283 Aprili
292 2237 486 2283 plurimum
524 2250 656 2284 operae
695 2239 893 2275 consumsit
924 2238 961 2272 in
993 2235 1244 2281 computandis
1277 2234 1491 2279 eclipsibus,
1528 2232 1722 2277 praecipue
1766 2244 1939 2269 annorum

144 2296 404 2339 15882121590,
427 2297 484 2332 his
510 2297 659 2333 calculis
678 2297 785 2333 finem
800 2296 954 2331 faciens:
987 2294 1158 2332 Plurima
1189 2292 1277 2331 inde
1306 2292 1500 2329 discimus.
1541 2289 1671 2326 Primo
1705 2288 1939 2327 celeritatem

144 2353 183 2389 in
214 2354 410 2404 ipsissima
442 2355 700 2404 oppositione.
761 2354 860 2391 Nam
900 2353 1118 2402 frequenter
1151 2356 1188 2390 et
1218 2352 1257 2387 in
1289 2349 1541 2398 nonagesimo
1582 2352 1619 2385 et
1657 2348 1696 2383 in
1727 2347 1939 2385 meridiano

145 2415 203 2448 est
235 2412 442 2450 observata
475 2425 497 2450 a
527 2412 632 2460 fixis,
676 2414 907 2451 extricentur
947 2422 1036 2460 ergo
1076 2409 1295 2461 parallaxes
1334 2415 1530 2456 utcunque
1569 2410 1607 2443 et
1642 2411 1841 2455 separetur
1871 2405 1940 2443 illa

143 2469 390 2518 acceleratio,
434 2481 534 2519 quae
567 2476 625 2508 est
657 2483 702 2509 ex
734 2469 942 2509 anomalia.
1005 2468 1184 2507 Secundo
1222 2470 1477 2516 quantitatem
1516 2464 1674 2502 umbrae
1707 2465 1744 2500 in
1776 2465 1938 2501 transitu

144 2539 307 2578 eamque
337 2530 491 2578 gemino
524 2531 702 2578 quamvis
723 2528 962 2567 coincidente
988 2527 1116 2574 modo,
1150 2531 1187 2564 et
1208 2538 1274 2576 per
1296 2525 1531 2563 celeritatem
1564 2533 1632 2560 seu
1653 2527 1800 2559 motum
1821 2520 1938 2559 hora-

143 2588 258 2632 rium,
303 2591 340 2623 et
382 2598 450 2637 per
490 2586 607 2636 fixas3
651 2592 802 2638 oportet
844 2592 974 2625 autem
1012 2586 1137 2623 metiri
1168 2596 1190 2622 a
1222 2585 1344 2634 prima
1383 2582 1655 2620 obscuratione
1696 2579 1744 2616 ad
1776 2580 1936 2629 primam

144 2645 398 2682 emersionem
430 2656 475 2682 ex
506 2646 663 2693 umbra,
704 2645 767 2683 vel
798 2657 822 2683 a
851 2645 974 2695 prima
1005 2643 1249 2681 immersione
1281 2641 1329 2679 ad
1361 2640 1476 2678 finem
1516 2638 1719 2688 eclipseos.
1781 2637 1934 2675 Tertio:

143 2702 232 2741 hinc
264 2702 446 2740 discimus
479 2704 595 2740 etiam
627 2703 762 2741 Lunae
794 2702 1037 2741 altitudinem
1069 2706 1106 2739 et
1136 2712 1204 2750 per
1236 2709 1477 2747 consequens
1509 2695 1736 2748 parallaxin,
1768 2706 1837 2733 seu
1869 2707 1936 2745 per

144 2760 253 2809 fixas,
285 2772 353 2799 seu
384 2772 451 2812 per
481 2761 678 2799 inventam
709 2761 937 2798 diametrum
968 2760 1140 2797 umbrae.
1204 2757 1371 2805 Quarto:
1415 2757 1450 2793 A
1482 2755 1668 2805 principio
1701 2752 1750 2790 ad
1781 2754 1936 2791 immer-

144 2820 309 2867 sionem,
353 2830 422 2857 seu
453 2819 502 2856 ab
536 2820 748 2857 emersione
780 2818 830 2856 ad
859 2817 976 2856 finem
1008 2817 1190 2854 discimus
1224 2815 1452 2852 diametrum
1482 2813 1635 2859 Lunae,
1671 2813 1934 2850 consentiente

145 2877 420 2916 observatione
450 2888 582 2915 morae
615 2877 663 2915 ad
696 2876 968 2914 diametrorum
991 2874 1193 2912 discrimen
1216 2870 1498 2911 aestimandum
1530 2876 1566 2908 et
1589 2869 1790 2907 duratione
1812 2869 1935 2909 solius

146 2935 334 2987 eclipseos
377 2935 427 2974 ad
469 2940 734 2984 aggregatum.
808 2933 952 2982 Quinto
994 2932 1178 2982 probatur
1223 2930 1510 2979 aequinoctium
1551 2927 1818 2978 Tychonicum
1864 2940 1932 2967 seu

144 2999 271 3032 motus
292 2993 405 3032 Solis.
438 2993 547 3032 Haec
566 2994 785 3031 successive
807 2992 947 3030 omnia.
966 3022 974 3031 .
997 3019 1006 3028 .
1031 3023 1036 3029 .
1062 3018 1071 3028 .
1104 2992 1185 3027 Jam
1210 2991 1364 3036 repetito
1382 2989 1521 3025 calculo
1541 2988 1717 3023 exclamat
1734 2988 1933 3033 Keplerus:

145 3051 229 3089 Nisi
260 3063 362 3090 error
401 3051 546 3090 alicubi
584 3053 830 3098 commissus,
873 3047 1100 3088 admirabile
1142 3048 1342 3097 quippiam
1380 3046 1443 3084 hic
1486 3046 1690 3084 exorietur.
1749 3044 1848 3083 Nam
1882 3046 1933 3084 ab

145 3109 242 3148 hora
274 3113 312 3148 8.
346 3109 442 3165 303¹
472 3122 539 3161 per
569 3110 684 3148 horas
716 3114 753 3148 3.
788 3110 856 3148 23‘
886 3108 1061 3146 horarius
1093 3110 1150 3144 est
1184 3107 1252 3144 31‘
1285 3107 1352 3143 2“.
1402 3104 1503 3142 Hinc
1535 3114 1601 3154 per
1630 3103 1745 3142 horas
1774 3107 1810 3142 2.
1835 3105 1933 3159 34&

146 3173 205 3208 est
234 3167 411 3209 horarius
443 3165 510 3210 39‘
546 3168 625 3209 150
654 3167 827 3220 Vigilate
858 3166 1134 3214 mathematici,
1165 3162 1258 3216 quid
1288 3163 1362 3202 hoc
1391 3164 1446 3202 rei
1475 3161 1632 3204 novae?
