2126 3388
626 188 776 234 Kepleri
798 188 985 225 literarum
1011 188 1129 226 studia
1154 194 1190 226 et
1216 190 1391 229 doctrina.
1792 193 1903 239 1021

110 320 193 347 rum
224 309 327 348 idem
360 314 417 350 est
444 307 646 358 jndicium,
678 309 814 347 ceteris
844 308 1042 358 paribus.“
1105 310 1193 348 Hoc
1225 312 1430 362 praecipue
1463 316 1578 362 caput
1608 313 1709 350 sicut
1737 324 1904 362 sequens

113 367 186 416 „de
227 369 497 407 retractionum
536 365 757 415 mensura“,
798 368 935 417 partim
974 370 1092 406 etiam
1138 376 1253 419 capnt
1294 371 1458 420 primum
1498 376 1675 420 spectant
1716 372 1903 421 epistolae

107 425 318 476 Brenggeri
348 426 488 466 medici
520 431 557 463 et
587 424 746 476 Kepleri
775 426 1067 475 responsiones,
1101 439 1198 476 quas
1231 426 1394 477 Opticae
1426 431 1695 479 praemisimus
1735 432 1822 477 (vol.
1856 432 1903 468 ΙΙ.

107 496 142 530 p.
170 487 343 532 37—66),
389 495 489 535 quae
531 483 636 521 haud
676 495 812 534 parum
850 484 1006 522 luminis
1043 485 1207 524 afferunt
1249 489 1353 535 operi
1386 487 1543 537 Kepleri
1576 494 1612 526 et
1644 488 1783 537 dignae
1814 494 1903 526 sunt

108 551 208 590 quae
241 541 444 591 diligenter
474 544 738 592 inspiciantur.

245 599 448 650 Inquirens
485 600 818 638 refractiones
863 599 1122 638 diversimode
1163 596 1242 639 rem
1282 613 1488 651 aggressus
1529 609 1598 642 est.
1662 603 1821 653 Quaerit
1852 618 1902 643 an

107 657 321 696 ascendant
351 660 540 708 imagines
572 659 610 694 in
642 660 890 708 proportione
921 660 1074 696 sinuum
1113 659 1407 698 inclinationis?
1457 661 1688 712 Respondit:
1733 665 1902 711 minime,

102 727 195 753 ‘nam
229 716 375 764 eadem>
408 725 509 755 esset
546 718 645 754 ratio
684 729 865 754 ascensus
906 719 941 753 in
985 717 1163 754 omnibns
1202 718 1350 756 mediis.
1415 719 1503 764 „An
1545 732 1635 770 ergo
1669 724 1831 771 primunr
1864 725 1901 760 in

108 774 417 824 perpendiculari
438 774 652 812 radiatione
675 776 892 812 exaltentur
914 776 950 811 in
974 778 1218 825 proportione
1240 776 1465 824 mediorum,
1499 778 1586 816 inde
1611 782 1735 828 magis
1756 783 1901 829 magis-

107 843 182 881 que
216 833 427 871 ascendant
458 835 496 870 in
529 834 775 882 proportione
807 835 959 870 sinuum
993 833 1315 871 inclinationum?
1367 835 1495 884 Nihi1;
1527 847 1616 875 nam
1648 838 1819 876 calculus
1851 840 1900 876 ab

108 891 344 940 experientia
387 892 616 941 discrepat.“
679 891 833 928 Nodum
867 890 1054 929 Gordium
1092 892 1185 929 dicit
1226 892 1326 931 hanc
1364 894 1602 933 refractionis
1642 896 1832 934 theoriam
1864 903 1901 935 et

106 948 204 986 redit
236 948 284 986 ad
317 951 550 999 analogiam,
584 960 812 998 comparans
844 962 889 987 ea
921 961 1020 998 quae
1054 951 1090 986 in
1123 950 1291 1000 speculis
1324 953 1550 1001 contingunt
1582 965 1666 991 cum
1700 956 1766 1002 iis,
1799 966 1898 1005 quae

108 1008 146 1043 in
179 1018 282 1055 aqua
313 1008 361 1045 ad
395 1008 548 1045 illorum
579 1007 871 1045 similitudinem
903 1009 1124 1058 contingere
1158 1017 1458 1048 consentaneum
1481 1017 1594 1051 esset.
1636 1012 1722 1051 Hac
1744 1025 1899 1062 quoque

106 1067 256 1103 ratione
303 1078 342 1104 re
384 1077 460 1103 non
502 1065 733 1104 succedente
776 1066 823 1103 ad
864 1068 1127 1115 experimenta
1164 1074 1201 1105 et
1243 1080 1460 1106 mensuram
1503 1071 1653 1108 transiit
1694 1071 1896 1121 Keplerus,

107 1124 269 1173 primum
302 1125 498 1174 inquirens
530 1135 744 1162 concavum
775 1124 975 1174 speculum
1007 1131 1044 1162 ct
1076 1124 1153 1162 tale
1186 1126 1270 1174 eJ'us
1301 1132 1486 1176 punctum
1519 1128 1712 1176 diametri,
1750 1142 1799 1181 „a
1820 1142 1897 1180 quo

103 1181 200 1219 radii
239 1193 371 1221 omnes
403 1184 440 1219 in
473 1182 715 1233 superficiem
747 1183 889 1231 egressi
926 1188 1255 1232 repercuterentur
1297 1187 1335 1222 in
1376 1198 1501 1223 meros
1542 1187 1787 1236 parallelos“‚
1822 1201 1899 1238 qua

103 1240 369 1290 speculatione
391 1241 439 1279 ad
461 1242 615 1279 conicas
647 1241 839 1278 sectiones
872 1240 1058 1279 deductus
1093 1248 1161 1288 est,
1193 1243 1332 1291 quibus
1365 1245 1571 1293 singularis
1594 1245 1809 1285 destinatus
1842 1253 1900 1285 est

105 1299 390 1349 paragraphus,
434 1311 519 1337 eam
551 1300 758 1349 praecipue
791 1300 839 1336 ob
874 1311 1030 1337 causam
1062 1301 1275 1347 notandus,
1310 1302 1414 1351 quod
1446 1314 1587 1340 novam
1620 1304 1680 1342 hic
1711 1307 1898 1343 rationem

105 1356 379 1406 deprehendes,
412 1360 603 1396 sectiones
636 1359 790 1395 conicas
811 1359 848 1394 in
873 1357 988 1407 plano
1011 1358 1266 1408 (mechanice)
1300 1360 1552 1398 describendi.
1595 1362 1676 1400 Has
1708 1365 1898 1402 sectiones

103 1426 217 1452 suum
249 1418 286 1452 in
318 1427 478 1466 scopum
499 1417 696 1465 inquirens
728 1428 795 1466 pcr
819 1416 1017 1468 „regulam
1038 1417 1167 1464 talsi“,
1201 1429 1246 1455 eo
1279 1421 1465 1468 pervenit,
1499 1425 1540 1457 ut
1561 1427 1760 1471 repeteret,
1795 1423 1898 1471 quod

103 1474 212 1511 initio
255 1474 517 1523 quaerendum
559 1476 796 1512 instituerat:
851 1476 1094 1526 „quaesitum
1138 1475 1226 1523 suit,
1281 1477 1498 1526 qualisnam
1538 1486 1637 1517 esset
1680 1481 1899 1530 superficies

104 1543 230 1580 aquae
262 1544 340 1570 una
362 1539 398 1571 et
420 1534 614 1581 continua,
645 1544 749 1582 quae
781 1539 962 1583 exceptas
995 1534 1042 1571 ab
1075 1533 1206 1582 aliquo
1239 1537 1454 1585 propinquo
1493 1542 1634 1586 puncto
1664 1538 1900 1578 radiationes

104 1601 236 1628 omnes
268 1596 306 1628 et
338 1591 582 1640 divergentes
624 1593 662 1628 in
702 1591 838 1641 plagas
871 1593 1000 1629 varias
1043 1592 1270 1630 refractione
1301 1596 1402 1632 sacta
1434 1595 1655 1644 prohiberet
1687 1597 1896 1647 divergere,

103 1648 172 1686 sed
203 1648 410 1698 parallelos
442 1661 554 1700 porro
585 1651 765 1687 mitteret.
826 1649 1020 1687 Parabola
1058 1656 1160 1688 esset
1200 1663 1248 1688 an
1289 1651 1503 1702 hyperbola
1545 1665 1592 1691 an
1627 1654 1792 1704 ellipsis,
1833 1656 1898 1694 diu

101 1706 173 1744 fuit
205 1706 434 1745 dubitatum.
495 1708 571 1746 Pro
615 1707 802 1758 parabola
839 1707 1007 1746 faciebat
1038 1709 1357 1758 aequidistantia,
1403 1723 1518 1760 quam
1550 1713 1736 1762 parabola
1767 1725 1898 1764 reper-

101 1776 216 1803 cussu
249 1766 422 1813 exhibet,
462 1777 530 1816 pro
563 1767 778 1817 hyperbola
809 1765 1039 1815 loquebatur
1071 1769 1289 1805 anatomica
1329 1771 1563 1819 experientia
1596 1772 1633 1807 in
1667 1771 1766 1809 oculi
1801 1784 1895 1811 con-

99 1823 372 1864 sideratione.“
434 1822 611 1875 (Lentem
653 1824 915 1875 crystallinam
945 1825 1105 1862 formam
1138 1826 1279 1865 habere
1320 1827 1411 1864 dicit
1442 1840 1526 1878 cap.
1561 1828 1606 1866 V.
1639 1829 1894 1879 sphaeroida-

102 1881 177 1919 lem
209 1883 246 1918 in
279 1884 460 1920 anteriori
500 1889 626 1933 parte,
671 1882 1170 1933 conoides-hyperbolicam
1203 1897 1225 1922 a
1256 1888 1487 1935 posteriori.)
1552 1887 1704 1937 „Deum
1737 1890 1895 1927 immor-

100 1939 239 1978 talem!
292 1940 489 1989 Quantum
519 1941 612 1978 mihi
643 1943 827 1991 temporis
859 1947 896 1979 et
928 1953 1066 1992 operae
1098 1942 1264 1992 perdidit
1294 1943 1390 1982 haec
1421 1944 1667 1994 inquisitio!“
1721 1946 1895 1986 Tandem

101 1999 220 2036 missa
250 1998 323 2037 hac
354 2001 531 2037 intricata
561 2000 826 2050 speculatione
857 1999 954 2038 haec
985 2002 1164 2050 proponit
1196 2001 1454 2040 theoremata:
1501 2008 1535 2041 1.
1569 2003 1653 2041 Lux
1685 2016 1762 2053 quo
1795 2006 1896 2043 obli-

101 2058 212 2106 quior
244 2057 396 2103 incidit,
440 2058 514 2096 hoc
551 2059 688 2107 maj0ri
730 2058 873 2106 angulo
913 2059 1142 2103 refringitur.
1209 2064 1244 2098 Ξὲ-
1279 2060 1375 2098 Cum
1418 2061 1482 2098 lux
1524 2061 1716 2110 obliquius
1749 2064 1893 2112 incidit,

99 2115 225 2164 maj0r
255 2115 295 2152 fit
326 2117 545 2154 resistentia
576 2117 626 2154 ab
659 2116 794 2154 eodem
818 2116 956 2155 medio.
1000 2123 1035 2154 3.
1070 2117 1361 2156 Refractionum
1384 2119 1514 2169 anguli
1538 2126 1711 2159 crescunt
1732 2122 1893 2171 majori-

99 2173 173 2210 bus
205 2175 398 2212 rationum
438 2176 700 2222 incrementis,
745 2186 859 2223 quam
906 2175 1117 2224 obliquitas
1155 2176 1402 2215 incidentiae.
1467 2182 1503 2216 4.
1537 2177 1654 2216 Lucis
1696 2181 1823 2217 tenuis
1855 2186 1893 2219 et

102 2230 200 2284 lucis
233 2231 420 2271 densioris
452 2233 559 2271 nulla
591 2239 649 2272 est
671 2233 886 2271 differentia
905 2234 1155 2282 refractionis,
1190 2237 1326 2273 ceter-Is
1348 2237 1520 2285 paribus.
1568 2237 1891 2276 5.Ref1·acti0nes

101 2296 277 2327 crescunt
309 2293 410 2329 circa
440 2291 677 2330 horizontem
709 2293 972 2340 praecipitatis
1012 2293 1332 2331 incrementorum
1365 2296 1688 2344 proportionibus.
1745 2301 1780 2334 6.
1809 2297 1892 2334 An-

99 2347 278 2396 gulorum
311 2349 544 2388 incidentiae
575 2356 750 2388 secantes
784 2356 1014 2387 concurrunt
1044 2350 1094 2388 ad
1125 2363 1343 2389 mensuram
1374 2353 1662 2401 refractionum,
1697 2356 1761 2403 qui
1796 2366 1892 2392 con—

97 2408 308 2444 stituuntur
346 2407 394 2445 ad
437 2408 678 2456 superficiem
711 2410 748 2444 in
779 2408 907 2446 medio
949 2408 1128 2446 densiori.
1190 2409 1251 2446 Ad
1282 2410 1381 2448 hanc
1418 2413 1722 2461 propositionem
1764 2419 1893 2451 monet

97 2464 308 2513 Keplerus:
345 2467 407 2518 „in
429 2468 597 2515 genuina
619 2467 734 2515 hujus
756 2468 811 2504 rei
832 2478 950 2504 causa
972 2467 1112 2506 directe
1135 2474 1171 2505 et
1194 2480 1216 2505 a
1238 2470 1354 2517 priori
1378 2468 1676 2508 demonstranda
1708 2469 1890 2509 haere0.“

96 2522 175 2560 Dic
206 2523 349 2571 quibus
379 2526 424 2562 in
455 2526 571 2562 terris
608 2531 644 2562 et
673 2527 749 2562 eris
779 2525 1089 2574 mihi-maynus
1119 2527 1373 2574 Apollonius.
1438 2528 1630 2580 „Magnus
1670 2528 1733 2566 ille
1769 2530 1893 2579 Apol-

97 2579 252 2618 lonius“
294 2584 441 2620 exstitit
484 2582 858 2621 Willebrordus
901 2582 1148 2631 Snellius,
1192 2587 1257 2634 qui
1298 2587 1433 2634 paucis
1474 2594 1564 2636 post
1604 2589 1713 2625 annis
1757 2600 1889 2626 veram

97 2639 370 2677 refractionum
401 2641 526 2690 legem
558 2642 706 2679 invenit
737 2643 999 2690 scriptamque
1031 2641 1186 2692 reliquit
1227 2654 1302 2680 non
1334 2643 1450 2692 plane
1481 2645 1716 2684 absolutam.
1776 2646 1888 2696 Kep-

95 2696 217 2734 lerum
250 2702 379 2736 autem
410 2699 483 2736 hac
505 2701 772 2748 suppositione
794 2699 900 2737 haud
921 2699 1084 2737 multum
1105 2713 1128 2738 a
1149 2711 1267 2749 scopo
1299 2702 1499 2741 aberrasse
1531 2704 1640 2741 testis
1672 2709 1730 2741 est
1751 2705 1887 2742 tabula

95 2756 378 2804 refractionum,
411 2756 461 2794 ad
492 2757 618 2806 legem
646 2769 759 2796 suam
790 2757 927 2796 falsam
950 2760 1162 2796 constituta
1184 2760 1221 2795 in
1244 2759 1430 2798 auxilium
1465 2762 1615 2800 vocatis
1640 2762 1886 2802 observatio-

97 2814 211 2852 nibus
245 2814 492 2864 Tychonicis.

230 2871 403 2910 Residua
433 2873 550 2922 hujus
582 2875 719 2923 capitis
750 2872 852 2925 (IV.)
882 2886 971 2923 pars
1004 2874 1161 2912 exhibet
1199 2875 1548 2915 considerationem
1586 2889 1738 2925 eorum,
1787 2891 1888 2928 quae

94 2931 240 2979 priores
264 2930 310 2968 de
331 2931 624 2970 refractionibus
656 2931 905 2978 tradiderunt,
939 2932 1179 2979 Maestlinus,
1203 2933 1490 2982 Rothmannus,
1514 2935 1670 2985 Tycho,
1704 2937 1888 2988 Vitellio3

95 2990 264 3038 vestigia
295 2988 412 3027 dubia
452 2991 695 3039 persequitur
725 2990 936 3039 Keplerus,
981 3002 1079 3039 quae
1120 2991 1357 3039 significant,
1402 2994 1597 3031 veteribus
1640 2996 1889 3044 scriptoribus

96 3046 342 3085 retractiones
374 3047 461 3097 plus
501 3049 679 3086 minusve
711 3050 885 3097 cognitas
916 3049 1047 3086 fuisse.
1089 3048 1221 3087 Lectio
1254 3056 1425 3088 veterum
1457 3052 1648 3089 uberrima
1679 3053 1888 3102 Keplerum

95 3104 246 3152 adjuvit
276 3105 374 3143 haec
404 3106 681 3154 inquirentem:
714 3106 883 3143 Plinium
917 3106 1009 3144 dicit
1039 3109 1146 3154 [Hist.
1173 3114 1248 3144 nat.
1272 3110 1318 3146 II.
1344 3113 1417 3156 13),
1455 3109 1719 3160 Cleomedem,
1753 3111 1888 3150 Ptole-

95 3173 248 3203 maeum
290 3163 559 3217 („conjectura
610 3162 917 3218 imbecilliori“),
971 3164 1150 3205 Proclum
1191 3165 1354 3217 Lycium
1401 3166 1523 3220 (77non
1569 3168 1684 3219 plane
1729 3169 1886 3212 ridicule
