2126 3388
979 175 1084 212 1618.
1833 176 1918 221 863

126 302 163 336 te
195 299 233 334 in
265 295 460 346 colloquio
491 296 700 334 subsecuto
731 293 847 333 valde
879 293 1105 344 scrupulose
1137 304 1343 343 quaerere,
1382 305 1507 344 neque
1547 299 1675 334 tamen
1715 296 1923 344 quicquam

127 367 323 394 accusare.
385 355 575 404 Repetam
617 356 752 403 igitur:
797 364 882 391 curn
924 353 961 388 in
992 352 1125 390 libello
1159 352 1365 390 Chemnitii
1404 358 1529 391 exstet
1569 355 1758 403 integrum
1790 359 1923 405 caput,

126 414 336 452 adhortans
367 420 410 451 ut
441 413 560 451 verba
592 412 735 450 Christi
765 412 1003 449 institutoria
1033 410 1367 459 scrupulosissime
1390 416 1427 449 et
1448 414 1708 450 concisissime
1740 423 1808 462 per
1838 424 1924 451 om—

126 484 196 510 nes
226 473 357 521 apices
390 471 697 509 consideremus:
731 469 831 508 idem
864 480 936 517 ego
970 480 1124 518 quoque
1155 469 1373 506 faciendum
1404 476 1522 517 ratus,
1555 470 1757 521 diligenter
1777 472 1923 518 notavi,

127 530 321 569 Christum
362 531 400 567 in
434 541 555 567 coena
594 540 670 566 non
711 528 837 566 dicere
879 529 1062 565 continua
1103 529 1276 565 oratione
1311 527 1440 575 „edite
1472 541 1610 578 corpus
1652 531 1820 576 meum“,
1853 540 1924 567 nec

131 589 269 638 „panis
302 592 361 626 est
398 599 537 637 corpus
569 588 747 634 meum“;
779 585 847 624 sed
880 598 965 624 cum
997 586 1102 635 prius
1133 587 1366 634 porrexisset
1405 599 1546 635 panem
1579 593 1617 626 et
1647 590 1809 626 seorsim
1835 588 1923 636 jus-

128 649 254 694 sisset,
290 647 492 695 „accipite‚
526 645 670 688 edite“‚
703 650 782 682 tum
815 644 968 682 demum
1003 648 1039 682 et
1071 655 1218 680 rursum
1252 643 1456 692 sejunctim
1488 647 1780 694 pronunciavit,
1827 646 1925 696 „hoc

135 711 194 743 est
227 716 365 754 corpus
396 705 550 741 meum“
567 702 627 754 ³⁶);
662 708 699 740 et
731 703 767 739 id
803 703 1027 740 observavit
1049 701 1229 749 religiose
1252 702 1410 747 Paulus,
1445 715 1610 755 „panem
1632 716 1745 753 quem
1775 705 1924 753 frangi-

128 775 228 811 mus,
263 768 322 801 est
353 763 571 800 communio
603 762 784 810 corporis,
819 760 1000 809 poculum
1023 760 1279 806 benedictum,
1314 763 1373 798 cui
1397 762 1672 810 benedicimus,
1706 766 1924 801 communio

130 822 330 871 sanguinis
362 822 460 858 est“.
522 819 633 857 Haec
676 821 792 868 igitur
823 830 899 855 non
939 823 996 856 est
1034 818 1314 867 scrupulositas
1357 819 1630 859 mathematica
1671 821 1739 858 sed
1779 823 1925 871 origine

130 879 412 925 Chemnitiana,
447 877 623 927 exemplo
655 876 841 923 Paulina,
876 888 946 914 usu
980 876 1152 924 vulgaris
1184 875 1453 921 theologorum
1487 879 1739 927 Augustanae
1772 881 1925 918 confes·-

129 939 259 985 sionis,
294 938 360 986 qui
391 949 437 975 ex
459 937 532 974 hoc
563 937 650 973 loco
683 939 999 984 argumentantur
1031 940 1164 972 contra
1191 935 1430 983 pontificios:
1464 939 1574 986 panis
1597 949 1753 986 coenae,
1786 951 1926 987 quam-

131 998 190 1034 vis
222 1000 476 1042 consecretur,
509 995 541 1032 si
573 999 702 1032 tamen
734 1005 810 1031 non
843 993 978 1030 edatur
1009 1004 1054 1030 ex
1086 998 1294 1042 praecepto
1327 993 1480 1042 Christi,
1513 1007 1588 1033 non
1622 1001 1680 1034 est
1711 998 1766 1034 sic
1787 1009 1925 1046 corpus

133 1054 288 1093 Christi.
341 1054 424 1091 Imo
456 1052 638 1090 Hunnius
669 1052 796 1090 adhuc
827 1051 1090 1100 scrupulosius
1121 1050 1303 1099 loquitur,
1336 1058 1453 1101 negat
1484 1065 1622 1103 corpus
1646 1054 1784 1092 Christi
1809 1067 1926 1093 manu

133 1113 297 1151 ministri
328 1112 417 1150 ferri
449 1111 494 1149 de
526 1111 612 1148 loco
644 1111 683 1148 in
714 1110 853 1157 locum,
887 1109 955 1147 sed
987 1108 1076 1146 dum
1107 1111 1219 1158 panis
1251 1111 1430 1148 inseritur
1461 1112 1497 1147 in
1531 1124 1573 1150 os
1607 1115 1925 1152 communicantis

134 1170 225 1223 (hoc
256 1175 314 1209 est
345 1167 494 1221 edere),
538 1169 713 1207 Christus
754 1169 837 1217 ipse
869 1169 964 1206 citra
994 1167 1069 1206 loci
1101 1169 1288 1206 rationem
1320 1180 1503 1217 praesens
1535 1171 1692 1209 exhibet
1723 1184 1799 1209 una
1832 1172 1925 1220 (hoc

134 1236 192 1269 est
225 1228 462 1278 communio)
495 1238 633 1276 corpus
671 1239 796 1267 suum.
858 1226 1031 1264 Dicimur
1070 1227 1186 1275 igitur
1223 1226 1335 1265 edere
1378 1239 1515 1277 corpus
1558 1229 1722 1277 domini,
1768 1232 1860 1279 quia
1892 1232 1926 1268 si

133 1289 246 1339 panis
278 1289 352 1325 iste
385 1299 431 1325 ex
462 1290 669 1335 praecepto
694 1285 833 1323 Christi
867 1284 1002 1330 editur,
1037 1291 1140 1322 certo
1173 1290 1210 1322 et
1240 1284 1394 1323 realiter
1425 1293 1482 1324 est
1503 1290 1721 1326 communio
1754 1291 1925 1338 corporis

131 1347 227 1396 ejus.
288 1345 398 1384 Haec
440 1349 569 1392 erant,
612 1355 712 1393 quae
750 1349 842 1381 tunc
882 1343 930 1380 R.
962 1343 1079 1392 Digu.
1114 1342 1222 1381 Tuae
1262 1345 1522 1392 suspicionem
1564 1351 1782 1394 moverant,
1826 1358 1926 1396 quae

129 1410 231 1444 certe
261 1415 337 1442 non
370 1405 406 1440 in
438 1414 524 1441 meo
557 1403 711 1440 cerebro
743 1407 847 1449 nata,
879 1401 947 1439 sed
970 1413 1015 1439 ex
1038 1401 1308 1449 theologorum
1329 1406 1558 1442 nostratium
1590 1407 1762 1454 scriptis,
1795 1407 1926 1443 sinon

131 1464 177 1502 de
210 1463 328 1501 verbo
360 1461 409 1499 ad
441 1462 602 1500 verbum
643 1461 804 1506 hausta,
847 1460 984 1498 saltem
1025 1460 1321 1498 occasionaliter
1362 1461 1537 1500 derivata
1573 1470 1684 1512 sunt,
1725 1466 1926 1502 curiositas

134 1523 219 1572 ipsa
251 1532 337 1559 mea
367 1532 444 1558 non
477 1524 548 1558 est.
612 1518 843 1568 Quanquam
875 1530 951 1556 non
982 1519 1137 1555 memini
1169 1523 1206 1556 te
1239 1524 1370 1567 aperte
1403 1521 1494 1568 quid
1526 1522 1817 1570 reprehendere.

268 1578 346 1618 Sed
372 1579 456 1628 jam
487 1577 726 1616 concludam.
788 1577 832 1614 In
875 1578 1031 1626 negotio
1063 1576 1102 1615 S.
1136 1576 1290 1614 Coenae
1330 1589 1442 1626 spero
1485 1590 1555 1617 vos
1586 1580 1680 1617 nihil
1713 1580 1925 1629 habituros,

132 1637 237 1688 quod
269 1639 307 1674 in
338 1649 399 1675 me
434 1631 770 1688 deside1·etis·³÷÷÷);
803 1636 839 1671 in
872 1635 1044 1673 articulis
1076 1636 1213 1673 ceteris
1246 1637 1423 1674 omnibus
1445 1639 1648 1686 acquiesco
1674 1639 1927 1686 Augustanae

132 1697 366 1736 confessioni
406 1700 443 1733 et
481 1694 689 1733 Formulae
722 1694 983 1742 Concordiae3
1027 1694 1063 1730 in
1103 1693 1187 1731 solo
1228 1693 1389 1732 articulo
1423 1694 1469 1733 de
1509 1697 1678 1745 generali
1711 1700 1929 1746 praesentia

132 1756 256 1794 carnis
288 1765 364 1792 non
396 1765 556 1803 possum
588 1753 769 1790 damnare
802 1752 910 1799 illos,
954 1752 1018 1801 qui
1058 1752 1270 1800 loquuntur
1309 1764 1394 1790 cum
1426 1756 1598 1802 patribus
1638 1767 1754 1805 supra
1787 1757 1925 1803 citatis,

131 1815 291 1863 ipseque
333 1813 431 1850 adeo
473 1811 549 1848 illis
587 1811 793 1860 phrasibus
831 1816 940 1859 utor3
983 1812 1016 1848 si
1048 1810 1121 1847 hoc
1151 1810 1241 1848 licet
1272 1812 1466 1860 excipere,
1508 1819 1666 1861 paratus
1710 1826 1794 1851 sum
1832 1814 1927 1852 sub-

131 1873 297 1910 scribere
321 1870 561 1908 Concordiae
593 1875 635 1906 ut
666 1870 788 1906 laicus
820 1874 857 1906 et
890 1870 955 1918 qui
976 1868 1155 1915 fateatur,
1186 1881 1226 1907 se
1258 1869 1347 1907 hinc
1379 1869 1466 1908 inde
1489 1870 1678 1909 haesitare
1711 1873 1810 1910 circa
1833 1883 1928 1910 con-

131 1930 382 1968 structionem
414 1933 452 1967 et
482 1929 648 1966 relativa
679 1927 873 1965 vocabula
904 1938 979 1964 non
1011 1926 1183 1976 liquidae
1215 1926 1428 1968 relationis.
1489 1928 1580 1967 Jam
1613 1929 1783 1979 theologi
1816 1943 1928 1969 suam

133 1989 407 2027 conscientiam
439 1998 553 2036 super
584 1986 780 2024 functione
819 1997 901 2033 sua,
935 1998 958 2023 a
990 1985 1142 2023 Christo
1175 1986 1248 2023 sibi
1283 1988 1507 2035 commissa,
1541 1987 1790 2037 dispensandi
1823 1989 1926 2027 illius

132 2048 332 2097 mysteria,
375 2047 615 2092 examinent,
658 2056 706 2082 an
745 2044 831 2093 jure
864 2049 902 2081 et
934 2056 979 2081 ex
1010 2044 1211 2082 voluntate
1244 2044 1385 2082 Christi
1417 2057 1476 2083 me
1518 2058 1645 2084 arcere
1679 2047 1799 2085 velint
1831 2059 1854 2085 a
1885 2047 1924 2085 S.

135 2104 278 2143 Coena.
340 2104 388 2141 Et
421 2105 512 2152 quia
543 2103 589 2141 R.
623 2103 738 2151 Dign.
771 2102 856 2139 Tua
888 2102 1091 2150 Tubingae
1123 2102 1216 2139 mihi
1250 2102 1364 2150 dixit,
1398 2106 1596 2152 negotium
1629 2117 1713 2143 esse
1745 2105 1924 2154 plurium,

131 2164 362 2212 rogavitque
393 2174 441 2199 an
473 2163 616 2210 patiar,
659 2160 697 2198 id
730 2172 814 2198 cum
847 2160 921 2197 illis
954 2162 1248 2207 communicari,
1291 2173 1398 2210 spem
1436 2164 1553 2209 igitur
1590 2163 1679 2201 fecit
1717 2164 1810 2200 mihi
1853 2163 1925 2201 ad-

132 2222 350 2260 vocationis
390 2220 493 2269 apud
534 2219 792 2268 theologicam
825 2219 1048 2257 facultatem
1086 2224 1122 2257 ct
1164 2220 1560 2270 consistoriumffffi),
1605 2221 1671 2259 illa
1708 2234 1775 2271 spe
1808 2223 1926 2260 fretus

134 2291 206 2329 ego
228 2279 364 2317 adhuc
394 2280 494 2316 insto
526 2279 718 2316 submisse
750 2277 852 2326 apud
885 2277 929 2317 R.
961 2277 1078 2325 Dign.
1111 2277 1236 2315 Tuam
1278 2290 1448 2327 rogoque
1480 2285 1521 2316 ut
1553 2281 1590 2316 in
1623 2291 1731 2317 sacro
1769 2282 1924 2330 negotio

134 2343 290 2387 propter
321 2337 526 2383 Christum,
561 2337 669 2384 cujus
702 2337 872 2385 corporis
903 2336 1115 2373 membrum
1147 2337 1202 2373 uti
1234 2348 1293 2374 me
1325 2349 1408 2375 esse
1440 2349 1572 2388 spero,
1603 2339 1659 2376 ita
1691 2343 1728 2376 et
1759 2340 1807 2376 ab
1840 2338 1925 2376 aliis

140 2396 224 2445 ejus
255 2396 436 2433 membris
468 2395 601 2433 haberi
634 2396 767 2443 cupio,
812 2395 866 2431 uti
898 2394 970 2431 hoc
1001 2395 1259 2443 patrocinium
1291 2407 1416 2433 meum
1450 2397 1486 2432 in
1520 2408 1560 2433 se
1592 2397 1778 2445 suscipiat
1809 2397 1925 2434 mihi-

133 2466 208 2503 que
239 2455 530 2504 responsionem
562 2455 751 2502 impetret,
784 2464 859 2490 non
893 2464 993 2501 quae
1026 2458 1211 2501 evagetur
1243 2453 1397 2502 aliaque
1430 2455 1587 2491 crimina
1625 2455 1793 2492 cumulet
1823 2455 1925 2507 (nam

131 2514 163 2550 si
195 2524 272 2561 qua
310 2518 441 2558 erunt,
483 2516 646 2561 possunt
687 2511 779 2548 mihi
820 2510 935 2559 objici
977 2516 1065 2549 ante
1112 2510 1349 2548 definitivam
1389 2514 1619 2551 sententiam
1671 2524 1819 2561 egoque
1859 2517 1926 2550 aut

133 2570 278 2608 diluam
310 2575 376 2607 aut
409 2570 644 2618 deprecabor
675 2570 840 2618 probata
872 2574 910 2606 et
942 2569 1109 2618 agnita),
1151 2568 1219 2606 sed
1253 2581 1351 2618 quac
1390 2570 1494 2608 hisce
1526 2583 1549 2608 a
1580 2582 1640 2608 me
1673 2572 1858 2608 confessis
1889 2575 1926 2608 et

133 2629 345 2678 suppositis
378 2628 432 2677 (in
465 2640 579 2666 sensu
613 2639 726 2676 quem
760 2628 878 2664 verba
910 2627 1034 2664 ferunt
1067 2632 1104 2665 et
1145 2638 1220 2664 non
1260 2629 1299 2663 in
1331 2628 1406 2666 alio
1441 2628 1590 2666 detorto
1623 2630 1778 2677 sumtis)
1821 2630 1924 2665 inni-

133 2685 299 2737 tatur-1⁴).
360 2685 470 2734 Rogo
515 2688 652 2723 iterum
693 2690 850 2734 propter
882 2685 1093 2732 Christum,
1131 2690 1173 2722 ut
1204 2685 1304 2722 hanc
1334 2698 1459 2724 meam
1492 2688 1756 2735 exceptionem
1790 2689 1924 2736 aequis

134 2746 324 2783 censeatis
367 2743 508 2790 oculis,
560 2755 686 2791 neque
728 2743 947 2791 superbiam
999 2744 1300 2791 interpretemini
1349 2750 1482 2782 eontra
1523 2750 1813 2793 praeceptores,
1855 2751 1923 2782 aut

132 2803 413 2841 contumaciam
446 2806 579 2839 contra
610 2802 837 2846 monitores,
882 2805 950 2838 aut
981 2802 1231 2848 pertinaciam
1264 2802 1300 2837 in
1344 2813 1468 2839 errore
1501 2804 1616 2839 etiam
1656 2805 1806 2851 agnito:
1839 2814 1924 2841 cum

130 2861 376 2902 manifestum
414 2861 463 2897 sit
502 2871 547 2898 ex
587 2858 660 2897 hac
701 2869 788 2896 mea
825 2858 1122 2896 denunciatione
1168 2860 1250 2896 sive
1285 2861 1559 2909 promissione,
1591 2872 1670 2899 rem
1707 2862 1771 2910 agi
1806 2860 1922 2911 longe

270 2973 303 3016 *)
328 2975 544 3006 Hafenrefferi
569 2970 763 3012 marginale:
789 2973 907 3010 Stulte,
933 2973 1101 3014 quodnam
1127 2973 1187 3004 hoc
1213 2976 1263 3004 est
1288 2983 1405 3013 corpus
1431 2973 1575 3005 Christi?

256 3019 304 3063 ²¹⁴2)
331 3022 592 3052 Hafenrefferus:
620 3021 764 3051 Maxime
792 3020 1023 3052 desideramus.
1075 3020 1109 3050 Si
1136 3020 1223 3050 enim
1248 3020 1412 3059 generalis
1445 3023 1722 3062 omnipraesentia
1746 3022 1839 3054 nulla
1863 3028 1922 3066 est,

133 3068 226 3101 nulla
250 3079 382 3110 quoque
407 3070 440 3098 in
468 3077 579 3100 coena.

238 3113 307 3157 ***)
335 3114 593 3146 Hafenrefferus:
618 3114 751 3144 Erranti
775 3114 987 3155 pertinaciter
1010 3122 1181 3155 nunquam
1207 3123 1279 3145 sum
1304 3114 1506 3147 Advocatus.

271 3159 306 3205 †)
332 3162 592 3194 Hafenrefferus:
617 3160 654 3193 Si
676 3159 891 3200 intelligeret:
918 3161 1065 3193 Verbum
1090 3161 1173 3193 Caro
1198 3162 1322 3193 factum
1347 3165 1407 3204 est,
1433 3163 1518 3194 nihil
1541 3166 1713 3206 pateretur
1735 3167 1892 3200 torturae.
