2177 3408
478 140 715 179 Summarium
739 141 919 179 Historiae
943 143 1196 180 Astronomiae
1221 145 1342 182 seculo
1368 146 1461 183 XVI.
1796 149 1877 195 631

84 263 238 314 Tych0,
281 262 374 310 1130,
419 274 518 311 quae
552 275 597 301 ex
629 264 862 312 aequatione
893 263 1032 301 solaris
1064 269 1190 302 motus
1223 265 1326 311 fluit,
1360 267 1395 302 in
1430 266 1543 304 Luna
1573 278 1649 305 non
1683 270 1741 305 est
1771 278 1876 305 usus.

82 323 169 361 Non
202 324 297 359 bene
330 323 470 370 accipit
499 333 585 359 mea
616 322 757 367 verba,
801 323 914 369 quasi
946 321 1147 369 dixissem,
1190 334 1249 361 me
1281 324 1378 361 nihil
1410 324 1456 362 de
1488 325 1599 363 Luna
1633 336 1748 374 posse
1781 337 1876 363 con-

82 380 236 419 cludere
279 381 351 417 nisi
383 380 592 429 perspectis
625 385 661 417 et
692 379 850 428 reliquis
892 379 1071 428 planetis.
1135 381 1218 429 Ego
1251 393 1341 420 vero
1374 382 1447 420 hoc
1487 383 1683 430 dicebam,
1725 388 1901 421 tantum‘

81 439 175 476 mihi
209 440 476 487 occupationis
506 449 590 476 esse
622 439 660 474 in
692 437 858 487 planetis
891 440 1039 486 ceteris,
1072 444 1113 477 ut
1145 451 1220 477 non
1255 446 1368 479 vacet
1400 445 1621 481 examinare
1653 441 1738 489 illa,
1773 454 1873 491 quae

80 497 256 535 Braheus
283 496 365 545 jam
399 497 628 536 elaborarat.

217 556 273 592 Ad
297 569 337 603 9:
367 556 459 600 Quid
484 556 591 599 igitur
614 554 810 599 litigamus,
837 555 867 590 si
885 556 1045 600 Tychoni
1063 568 1207 602 quoque
1232 570 1304 594 non
1328 559 1464 604 placuit
1480 560 1720 605 hypothesis?
1746 557 1875 607 Kep-

77 613 247 651 lerusz
277 613 362 651 Non
397 611 548 661 quidem
582 611 628 649 de
661 612 734 650 hoc
767 611 976 660 litigamus,
1011 613 1185 663 Tychoni
1218 627 1293 652 non
1326 615 1531 664 placuisse,
1564 616 1631 653 sed
1653 616 1874 654 Praetorius

77 676 201 709 totam
221 671 480 720 abjiciendam
502 670 640 718 litigat,
675 681 748 719 ego
780 676 846 707 aut
877 671 1117 709 retinendam
1149 679 1216 710 aut
1248 675 1479 712 ornatiorem
1512 675 1740 720 cudendam,
1775 686 1874 723 quae

77 735 210 768 tamen
243 730 380 767 effectu
415 734 452 767 et
484 740 671 767 consensu
704 740 790 765 cum
823 729 1040 766 observatis
1072 735 1140 767 aut
1170 737 1311 780 aequet
1332 738 1399 769 aut
1422 739 1576 782 superet
1597 733 1873 782 Tychonicam.

212 795 268 829 Ad
291 794 332 831 Ic:
360 795 401 828 In
430 794 650 837 autographo
682 794 830 838 Kepleri
856 800 1057 838 sequuntur
1079 797 1189 830 verba
1214 797 1388 831 Praetorii
1413 797 1520 842 plane
1545 798 1757 842 interrupta,
1784 810 1875 843 quae

78 853 171 888 forte
189 853 367 897 Keplerus
394 862 438 886 ex
462 852 705 895 manuscripto
733 851 776 885 ad
799 851 992 895 juvandam
1018 854 1222 888 memoriam
1249 854 1316 888 sibi
1336 859 1536 892 notaverat.
1579 856 1646 889 Hic
1663 856 1772 900 igitur
1789 857 1873 901 legi-

73 917 169 940 mus:
207 904 291 946 „sed
317 905 424 939 etiam
451 904 493 938 ad
520 905 770 940 antecedentia
790 932 797 940 .
818 931 824 937 .
845 931 850 937 .
871 933 877 939 .
923 902 959 939 Κ
977 914 1032 952 ep
1047 903 1056 939 l
1073 915 1150 941 eru
1165 916 1198 941 s:
1232 905 1355 942 Nemo
1381 905 1543 952 dubitat,
1567 908 1599 943 si
1620 905 1699 943 fieri
1722 909 1869 956 possit3

75 967 115 999 at
146 961 268 998 forma
299 959 561 1010 hypotheseos
593 961 717 1008 primo
751 962 920 997 omnium
945 960 1059 999 debet
1091 974 1174 999 esse
1206 963 1311 1000 utilis
1334 963 1506 1012 epochae
1528 964 1647 1001 nostri
1675 967 1868 1013 temporis,

76 1018 181 1068 quod
223 1019 560 1056 observationibus
593 1031 615 1056 a
648 1018 800 1055 Braheo
844 1019 986 1056 factum
1025 1024 1082 1057 est
1126 1022 1475 1059 instructissimum.
1550 1022 1870 1060 Demonstrentur

72 1078 188 1127 hujus
219 1076 309 1114 mali
332 1077 482 1114 tolerati
506 1076 752 1114 incommoda
774 1082 850 1114 tam
876 1089 1016 1125 magna
1038 1079 1075 1113 in
1099 1079 1236 1116 effectu
1267 1085 1305 1117 et
1336 1080 1485 1128 majora
1506 1092 1621 1129 quam
1653 1080 1868 1118 aberrantis

73 1137 324 1185 Copernicaei
341 1135 489 1173 calculi⁴
514 1134 636 1172 Nemo
654 1140 780 1183 neget,
795 1136 827 1171 si
845 1135 1060 1184 possit,sed
1076 1135 1149 1174 1100
1166 1137 1260 1174 nihil
1274 1137 1324 1174 ad
1340 1150 1426 1175 mea
1448 1139 1688 1186 verba,quae
1706 1140 1868 1177 notavit.

212 1196 267 1231 Ad
293 1197 322 1230 z':
356 1197 433 1230 Hoc
457 1207 526 1230 non
554 1195 727 1239 intelligo.
778 1196 859 1230 Non
886 1196 981 1231 bona
1008 1198 1237 1241 computatio.
1287 1195 1559 1245 Keplerus:
1585 1197 1785 1234 Contraria
1809 1197 1870 1233 di-

74 1255 145 1301 cit3
180 1264 280 1302 quae
313 1264 387 1290 non
422 1251 611 1301 intelligit,
646 1253 712 1301 qui
744 1251 962 1300 dijudicet?
1013 1253 1096 1302 Ego
1128 1253 1187 1290 his
1219 1255 1347 1291 verbis
1377 1254 1541 1301 ostendi,
1575 1255 1665 1303 quid
1687 1260 1871 1303 sequatur

75 1325 120 1350 ex
154 1312 361 1349 omissione
392 1311 509 1360 partis
541 1312 796 1358 aequationiS,
830 1310 867 1347 id
901 1315 1036 1359 postea
1069 1311 1230 1350 defendo
1262 1313 1299 1348 in
1333 1312 1521 1361 qualitate
1545 1313 1730 1362 exemplis
1761 1314 1871 1350 simi-

72 1370 188 1416 libus,
221 1369 346 1407 refuto
379 1371 417 1406 in
448 1370 675 1417 quantitate,
709 1370 740 1405 si
773 1369 921 1406 scilicet
952 1369 1150 1407 Praetorio
1182 1381 1409 1419 pareamus,
1444 1371 1621 1409 adhibita
1653 1372 1769 1408 etiam
1802 1371 1869 1409 illa.

72 1429 256 1477 temporis
287 1427 478 1476 aequandi
510 1432 629 1476 parte,
665 1438 780 1475 quam
813 1427 988 1465 Braheus
1021 1429 1161 1466 omisit.
1213 1429 1407 1466 Irascatur
1438 1431 1554 1478 igitur
1586 1429 1694 1467 coelo
1727 1433 1765 1466 et
1796 1430 1868 1466 ob-

72 1488 235 1524 servatis
269 1491 306 1524 et
336 1497 407 1523 suo
436 1484 646 1534 postulato,
680 1490 722 1522 ut
753 1490 904 1535 tempus
936 1491 1133 1535 aequetur.
1190 1487 1289 1525 Nam
1311 1487 1384 1526 hae
1406 1499 1548 1526 causae
1571 1493 1660 1525 sunt
1692 1488 1868 1525 obscuri-

72 1547 162 1585 tatis
194 1550 231 1584 et
261 1544 537 1594 perplexitatis.

211 1602 325 1652 Quod
356 1604 487 1648 nescit,
515 1602 596 1651 Jam
629 1601 743 1640 docui
774 1603 812 1639 in
843 1601 966 1640 fronte
990 1603 1105 1651 hujus
1130 1604 1308 1652 paginae.
1363 1604 1473 1642 Errat
1495 1604 1621 1653 igitur,
1655 1603 1865 1642 secundam

72 1667 220 1712 partem
253 1661 445 1710 aequandi
476 1667 627 1709 tempus
659 1666 800 1709 putans
832 1672 915 1698 esse
946 1661 1043 1698 nihil
1064 1661 1182 1709 aliud,
1217 1674 1333 1710 quam
1354 1662 1528 1699 tabulam
1551 1662 1744 1711 aequandi
1766 1667 1865 1700 tem-

70 1733 154 1771 pus.
216 1719 354 1758 Dicam
386 1719 538 1757 clarius.
599 1718 752 1756 Tabula
783 1719 980 1768 Tychonis
1012 1721 1115 1768 prior
1154 1731 1223 1769 pro
1256 1719 1346 1758 Sole
1389 1721 1649 1769 computando
1692 1721 1864 1758 continet

70 1785 274 1827 utramque
305 1785 452 1827 partem
481 1777 724 1826 aequationis
756 1779 950 1826 temporis,
984 1778 1117 1815 tabula
1149 1781 1349 1827 posterior,
1382 1790 1451 1827 pro
1484 1778 1594 1816 Luna
1624 1779 1737 1825 facta,
1770 1790 1865 1816 con-

71 1840 168 1875 tinet
197 1849 314 1874 unam
345 1836 480 1874 saltem
510 1843 659 1884 partem
691 1837 934 1887 aequationis
966 1837 1169 1885 temporis,
1203 1848 1302 1886 quae
1334 1837 1417 1874 fluit
1448 1849 1493 1875 ex
1526 1837 1793 1885 inaequalibus
1827 1841 1864 1875 et

73 1895 242 1944 obliquis
282 1895 480 1944 eclipticae
524 1894 816 1931 ascensionibus
859 1895 896 1930 in
935 1894 1101 1943 sphaera
1139 1900 1254 1932 recta.
1317 1894 1457 1932 Mirum
1494 1906 1570 1932 non
1606 1907 1690 1933 esse
1722 1896 1861 1933 bonam

74 1954 416 2003 computationem,
449 1964 532 1990 cum
565 1951 611 1989 de
645 1951 778 1989 eadem
811 1964 850 1989 re
882 1954 1059 2002 utrinque
1090 1959 1242 2001 agatur.

209 2013 265 2049 Ad
290 2014 331 2049 k:
358 2013 585 2048 Ptolemaeus
611 2012 714 2046 vult.
736 2039 743 2046 .
764 2038 772 2046 .
796 2039 801 2045 .
828 2016 888 2052 (nil
914 2016 1086 2057 sequitur).
1135 2011 1396 2060 Keplerus:
1429 2010 1490 2048 Ita
1522 2015 1592 2048 est.
1643 2010 1697 2048 At
1719 2011 1785 2048 ubi
1810 2010 1860 2049 ad

73 2080 169 2119 opus
202 2071 324 2117 venit,
358 2068 498 2107 docens
531 2072 753 2117 computare
786 2068 967 2117 eclipses,
1010 2069 1173 2119 negligit
1205 2069 1407 2107 discrimen
1441 2073 1563 2106 ortum
1597 2081 1643 2107 ex
1673 2068 1801 2106 media
1823 2074 1860 2108 et

71 2140 164 2166 vera
196 2129 441 2177 oppositione
475 2127 635 2175 ejusque
668 2127 865 2173 effectum,
897 2128 1087 2165 rationem
1119 2128 1315 2176 neglectus
1345 2127 1452 2165 addit
1482 2127 1693 2166 exilitatem
1726 2126 1863 2165 discri-

70 2188 194 2234 minis,
230 2186 328 2224 unde
360 2197 437 2223 non
467 2185 568 2222 ultra
601 2187 639 2222 8¹
671 2191 737 2222 aut
772 2184 809 2223 9¹
843 2186 881 2221 in
914 2186 1053 2224 effectu
1085 2185 1222 2224 calculi
1256 2187 1464 2223 varientur.

211 2246 267 2280 Ad
293 2247 321 2281 l:
357 2245 393 2281 Si
419 2246 462 2280 de
486 2244 612 2280 mediis
639 2246 686 2279 ο(
720 2250 755 2279 et
784 2253 830 2284 00
855 2273 890 2282 ..
914 2275 920 2281 .
948 2247 1007 2285 (nil
1032 2251 1112 2289 seq.)
1171 2243 1441 2293 Keplerus:
1466 2243 1518 2281 At
1540 2243 1632 2294 quid
1657 2255 1729 2292 ego
1751 2243 1859 2281 aliud

72 2302 135 2340 hic
167 2301 252 2339 dico
285 2313 402 2350 quam
433 2300 526 2347 hoc,
561 2302 686 2349 ipsum
718 2300 780 2338 vel
811 2302 848 2337 in
880 2302 1063 2350 ambiguo
1095 2302 1236 2340 Brahei
1277 2301 1428 2340 circello
1460 2313 1528 2351 per
1558 2302 1715 2339 Terram
1747 2300 1861 2339 ducto

73 2359 137 2398 vel
177 2360 293 2408 paulo
335 2360 472 2397 laxiori
511 2365 577 2395 aut
617 2360 832 2407 angustiori
872 2359 1153 2398 circumducere
1192 2365 1363 2399 centrum
1407 2362 1499 2397 novi
1544 2359 1707 2402 circelli‚
1751 2360 1860 2407 cujus

73 2424 202 2455 motus
233 2429 272 2456 se
304 2416 567 2455 accommodet
606 2417 741 2454 mediis
774 2426 821 2460 0²
861 2424 898 2456 et
932 2426 978 2457 0·O
1015 2419 1053 2454 in
1084 2418 1199 2467 hujus
1239 2420 1331 2456 novi
1371 2418 1513 2456 circelli
1545 2418 1859 2462 circumferentia,

73 2475 337 2514 circumlatum
369 2481 537 2513 centrum
570 2477 801 2514 concentriei
823 2476 957 2513 Lunae
988 2487 1137 2514 rursum
1168 2476 1364 2526 aequabili
1396 2481 1503 2515 motu
1534 2477 1756 2514 restituetur
1787 2475 1858 2512 sub

75 2546 185 2573 veras
217 2540 264 2574 ο(
303 2538 340 2571 01
374 2542 420 2573 00
455 2538 560 2570 motu
593 2545 639 2570 ex
672 2535 843 2583 utrisque
876 2533 1039 2572 circellis
1071 2536 1296 2583 composito.

212 2592 267 2628 Ad
292 2605 343 2628 m:
370 2593 658 2628 Astronomieum
683 2594 752 2628 hoc
777 2605 861 2630 non.
911 2592 1143 2641 Kepleru
1157 2605 1191 2630 s:
1234 2593 1375 2630 Mirum
1406 2594 1450 2639 si,
1484 2603 1583 2640 quae
1615 2594 1857 2628 astronomus

76 2662 123 2688 ex
153 2651 365 2698 geometria
395 2654 602 2691 mutuatur,
637 2660 683 2686 ea
714 2656 803 2686 sunt
834 2651 1104 2697 astronomica,
1138 2662 1238 2699 quae
1269 2662 1360 2688 vero
1394 2662 1439 2687 ex
1460 2650 1633 2699 physica,
1666 2659 1712 2686 ea
1733 2652 1859 2685 astro-

74 2709 227 2746 nomica
257 2707 390 2745 haberi
421 2717 496 2743 non
529 2705 679 2743 debent.
735 2706 836 2754 Quid
868 2709 900 2744 si
931 2719 979 2745 ne
1010 2708 1084 2746 hoc
1115 2708 1271 2756 quidem
1302 2710 1351 2745 sit
1382 2709 1691 2752 astronomicum,
1724 2704 1859 2754 dispu-

75 2772 177 2813 tare,
221 2765 325 2815 quod
356 2770 482 2802 motus
514 2763 705 2801 coelorum
749 2764 914 2802 debeant
955 2777 1038 2803 esse
1070 2765 1407 2814 aequabilissimi‘?
1453 2766 1594 2813 quippe
1626 2765 1779 2801 axioma
1811 2775 1858 2801 ex

74 2824 239 2874 physica
270 2829 329 2861 est
359 2822 587 2860 traductum.
649 2822 778 2869 Atque
811 2834 883 2860 vae
914 2823 983 2860 tibi
1013 2823 1198 2872 Keplere,
1231 2825 1359 2871 quisi
1389 2822 1622 2869 longissimis
1654 2820 1858 2859 sudoribus

75 2881 230 2919 tandem
263 2893 400 2920 causas
431 2885 604 2917 motuum
635 2879 817 2928 physicas
850 2881 1040 2918 inveneris
1073 2886 1110 2919 01
1142 2893 1187 2918 ex
1219 2882 1264 2918 iis
1296 2885 1374 2917 tam
1405 2881 1502 2918 bene
1542 2880 1717 2918 docueris
1749 2890 1857 2917 com-

74 2945 231 2990 putare,
276 2951 391 2989 quam
433 2939 530 2976 bene
573 2943 840 2986 computamus
872 2949 918 2974 ex
948 2939 1214 2987 suppositione
1246 2938 1491 2986 circulorum,
1536 2937 1729 2988 gratitudo
1760 2938 1857 2976 haec

77 2999 146 3037 erit
175 3003 217 3036 ut
247 3002 399 3047 negent,
432 3003 468 3034 te
502 3006 586 3033 esse
617 2995 901 3033 astronomum!
952 2995 1094 3033 Dicant
1124 2997 1238 3045 igitur
1267 2995 1480 3046 physicum.

213 3057 270 3093 Ad
294 3069 334 3093 n:
370 3055 585 3092 Probatione
611 3065 702 3100 opus
728 3059 794 3092 est.
844 3055 925 3091 Non
950 3056 1129 3101 intelligo,
1156 3056 1367 3101 explicanda
1390 3056 1481 3090 haec
1506 3056 1675 3100 apertius.
1723 3053 1856 3102 Kep-

74 3112 236 3155 lerus:
276 3113 466 3155 Generale
502 3113 594 3153 facit
624 3111 672 3151 de
703 3112 808 3151 omni
839 3110 1042 3161 distantia,
1085 3110 1190 3162 quod
1229 3122 1300 3162 ego
1341 3110 1387 3150 de
1419 3110 1601 3150 distantia
1631 3108 1718 3154 45⁰.
1775 3111 1855 3150 Nec
