2126 3388
845 183 946 221 1629.
974 184 1073 223 1630.
1757 187 1842 233 917

48 301 129 338 Zeit
159 300 260 338 nicht
295 321 330 328 —-
366 300 434 337 wol
465 301 552 337 aber
585 301 649 336 der
678 299 931 336 beschehenen
962 301 1198 346 Resignation
1236 302 1306 337 vnd
1343 302 1583 348 aufkiindung
1615 304 1841 341 zuerinnern.

50 361 139 396 Was
164 360 251 396 aber
276 361 340 396 das
364 362 545 396 Interesse
570 358 736 405 anlangt‚
774 357 847 395 will
872 369 954 395 man
980 360 1043 396 der
1068 360 1328 406 Contentirung
1353 360 1446 397 ehist
1470 362 1542 398 vnd
1566 362 1761 407 miiglichst
1784 373 1843 408 ge-

52 418 160 455 dacht
184 419 274 455 sein.

186 477 322 512 Datum
347 476 416 513 den
440 477 495 513 28.
521 476 677 521 Augusti
702 476 803 512 1629.

186 533 329 572 1630.
363 536 676 581 Berneggerus
712 533 903 579 Keplero
942 535 976 570 S.
1008 535 1050 569 P.
1082 536 1127 571 D.
1176 536 1239 572 Vir
1271 547 1418 572 summe.
1468 537 1567 582 Quae
1600 537 1758 574 felicitas
1784 543 1840 575 est

50 603 139 637 mea,
164 591 274 628 filiam
294 595 402 635 tuam,
426 593 496 628 hoc
512 597 568 628 est
585 592 757 637 quantulo
783 592 899 627 minus
925 603 1032 637 quam
1057 598 1092 628 te
1116 594 1243 639 ipsum,
1270 599 1369 630 tuam
1395 600 1491 631 certe
1515 595 1580 631 tali
1605 597 1681 631 viro
1699 597 1840 642 dignam

50 651 250 696 imaginem,
274 651 310 686 in
337 651 440 693 domo
466 662 546 687 mea
570 654 796 696 praesentem
825 651 952 686 habe0.
1002 651 1146 687 Utinam
1179 657 1252 687 tam
1279 653 1310 687 ei
1341 654 1433 688 bene
1463 663 1602 688 mecum
1637 655 1698 699 sit,
1734 666 1842 700 quam

51 720 108 744 me
133 714 350 754 conspectus
376 709 455 754 ejus
480 708 750 754 alloquiumque
776 708 946 754 delectat,
983 719 1027 744 ex
1060 721 1130 754 quo
1156 710 1341 756 modestia,
1376 712 1494 756 pietas
1520 715 1556 746 et
1581 722 1690 757 supra
1716 723 1842 748 sexum

53 767 243 813 prudentia
275 767 405 804 elucet.
453 768 507 802 De
543 767 676 811 nuptiis
714 766 865 802 consilia
897 770 1021 802 nostra
1046 772 1082 803 et
1106 768 1185 812 ipsa
1221 772 1256 803 et
1289 779 1442 813 sponsus
1467 770 1709 816 perscribent,
1738 782 1843 815 quem

53 836 130 870 eg0,
158 829 197 860 ut
220 824 334 860 infula
359 825 533 861 doctorali
558 825 646 861 felix
671 825 761 860 adeo
778 823 1043 859 matrimonium
1061 824 1240 870 honestet,
1268 827 1374 862 etiam
1399 832 1507 871 atque
1533 828 1640 862 etiam
1658 829 1843 875 adhortor,

53 884 121 919 etsi
145 882 298 918 levicula
322 888 362 918 ut
386 888 474 928 puto
500 887 724 927 causantem,
758 893 828 927 quo
854 882 970 917 minus
996 884 1227 928 obsequatur,
1254 884 1318 919 sed
1343 890 1478 927 tamen,
1507 889 1546 919 ut
1572 896 1655 930 spes
1681 891 1752 932 est,
1780 887 1844 923 ob·

52 945 270 978 secuturum.
319 941 426 986 Spem
452 941 645 976 cathedrae
670 941 944 976 mathematicae
962 940 998 975 in
1015 941 1197 977 academia
1222 946 1345 978 nostra
1370 942 1585 978 obtinendae
1611 944 1843 980 scholarchae

52 1000 166 1036 nostri
190 999 365 1043 fecerunt,
392 999 494 1044 cujus
519 1000 687 1044 promissi
711 999 818 1034 fidem
844 998 978 1043 scripto
1006 1010 1149 1043 quoque
1175 1001 1207 1035 ei
1231 1001 1363 1035 tradito
1394 1003 1566 1047 sancient.
1600 1002 1671 1037 Oro
1690 1013 1842 1039 summo-

52 1069 156 1104 pere,
189 1063 230 1093 ut
259 1058 497 1102 undecunque
529 1062 678 1102 accepta
704 1057 911 1102 occasione,
948 1058 1080 1092 omissa
1111 1062 1231 1093 tamen
1255 1059 1542 1104 illiussspromissi
1567 1060 1764 1105 mentione,
1797 1061 1844 1096 ad

53 1115 344 1152 mathematicum
374 1120 537 1151 nostrum
563 1117 614 1150 M.
638 1115 801 1150 Isaacum
826 1114 1036 1152 Malleolum
1070 1116 1273 1161 epistolium
1309 1117 1456 1161 aliquod
1489 1128 1637 1153 exarare
1673 1119 1842 1165 digneris,

55 1180 91 1211 et
116 1176 146 1211 si
170 1174 358 1219 vacaverit,
384 1174 489 1210 etiam
514 1173 558 1208 ad
583 1174 626 1208 D.
652 1174 707 1209 Jo.
735 1173 955 1209 Schmidium
980 1174 1014 1210 J.
1044 1175 1080 1209 C.

189 1234 235 1269 D.
260 1233 491 1268 Habrechtus
517 1231 805 1268 dissertationem
828 1235 927 1267 tuam
953 1231 998 1267 de
1023 1232 1265 1268 fundamentis
1283 1233 1500 1278 astrologiae
1524 1234 1721 1280 nimiopere
1747 1235 1841 1270 desi-

56 1293 157 1328 derat
207 1291 244 1327 Si
266 1291 363 1336 quod
388 1294 553 1342 superest
578 1290 799 1335 exemplum,
824 1300 907 1325 aere
932 1295 1071 1333 nostro,
1099 1291 1272 1327 beneficio
1298 1296 1378 1334 tuo,
1404 1292 1459 1328 fac
1486 1303 1619 1337 quaeso
1645 1292 1842 1328 habeamus

57 1357 94 1387 et
116 1351 219 1388 Vale.
269 1351 419 1395 Argent.
446 1348 480 1384 d.
506 1349 612 1392 8.s18.
639 1349 719 1384 Jan.
749 1349 848 1385 1630.

197 1411 447 1463 Keplerus
468 1409 790 1460 Berneggero
822 1410 859 1449 S.
882 1410 926 1449 P.
950 1411 998 1450 D.
1041 1411 1262 1450 Clarissime
1285 1413 1594 1463 amicissimeque
1615 1413 1697 1451 Vir.
1750 1411 1842 1451 Jam

55 1471 198 1511 dudum
231 1471 418 1509 desieram
450 1468 499 1506 ad
530 1479 636 1507 meos
667 1468 844 1516 scribere,
878 1469 982 1519 quod
1014 1481 1080 1508 eos
1112 1471 1150 1507 in
1171 1471 1307 1509 itinere
1340 1482 1423 1509 esse
1449 1473 1719 1510 existimarem.
1764 1470 1842 1509 Sed

54 1532 147 1582 quia
175 1528 421 1575 tabellarius,
464 1539 578 1577 quem
610 1531 647 1566 3.
681 1527 775 1565 Dec.
806 1527 944 1566 Lauba
977 1527 1209 1576 dimisimus,
1249 1529 1324 1567 hoc
1362 1529 1516 1568 demum
1551 1534 1615 1569 15.
1649 1529 1761 1570 Febr.
1794 1527 1845 1567 ad

54 1602 115 1628 me
146 1590 272 1636 venit,
315 1598 474 1625 narrans
504 1587 603 1624 inter
644 1586 798 1636 privata
841 1587 956 1624 etiam
995 1586 1042 1624 de
1073 1588 1242 1625 motibus
1274 1587 1377 1638 apud
1419 1600 1489 1626 vos
1520 1589 1686 1639 publicis
1719 1586 1844 1636 deque

54 1648 175 1686 milite
198 1647 389 1685 Caesareo
421 1655 624 1683 numeroso
656 1645 695 1681 in
720 1644 888 1682 hibernis
911 1656 978 1696 per
1000 1645 1348 1694 Wirtembergiam,
1381 1658 1425 1684 ex
1447 1658 1491 1684 eo
1516 1646 1692 1685 dubitare
1718 1647 1842 1695 coepi,

55 1712 182 1745 utrum
212 1704 437 1743 Bartschius
467 1707 597 1741 noster
627 1714 714 1741 cum
744 1714 815 1741 sua
845 1715 913 1742 seu
945 1715 1088 1754 sponsa
1119 1715 1188 1742 seu
1218 1715 1336 1742 uxore
1369 1704 1520 1743 credere
1552 1717 1593 1743 se
1630 1705 1751 1755 possit
1781 1704 1844 1740 in-

53 1765 162 1803 festis
192 1762 347 1802 Ulmam
379 1773 512 1801 versus
542 1761 758 1800 itineribus.
818 1760 952 1799 Scribo
993 1763 1108 1812 igitur
1150 1767 1335 1812 tanquam
1378 1763 1426 1800 ad
1458 1768 1677 1813 praesentes
1708 1762 1844 1800 vobis-

57 1835 154 1872 cum,
189 1821 256 1860 sed
286 1832 422 1871 pauca.
465 1820 526 1858 Tu
557 1830 648 1857 vero
680 1819 784 1869 quod
816 1821 980 1869 geminis
1009 1821 1089 1869 J’am
1110 1822 1293 1858 monuisti
1324 1821 1532 1868 schedulis,
1565 1820 1602 1858 id
1626 1820 1704 1858 alia
1726 1820 1843 1858 effec-

57 1887 137 1920 tum
160 1880 222 1929 do,
253 1880 379 1917 missis
412 1883 434 1917 2
469 1877 752 1928 exemplaribus
783 1878 980 1928 Epistolae
1012 1879 1196 1916 Sinensis.
1240 1879 1322 1917 Etsi
1352 1879 1536 1917 fasciculo
1569 1879 1682 1917 valde
1713 1882 1843 1916 metuo

58 1941 107 1978 ob
139 1937 259 1991 ὄγκον,
292 1938 439 1976 solatur
479 1948 538 1975 me
568 1942 696 1974 tamen
728 1936 881 1974 fortuna
913 1939 1015 1986 eJ'us,
1057 1949 1170 1986 quem
1201 1937 1399 1987 praedicat
1430 1937 1605 1988 epistola.
1667 1936 1844 1975 Alterum

57 1998 162 2048 legat
193 1996 419 2035 Bartschius
452 2000 489 2034 et
519 2007 603 2033 cum
635 2006 721 2033 mea
750 1994 875 2033 salute
910 1995 974 2033 det
1005 1995 1053 2033 D.
1085 1995 1271 2033 Malleolo
1315 1995 1493 2046 dicatque
1536 1995 1639 2045 quod
1679 2007 1740 2033 res
1772 1999 1842 2042 est,

58 2068 118 2094 me
150 2054 348 2094 consulem
387 2055 499 2104 quasi
537 2052 729 2102 quendam
771 2054 809 2089 in
846 2058 983 2092 senatu
1021 2054 1292 2092 mathematico
1335 2053 1381 2092 de
1424 2056 1650 2104 quaestione
1690 2053 1843 2091 Sinensi

58 2115 206 2162 referre,
239 2118 281 2151 ut
311 2117 405 2151 vota
435 2111 637 2161 colligam,
678 2113 775 2149 inter
806 2117 932 2150 cetera
964 2116 1001 2150 et
1031 2113 1152 2162 ipsius
1185 2117 1227 2150 ut
1258 2114 1455 2160 veterani,
1495 2124 1614 2162 seque
1644 2113 1717 2163 ipsi
1748 2112 1844 2149 meis

59 2173 187 2212 verbis
227 2171 274 2209 de
311 2171 468 2209 meliore
511 2175 604 2208 nota
644 2169 907 2219 commendet3
951 2170 1112 2208 alterum
1151 2171 1216 2209 ubi
1249 2176 1290 2208 tu
1321 2170 1477 2220 legeris,
1511 2171 1559 2208 D.
1594 2171 1639 2210 D.
1670 2169 1846 2208 Schmidt

62 2243 147 2270 cum
177 2229 299 2268 multo
331 2229 476 2267 honore
497 2232 743 2278 praesentato
768 2229 880 2278 eique
901 2229 1146 2267 Bartschium
1167 2241 1294 2267 meum
1317 2229 1597 2268 commendato.
1650 2227 1692 2266 Si
1712 2228 1844 2277 gravi-

62 2294 179 2328 tatem
209 2290 248 2325 in
280 2299 340 2326 me
373 2287 563 2326 desiderat
594 2286 791 2336 majorem,
824 2291 984 2326 excuset
1014 2299 1073 2325 me
1105 2288 1180 2337 ipsi
1200 2293 1420 2337 paupertas,
1455 2292 1637 2326 excusent
1667 2285 1844 2335 exempla

60 2349 276 2398 principum
307 2347 486 2394 virorum,
518 2346 750 2384 necessitate
781 2344 890 2383 fatali
921 2356 1124 2395 expressa3
1165 2345 1331 2394 denique
1364 2345 1463 2384 adde
1494 2347 1687 2384 senarium
1717 2344 1842 2382 hunc:

61 2418 106 2445 eo
139 2418 217 2455 qua
246 2405 350 2453 licet,
383 2415 461 2442 non
492 2404 670 2450 sanctior,
705 2404 770 2452 qui
802 2415 880 2452 qua
908 2403 1016 2442 libet.
1076 2404 1157 2442 Nec
1188 2405 1288 2442 enim
1332 2403 1446 2442 debet
1478 2416 1563 2443 esse
1594 2404 1728 2441 fortior
1758 2413 1844 2440 mea

58 2465 193 2514 lingua
225 2475 341 2512 quam
371 2462 602 2501 bellatorum
634 2462 819 2499 teutonici
850 2461 917 2500 alti
958 2463 1157 2511 sanguinis
1202 2474 1350 2500 manus
1413 2462 1454 2500 Si
1484 2463 1622 2501 liberet
1654 2461 1842 2510 tempori-

58 2523 130 2561 bus
161 2523 266 2560 hisce
294 2521 436 2570 j0cari‚
475 2519 675 2567 adderem,
718 2531 778 2558 me
810 2519 970 2569 eclipsin
1003 2521 1348 2570 Argentinensibus
1380 2522 1530 2558 mittere
1560 2520 1757 2565 subsidio,
1801 2522 1844 2554 ut

61 2581 189 2619 solent
219 2591 326 2617 arma
356 2579 489 2616 usibus
521 2577 669 2616 bellicis
701 2583 772 2616 etc.
813 2577 924 2616 Haec
955 2582 992 2616 et
1024 2579 1166 2617 similia
1197 2578 1246 2616 ad
1277 2578 1327 2615 D.
1361 2579 1407 2616 D.
1431 2578 1607 2616 Schmidt
1636 2577 1842 2615 scriberem

63 2640 202 2689 ipsum,
234 2639 307 2675 nisi
339 2635 573 2685 parcendum
605 2640 707 2674 esset
736 2635 933 2674 fasciculo.
996 2636 1052 2675 Te
1083 2647 1189 2685 rogo,
1221 2636 1376 2675 referas.

197 2695 338 2745 Quae
328 2706 366 2731 1n
386 2705 496 2733 meae
516 2695 659 2731 victum
679 2705 849 2743 ususque
871 2694 1071 2743 impendis,
1105 2694 1307 2744 diligenter
1329 2695 1524 2743 consigna,
1557 2692 1658 2731 dabo
1680 2703 1838 2742 operam

58 2759 101 2793 ut
131 2756 184 2793 sis
216 2753 418 2792 indemnis
461 2751 584 2801 Cupio
616 2753 721 2801 ipsos
748 2752 888 2800 Juvaie
911 2753 1088 2790 omnibus
1119 2753 1252 2801 copiis,
1287 2753 1390 2789 omni
1421 2751 1508 2792 fide
1555 2751 1700 2800 Sciipsi
1721 2750 1842 2787 Tam-

60 2813 213 2863 pachio,
246 2812 354 2850 daret
386 2809 489 2860 quod
521 2810 648 2858 co‘e'git
678 2821 724 2848 ex
756 2810 850 2847 meis
881 2809 1002 2857 libris,
1036 2810 1207 2848 detracto
1240 2815 1368 2847 tamen
1400 2820 1470 2847 suo
1502 2809 1654 2849 salario
1714 2807 1841 2857 Saepe

60 2871 194 2910 eadem
225 2870 274 2909 ad
304 2871 431 2919 ipsum
461 2868 626 2906 scribere
657 2867 917 2917 periculosum
949 2872 1006 2905 est
1036 2869 1085 2906 ob
1118 2872 1261 2906 metum
1291 2868 1599 2916 interceptionis,
1645 2866 1716 2904 tibi
1747 2877 1840 2903 vero

59 2930 156 2968 haec
187 2928 234 2967 de
264 2939 325 2966 me
354 2927 513 2965 testanti
544 2924 673 2964 credet
703 2924 829 2962 facile.
865 2947 914 2952 —
946 2926 1027 2961 Jam
1056 2927 1277 2971 interpositis
1311 2927 1436 2971 paucis
1470 2927 1514 2962 de
1540 2926 1674 2962 tabulis
1701 2925 1839 2961 mathe-

58 2990 207 3035 maticis,
234 2998 328 3033 quae
353 2997 462 3032 supra
486 2997 568 3031 pag.
595 2985 662 3021 146
687 2985 864 3029 leguntur,
891 2984 946 3019 his
971 2985 1078 3019 finem
1103 2984 1188 3019 facit
1213 2984 1409 3029 Keplerus:

194 3050 404 3088 Chasmata
427 3053 463 3097 3,
489 3052 525 3096 4,
550 3050 586 3086 5.
609 3046 722 3086 Febr.
755 3047 841 3084 visa
860 3045 976 3095 longe
998 3045 1164 3095 lateque,
1188 3046 1262 3093 hic,
1286 3046 1559 3093 Vratislaviae,
1590 3046 1629 3082 in
1652 3043 1838 3092 Marehia‚

57 3107 293 3158 Voitlandia‚
324 3107 515 3151 Laubani‚
547 3103 734 3144 Dresdae.
777 3105 975 3143 Distineor
1005 3103 1210 3143 multarum
1232 3106 1460 3155 scriptione3
1492 3106 1648 3155 ignosce
1670 3107 1707 3142 et
1726 3101 1838 3143 Vale.

58 3166 202 3218 Sagani
232 3166 268 3206 d.
301 3163 426 3221 5-s15.
459 3165 572 3206 Febr.
608 3163 730 3204 1630,
