2177 3408
489 168 727 205 Summarium
751 168 935 205 Historiae
959 168 1212 206 Astronomiae
1238 169 1362 206 seculo
1387 170 1483 206 XVI.
1813 173 1895 217 659

240 288 489 327 Ptolemaeus
513 288 746 338 Astrologus
776 289 942 338 rejectus
975 301 1061 328 cum
1092 301 1163 328 suo
1185 289 1331 339 Magno
1355 290 1480 340 Opere
1503 303 1526 329 a
1548 292 1683 341 priscis
1706 291 1896 331 Christia-

98 347 178 393 nis,
211 352 413 396 susceptus
445 352 503 386 est
533 349 572 384 in
604 346 883 386 Sarazenorum
915 348 1107 397 linguam,
1140 350 1206 397 qui
1238 351 1531 397 superstitiones
1569 361 1645 388 non
1677 350 1896 398 horrebant,

97 403 252 442 tandem
286 405 488 455 Alphonso
520 405 800 444 Sarazenorum
841 407 969 444 vicino
1002 407 1178 445 innotuit.
1242 407 1302 444 Ab
1336 407 1401 444 illo
1433 413 1624 458 tempore,
1667 407 1895 447 Ptolemaeo

97 463 135 500 in
166 461 328 501 latinum
359 475 485 510 verso,
518 465 755 502 astronomia
786 463 836 502 ad
868 464 1108 503 Christianos
1139 466 1257 503 venit.
1291 470 1357 508 (Nil
1383 472 1553 510 sequitur.)

234 530 402 575 Longum
427 535 483 565 est
509 540 717 565 enumerare
744 541 887 575 omnes,
920 532 980 575 qui
1013 532 1097 567 huic
1132 531 1386 576 disceptationi
1417 531 1460 566 de
1491 543 1584 567 novo
1612 531 1823 567 Calendario
1858 542 1897 567 se

96 587 372 624 immiscuerunt.
409 588 552 633 Omnes,
579 589 652 624 sive
669 599 690 623 a
708 590 872 634 partibus
892 589 1094 625 catholicae
1127 589 1210 624 fidei
1237 590 1311 624 sive
1337 589 1550 625 lutheranae
1576 594 1765 636 steterunt,
1792 591 1898 626 simili

95 646 234 681 ratione
260 657 335 691 qua
356 647 570 682 Maestlinus
596 652 632 683 et.
658 648 801 683 Clarius
828 649 941 692 magis
967 659 1041 683 rem
1069 648 1112 683 ad
1140 648 1340 684 doctrinam
1367 659 1505 683 sacram
1530 650 1768 693 pertinentem
1795 659 1896 693 spec-

99 705 241 748 tabant,
277 716 384 749 quam
410 717 514 741 usum
540 706 734 741 calendarii
762 706 807 740 ad
834 707 1117 741 consuetudines
1143 706 1238 741 vitae
1265 711 1300 742 et
1325 707 1368 741 ad
1396 708 1663 744 astronomiam.
1714 708 1781 742 Hic
1799 700 1896 751 'quo-

96 772 166 806 que
191 762 369 798 liberioris
390 763 517 807 judicii
542 764 655 798 virum
682 774 720 799 se
744 764 912 808 praebuit
936 764 1125 808 Keplerus,
1152 765 1308 799 suadens
1335 764 1418 799 fidei
1445 775 1531 799 suae
1557 765 1682 809 sociis,
1709 769 1749 800 ut
1773 765 1895 800 calen-

96 819 186 854 darii
209 820 501 856 reformationem
521 821 725 865 acciperent
744 823 815 866 (csr.
836 823 902 857 vol.
920 825 979 858 IV.
996 834 1031 865 p.
1052 825 1070 855 6
1090 821 1146 864 ss.)
1173 826 1208 855 et
1234 822 1441 866 imperatori
1466 824 1559 859 viam
1582 829 1798 869 monstrans,
1826 835 1896 869 qua

97 878 289 913 concordia
315 879 595 914 constitueretur
620 880 714 914 inter
737 885 860 923 partes
886 880 1072 924 oppositas
1098 883 1156 918 (ib.
1184 893 1218 923 p.
1240 885 1281 915 11
1302 885 1371 920 ss).

234 936 288 970 De
316 936 496 979 Clavio,
531 947 636 981 quem
668 947 762 981 papa
789 937 912 972 Sixtus
939 937 982 973 V.
1009 937 1280 973 celeberrimum
1308 939 1398 974 dixit
1430 941 1724 975 mathematicum
1752 941 1822 984 (IV.
1851 944 1895 984 5.)

100 993 217 1028 Fran
230 994 323 1029 cisc
336 1005 386 1030 us
418 995 558 1030 Vieta
583 999 654 1036 (cfr.
680 999 746 1031 vol.
772 999 830 1029 ΙΙΙ.
857 999 951 1035 478.)
986 996 1023 1030 in
1056 996 1220 1031 examine
1252 996 1447 1031 calendarii
1480 998 1691 1040 Gregoriani
1725 998 1795 1033 hoc
1826 998 1896 1032 fert

93 1051 288 1095 judicium:
332 1052 504 1097 optimum
540 1063 621 1087 eum
655 1064 736 1088 esse
767 1053 1105 1089 mathematicorum
1141 1054 1400 1090 elementorum
1434 1056 1666 1100 interpretem
1701 1062 1735 1091 et
1768 1057 1898 1091 eximia

96 1109 271 1145 facilitate
299 1122 351 1155 ea,
378 1110 471 1156 quae
491 1112 535 1146 ab
554 1112 803 1147 inventoribus
830 1113 1018 1148 obscurius
1044 1113 1177 1148 tradita
1196 1114 1277 1156 sint,
1305 1114 1505 1158 explicare3
1532 1119 1704 1157 quantum
1723 1113 1767 1148 ad
1785 1115 1896 1150 scien-

97 1169 196 1213 tiam,
224 1169 385 1204 Clavium
410 1171 461 1205 ita
487 1171 656 1214 scribere,
683 1175 722 1205 ut
749 1171 938 1206 scribendo
967 1174 1058 1214 qu'ae
1085 1172 1220 1207 scribat
1246 1172 1383 1207 discere
1409 1172 1573 1207 videatur
1598 1172 1759 1216 nihilque
1786 1173 1829 1207 de
1847 1174 1898 1206 iu-

99 1228 205 1271 genio
233 1239 298 1263 suo
324 1229 446 1271 addat,
473 1229 536 1264 sed
563 1229 745 1264 exscribat
771 1229 899 1273 omnia,
926 1229 1027 1264 nullo
1047 1240 1178 1274 operae
1198 1231 1325 1274 pretio,
1353 1231 1421 1265 nisi
1447 1231 1543 1275 quod
1570 1231 1722 1274 sparsim
1748 1231 1897 1266 confuse

98 1291 135 1320 et
158 1287 278 1321 minus
304 1287 460 1322 dilucide
487 1287 530 1322 ab
556 1287 635 1322 aliis
662 1287 798 1332 scripta
824 1287 966 1322 ordinet
991 1292 1027 1323 et
1051 1289 1102 1323 ita
1125 1289 1316 1333 perspicue
1336 1293 1526 1334 proponat,
1552 1295 1591 1323 ut
1610 1300 1654 1323 ex
1673 1289 1799 1324 alienis
1818 1300 1898 1333 pro-

95 1343 174 1388 pria
205 1342 348 1380 efficiat.
399 1345 510 1380 Clavii
537 1346 822 1381 Commentarius
853 1347 889 1380 in
918 1346 1159 1390 „Sphaeram“
1187 1347 1338 1382 Joannis
1373 1347 1416 1382 de
1443 1347 1552 1382 Sacro
1578 1348 1695 1382 Bosco
1733 1347 1896 1382 omnibus

98 1413 186 1437 suae
212 1403 359 1448 aetatis,
395 1404 456 1447 qui
489 1404 586 1438 haud
612 1404 717 1448 pauci
744 1409 865 1448 erant,
901 1405 1241 1440 commentatoribus
1276 1405 1382 1448 longe
1414 1408 1577 1449 praestat
1602 1409 1637 1439 et
1662 1415 1727 1449 per
1751 1405 1898 1448 longum

97 1471 272 1496 annorum
298 1463 454 1507 spatium
479 1466 523 1500 ab
550 1463 792 1498 astronomiae
819 1463 990 1498 studiosis
1017 1463 1266 1499 adhibebatur.
1303 1464 1367 1507 (Ab
1394 1474 1478 1495 anno
1507 1466 1596 1496 1570
1622 1465 1662 1494 ad
1682 1466 1770 1496 1618
1796 1465 1898 1495 unde-

101 1525 164 1554 cim
189 1524 384 1564 prodierunt
409 1524 599 1566 editiones)
643 1522 791 1558 Orditur
815 1523 860 1557 ab
879 1522 1066 1557 elementis
1093 1532 1290 1566 eorumque
1315 1530 1502 1556 numerum
1530 1520 1683 1555 eundem
1709 1530 1788 1554 esse
1815 1531 1896 1555 con-

99 1581 225 1625 tendit,
253 1585 341 1624 quot
365 1581 437 1616 sint
461 1581 743 1617 combinationes
771 1581 987 1625 qualitatum
1013 1581 1216 1624 caliditatis,
1243 1580 1465 1625 frigiditatis,
1495 1579 1666 1613 siccitatis
1693 1584 1728 1613 et
1746 1578 1898 1613 humidi-

97 1639 197 1674 tatis.
247 1639 312 1673 Cui
344 1639 584 1684 disquisitioni
610 1640 734 1684 adjicit
766 1641 1014 1683 quaestionem
1045 1639 1089 1674 de
1125 1637 1451 1674 combinationibus
1490 1637 1754 1672 mathematicis
1790 1641 1897 1681 atque

98 1698 242 1733 omnino
268 1698 376 1733 rebus
403 1698 655 1734 diversissimis
683 1698 843 1733 annectit
869 1699 1099 1742 quaestiones
1124 1696 1398 1732 mathematicas
1424 1700 1459 1730 et
1484 1695 1693 1740 historicas3
1719 1707 1750 1729 v.
1771 1706 1800 1731 c,
1828 1695 1899 1730 dis-

97 1766 219 1791 serens
255 1756 299 1791 de
323 1755 441 1801 figura
473 1756 564 1791 coeli
593 1757 750 1792 rotunda
781 1757 933 1800 inquirit
966 1756 1100 1799 figuras
1132 1755 1417 1799 isoperimetras,
1454 1753 1637 1788 Theonem
1671 1758 1707 1787 et
1734 1753 1897 1797 Pappum

98 1818 244 1850 secutus
270 1819 337 1849 etc.
389 1813 602 1858 Cata-logum
627 1814 781 1850 fixarum
807 1825 826 1850 e
854 1814 1052 1859 Copernico
1079 1813 1254 1848 desumsit
1282 1813 1436 1857 Clavins,
1462 1813 1638 1847 rationem
1662 1822 1746 1846 vero
1767 1812 1897 1856 Coper-

97 1872 167 1908 nici
192 1872 236 1907 de
262 1871 395 1907 mundo
421 1871 529 1916 plane
556 1872 684 1919 rejicit,
715 1885 816 1916 „cum
841 1873 964 1908 multis
984 1872 1238 1917 experimentis
1257 1871 1459 1915 refragetur
1484 1875 1519 1905 et
1536 1870 1715 1904 communi
1740 1870 1897 1904 omnium

95 1930 396 1975 philosophorum
421 1931 760 1977 astrologorumque
786 1931 987 1968 sententiae
1008 1959 1014 1967 .
1035 1957 1041 1964 .
1063 1958 1072 1967 .
1093 1959 1099 1966 .
1150 1931 1305 1965 Tantum
1331 1929 1434 1965 abest
1460 1933 1499 1963 ut
1522 1932 1672 1973 propter
1699 1926 1896 1962 doctrinam

43 2016 46 2019 Δ
96 1989 286 2034 Copernici
307 1990 483 2025 tollantur
508 1992 697 2026 eccentrici
722 1996 758 2026 et
776 1991 936 2036 epicycli‚
963 1995 1003 2024 ut
1027 1989 1140 2024 multo
1166 1988 1281 2033 magis
1306 1991 1498 2032 propterea
1526 1984 1681 2030 ponendi
1708 1985 1791 2020 sint.
1840 1984 1896 2018 Id-

96 2049 190 2085 circo
217 2051 416 2086 astronomi
442 2051 510 2087 hos
536 2051 641 2087 orbes
668 2051 930 2095 excogitarunt,
958 2049 1042 2094 quia
1059 2047 1386 2093 deprehenderunt,
1413 2045 1581 2089 planetas
1599 2055 1671 2079 non
1695 2043 1781 2078 ferri
1807 2054 1896 2077 sem-

94 2119 160 2152 per
186 2109 325 2154 aequali
345 2109 515 2145 distantia
534 2120 554 2144 a
573 2110 696 2154 Terra,
724 2109 820 2153 quod
845 2108 1001 2143 libenter
1020 2106 1238 2150 Copernicus
1258 2104 1423 2139 admittit.
1460 2102 1597 2147 Quodsi
1615 2102 1746 2146 positio
1767 2102 1897 2145 Coper-

94 2167 166 2202 nici
189 2168 280 2202 nihil
303 2168 387 2204 falsi
412 2172 448 2203 et
474 2168 620 2203 absurdi
644 2167 856 2211 involveret,
884 2165 1031 2202 dubium
1057 2175 1143 2199 sane
1168 2167 1264 2198 esset
1290 2163 1362 2197 utri
1390 2161 1562 2206 opinioni,
1588 2160 1833 2195 Ptolemaeine
1851 2170 1897 2193 an

96 2224 296 2269 Copernici,
321 2226 443 2270 potius
469 2226 738 2262 adhaerendum
757 2229 871 2268 esset3
899 2223 963 2259 sed
989 2223 1158 2268 quoniam
1175 2221 1290 2256 multa
1315 2220 1471 2255 absurda
1488 2225 1524 2254 et
1542 2229 1691 2254 erronea
1709 2218 1745 2252 in
1765 2218 1896 2261 Coper-

98 2283 169 2319 nici
194 2283 372 2328 positione
400 2283 648 2329 continentur,
685 2288 725 2319 ut
750 2283 846 2327 quod
871 2281 984 2317 Terra
1009 2292 1081 2316 non
1108 2281 1155 2316 sit
1180 2281 1216 2314 in
1240 2279 1357 2315 medio
1385 2280 1610 2314 firmamento
1637 2281 1896 2319 moveaturque

102 2340 236 2385 triplici
259 2346 370 2386 motu,
396 2340 492 2385 quod
518 2352 590 2384 qua
613 2343 753 2378 ratione
777 2341 854 2376 fieri
881 2341 997 2385 possit
1021 2340 1081 2374 vix
1105 2339 1279 2382 intelligo,
1307 2343 1341 2372 et
1368 2336 1465 2381 quod
1484 2336 1545 2371 Sol
1571 2336 1607 2371 in
1633 2338 1756 2370 centro
1775 2332 1898 2368 mundi

98 2405 280 2436 statuatur
312 2402 430 2446 sitque
464 2392 577 2437 omnis
609 2406 727 2437 motus
759 2410 906 2444 expers,
943 2409 1034 2443 quae
1070 2398 1189 2433 omnia
1222 2396 1386 2431 videntur
1417 2395 1460 2429 iis
1498 2404 1589 2438 quae
1623 2403 1745 2428 sacrae
1770 2393 1895 2426 literae

99 2459 229 2494 docent
262 2459 523 2504 contradicere,
563 2459 694 2494 idcirco
739 2457 993 2503 anteponenda
1026 2457 1168 2492 videtur
1203 2455 1322 2500 opinio
1354 2453 1553 2488 Ptolemaei
1589 2452 1673 2486 huic
1708 2448 1896 2494 CopernIci

100 2517 293 2562 opinioni.“
343 2517 426 2552 Alio
451 2516 530 2552 loco
557 2517 642 2552 dicit
670 2517 831 2552 Clavius:
859 2517 888 2551 si
915 2516 1065 2560 dicatur,
1092 2514 1239 2550 Terram
1264 2512 1411 2554 moveri,
1439 2509 1737 2555 quemadmodum
1765 2508 1894 2551 Coper-

96 2575 198 2610 nicus
224 2574 321 2618 dicit,
344 2578 597 2619 praeterquam
623 2574 719 2619 quod
743 2575 779 2609 in
806 2574 931 2610 eadem
948 2573 1173 2609 incommoda
1191 2572 1445 2614 relaberemur,
1473 2569 1644 2613 sequitur,
1671 2566 1832 2610 quotidie
1858 2565 1893 2599 in

34 2636 37 2671 ἓ
96 2644 169 2669 una
192 2632 389 2676 eademque
415 2633 559 2667 civitate
585 2632 811 2667 altitudinem
836 2632 911 2676 poli
935 2632 1069 2667 variam
1095 2632 1268 2674 existere,
1303 2628 1400 2673 quod
1424 2627 1555 2661 falsum
1582 2630 1645 2660 est.
1697 2623 1894 2659 Concluda-

0 2718 4 2731 ι
98 2701 178 2726 mus
202 2690 311 2735 igitur
335 2700 416 2724 cum
442 2690 621 2725 communi
646 2694 935 2725 astronomorum
961 2695 996 2725 et
1013 2688 1313 2734 philosophorum
1333 2685 1522 2729 sententia,
1550 2684 1696 2718 Terram
1716 2692 1795 2717 esse
1819 2692 1893 2715 om-

3 2773 10 2779 .
98 2749 154 2783 nis
179 2752 298 2783 motus
323 2746 450 2783 localis
475 2753 670 2791 expertem,
697 2748 816 2782 coelos
835 2752 955 2783 autem
981 2748 1082 2792 ipsos
1108 2746 1203 2782 circa
1230 2744 1346 2788 ipsam
1371 2743 1539 2778 continue
1565 2740 1768 2783 circumagi,
1794 2749 1894 2783 prae-

102 2806 225 2841 sertim
251 2806 336 2850 quia
361 2805 432 2840 hoc
457 2815 628 2840 concesso
661 2804 774 2839 multo
800 2804 941 2840 facilius
974 2805 1093 2840 omnia
1122 2804 1372 2848 phaenomena
1406 2800 1649 2834 defenduntur
1681 2796 1891 2842 nullumque

6 2889 14 2896 .
40 2870 41 2874 ¹
98 2862 352 2898 inconveniens
377 2862 460 2897 inde
478 2862 720 2905 consequitur.
740 2882 782 2887 —
800 2863 1032 2898 Eccentricos
1060 2866 1095 2896 et
1113 2860 1292 2905 epicyclos
1310 2857 1533 2893 necessarios
1552 2866 1630 2890 esse
1649 2855 1733 2890 dicit
1751 2855 1892 2890 Clavius

101 2921 146 2956 ad
172 2921 404 2966 explicandas
437 2920 683 2965 apparitiones
714 2920 751 2954 in
777 2919 894 2964 coelo,
931 2920 994 2955 sed
1027 2930 1107 2955 esse
1133 2918 1275 2953 omnino
1302 2914 1447 2950 fictitios
1485 2918 1541 2955 „et
1564 2918 1716 2957 possunt
1741 2912 1894 2948 fortasse

102 2989 224 3015 omnes
247 2979 331 3014 illae
357 2979 592 3023 apparentiae
616 2977 856 3014 commodiore
883 2977 938 3011 via
971 2975 1131 3020 defendi,
1169 2974 1254 3009 licet
1278 2984 1320 3008 ea
1344 2972 1447 3007 nobis
1474 2972 1590 3007 adhuc
1616 2971 1662 3006 sit
1685 2972 1828 3015 ignota;
1862 2970 1892 3005 si

2 3017 19 3078 ᾗε
43 3036 45 3074 ζ
104 3038 378 3074 commodiorem
401 3037 535 3072 habent
558 3036 651 3071 viam
669 3035 865 3071 adversarii
882 3033 990 3078 huJus
1009 3033 1171 3075 rationis,
1197 3031 1392 3067 exhibeant
1416 3030 1513 3065 illam
1539 3029 1644 3065 nobis
1662 3029 1893 3072 contentique

7 3104 22 3128 ’-
46 3138 47 3142 Ἰ
103 3098 235 3133 erimus
261 3102 297 3133 et
320 3096 393 3132 illis
417 3105 565 3141 magnas
590 3104 736 3139 agemus
761 3093 906 3138 gratias.
944 3091 1007 3128 Sin
1031 3095 1151 3127 autem
1176 3090 1246 3126 hoc
1271 3099 1343 3125 non
1359 3092 1523 3134 possunt,
1550 3091 1646 3122 certe
1665 3086 1892 3131 acquiescere

1542 3144 1615 3181 43*
