2126 3388
244 170 330 215 710
917 171 1001 207 Vita
1025 170 1177 207 Joannis
1204 170 1365 216 Kepieri.

383 285 653 329 Zehentmaj
668 295 773 321 erus
805 287 912 321 etiam
936 286 1005 322 hoc
1030 297 1123 321 anno
1148 287 1285 331 pluries
1311 298 1393 322 cum
1416 288 1573 333 Keplero
1599 299 1664 333 per
1687 288 1809 325 literas
1834 289 2035 325 collocutus

244 348 308 380 est.
350 345 418 379 Die
445 344 474 378 2.
491 343 625 388 Aprilis
650 345 801 378 remittit
826 346 1031 381 cantionem
1048 345 1206 391 Kepleri,
1234 345 1318 390 quia
1343 344 1463 389 aliqua
1488 347 1622 392 desint,
1653 347 1816 390 „mallem
1840 352 1881 383 ut
1907 352 2036 383 cuncta

243 407 364 437 essent
380 402 530 445 integra,
549 411 711 435 curarem
730 403 824 436 enim
842 402 1086 448 describenda,
1104 402 1218 438 multa
1235 409 1320 438 sunt
1336 405 1373 439 in
1391 415 1434 439 ea
1451 410 1579 441 notatu
1593 406 1736 451 digna“.
1755 408 1822 442 Die
1835 408 1890 443 20.
1903 406 2036 451 Aprilis

243 464 393 494 excusat
419 469 468 501 se,
496 459 592 502 quod
618 469 639 493 a
663 460 820 504 Keplero
847 461 893 495 ad
920 471 1068 495 coenam
1092 460 1263 496 invitatus
1287 473 1360 498 non
1385 465 1635 509 comparuerit,
1663 475 1682 499 e
1699 476 1771 508 qua
1796 465 2038 508 excusatione,

243 517 336 551 sicut
363 515 468 549 etiam
496 526 514 549 e
540 515 654 550 literis
683 516 717 552 d.
745 517 801 552 26.
827 517 913 561 Apr,
940 522 975 552 et
992 518 1091 561 Maio
1118 520 1421 562 subsequentibus
1447 522 1733 557 concludendum
1759 527 1824 566 est,
1850 534 1920 566 quo
1941 527 2038 557 statu

241 573 373 608 fuerint
404 573 465 607 1110
495 578 657 617 tempore
695 574 808 609 Gratii
841 586 897 610 res
928 576 1229 612 Lutheranorum.
1289 579 1397 620 „Cum
1429 579 1516 614 hora
1546 581 1652 615 tertia
1684 581 1859 623 Krugium
1892 581 2036 625 adirem,

240 631 300 665 ille
326 641 344 665 e
369 631 519 675 vestigio
546 631 654 666 aedes
681 632 849 677 occludit,
875 633 985 678 pallio
1013 638 1048 668 et
1074 633 1192 678 gladio
1219 646 1274 669 me
1299 641 1423 678 armat,
1449 647 1514 672 nec
1538 638 1636 681 prius
1662 638 1731 671 nisi
1755 638 1941 682 ingruente
1963 638 2038 681 jam

245 688 458 732 crepusculo
485 688 627 723 dimisit.
679 691 797 734 Atque
824 692 892 727 hae
916 693 1056 726 ratione
1082 703 1103 727 a
1126 698 1189 727 tua
1215 699 1251 727 et
1276 693 1426 729 aliorum
1451 696 1722 731 conversatione
1752 696 1920 731 exclusus
1946 706 2037 732 sum.

241 746 307 780 Die
333 746 393 782 26.
412 748 498 791 Apr.
527 747 654 792 refert,
681 750 843 792 proxime
869 761 907 785 se
933 762 1012 786 0001
1040 756 1258 795 „generoso“
1287 753 1331 787 ad
1356 759 1569 789 conventum
1597 754 1770 788 indictum
1798 753 1959 788 Gratium
1983 765 2038 789 re-

239 815 466 848 gressurum,
493 806 594 840 illum
619 817 701 841 vero
729 807 909 852 dubitare,
937 819 1015 843 cum
1041 810 1194 853 nesciat,
1223 811 1307 854 quid
1332 813 1527 855 praeterita
1552 813 1751 857 septimana
1776 816 1896 847 actum
1921 812 2038 847 fuerit.

243 884 280 889 —
317 864 549 900 Nativitatem
585 865 881 911 ZehentmaJerus
921 867 1057 912 expetit
1093 868 1159 902 filii
1199 870 1465 915 Herbeistenii,
1513 870 1693 905 dominum
1736 880 1839 905 suum
1879 880 1952 904 11011
1987 869 2037 903 in-

239 925 380 965 gratum
406 922 579 959 futurum.
621 924 688 958 Die
712 924 768 960 24.
796 925 885 969 Maji
910 926 1068 961 nondum
1092 932 1239 961 venerat
1270 927 1566 971 Zehentmajerus
1601 928 1774 971 Grafium,
1803 928 1908 972 „quia
1933 938 2038 972 gene-

239 990 344 1014 rosus
369 990 470 1015 meus
496 981 730 1025 praepeditus
757 983 852 1018 curis
879 983 1083 1019 domesticis
1110 989 1145 1019 et
1168 985 1286 1020 causis
1310 986 1387 1021 aliis
1413 987 1539 1021 maluit
1565 987 1660 1021 domi
1678 986 1903 1030 delitescere,
1930 996 2036 1030 quam

240 1038 276 1072 in
302 1038 406 1073 seriis
431 1039 616 1083 religionis
645 1039 980 1083 deliberationibus,
1015 1053 1107 1086 quae
1132 1043 1294 1087 periculo
1320 1044 1378 1078 vix
1404 1049 1546 1089 carent,
1573 1044 1702 1080 ceteris
1728 1045 1832 1080 etiam
1861 1044 2038 1079 calculum

242 1095 387 1130 addere.
436 1096 674 1140 Praepeditus
702 1109 780 1133 sum
805 1099 912 1134 variis
940 1101 1257 1145 occupationibus,
1291 1107 1331 1137 ut
1356 1102 1470 1137 literis
1496 1103 1567 1138 tuis
1593 1102 1790 1137 rescribere
1815 1113 1888 1137 non
1912 1106 2038 1146 potue-

242 1153 308 1188 rim
327 1157 361 1187 et
386 1153 495 1187 animi
513 1164 619 1190 sensa
639 1166 818 1200 exponere
838 1158 880 1193 de
899 1157 1108 1193 doctissima
1125 1164 1188 1193 tua
1207 1159 1459 1194 dissertatione
1485 1160 1507 1194 d
1520 1171 1538 1194 e
1563 1171 1715 1204 magne
1728 1165 1788 1204 te,
1815 1165 1859 1196 et
1885 1160 2037 1194 altera

240 1212 292 1246 de
319 1213 561 1256 sapientia
589 1214 743 1248 divina
769 1215 813 1249 in
847 1216 1088 1250 creatione
1113 1217 1292 1261 mundi,
1326 1222 1362 1251 et
1395 1219 1550 1253 causis
1579 1218 1878 1263 obliquitatis
1903 1219 1947 1253 in
1971 1229 2037 1252 zo-

241 1269 389 1304 diaco.
425 1271 525 1314 Quae
544 1273 707 1315 sequitur
725 1273 878 1317 epistola
895 1273 978 1308 data
1003 1279 1058 1309 est
1083 1274 1139 1309 die
1159 1275 1210 1310 12.
1229 1275 1338 1317 Junii,
1366 1286 1411 1310 ex
1432 1287 1503 1320 qua
1529 1286 1570 1311 ea
1588 1276 1845 1320 excerpsimus,
1872 1286 1890 1309 e
1908 1275 2036 1320 quibus

237 1329 323 1373 quid
348 1328 500 1364 voluerit
517 1330 696 1375 Keplerus
722 1331 778 1366 his
808 1331 1164 1373 „dissertationibus“
1186 1332 1445 1376 quadamtenus
1470 1334 1671 1379 apparebit.
1705 1334 1804 1368 Haec
1821 1333 1929 1376 igitur
1953 1336 2037 1367 sunt

236 1387 344 1423 verba
368 1388 649 1432 Zebentmajeri:
679 1389 830 1431 „Ordior
856 1390 898 1424 ab
925 1390 984 1424 illa
1010 1390 1204 1435 sententia,
1237 1401 1345 1434 quam
1370 1393 1580 1437 colophonis
1605 1393 1683 1428 1000
1709 1393 1892 1437 adjecisti,
1918 1393 2035 1427 Deum

234 1446 398 1482 nimirum
415 1447 451 1482 in
471 1448 618 1483 conditu
636 1449 757 1483 mundi
777 1460 856 1484 eum
874 1450 1018 1485 modum
1034 1451 1223 1495 invenisse,
1249 1452 1310 1495 qui
1327 1451 1457 1486 rationi
1476 1452 1653 1486 humanae
1671 1450 1814 1484 omnino
1833 1450 2034 1485 conveniat.

238 1505 334 1539 Dum
358 1505 451 1540 enim
469 1506 607 1550 priores
626 1511 700 1541 tres
718 1508 854 1551 modos,
882 1519 971 1552 quos
998 1509 1122 1544 ordine
1147 1519 1324 1553 recenses,
1349 1513 1498 1553 propter
1519 1509 1616 1544 varia
1634 1508 1868 1550 incommoda,
1894 1512 1934 1542 ut
1952 1512 2048 1543 sunt*

237 1564 335 1598 nimii
362 1569 484 1599 aestus
512 1570 548 1600 et
572 1565 716 1610 frigora,
742 1572 920 1611 perpetua
944 1568 1027 1603 item
1054 1568 1255 1612 aequalitas
1282 1568 1417 1603 dierum
1444 1574 1479 1602 et
1504 1568 1675 1611 noctium,
1703 1565 1763 1601 Sol
1782 1565 1947 1600 dimidius
1973 1576 2034 1610 ap-

235 1631 365 1666 parens
392 1622 487 1657 circa
511 1623 627 1668 polos,
654 1624 753 1658 Deus
779 1625 996 1669 repudiavit,
1024 1631 1190 1670 quartum
1216 1627 1347 1660 rationi
1374 1631 1408 1660 et
1434 1626 1622 1659 universae
1647 1628 1798 1658 naturae
1824 1623 2034 1658 convenien-

236 1680 415 1714 tissimum
441 1681 631 1725 amplexus
657 1685 722 1726 est,
749 1693 818 1725 quo
846 1683 906 1717 Sol
932 1695 1002 1717 non
1030 1693 1094 1727 per
1119 1689 1234 1719 totum
1259 1684 1315 1718 vel
1343 1683 1527 1719 dimidium
1554 1683 1801 1727 quadrantem,
1827 1688 1888 1717 aut
1911 1682 2034 1717 immo-

234 1737 315 1772 bilis
344 1738 485 1772 omnino
505 1739 594 1773 nihil
611 1739 655 1773 ab
675 1745 870 1782 aequatore
889 1740 1056 1785 deflectit,
1085 1753 1235 1785 quorum
1253 1753 1363 1776 unum
1381 1741 1580 1777 secundum
1598 1746 1672 1775 tres
1688 1741 1826 1784 priores
1845 1741 2035 1785 oportebat

233 1795 321 1841 fieri,
349 1796 412 1832 sed
438 1798 483 1832 ad
509 1803 674 1841 quartam
698 1798 908 1842 quadrantis
934 1804 1070 1843 partem
1099 1801 1179 1844 (22⁰
1205 1802 1281 1844 30¹2)
1307 1800 1466 1835 inclinat.
1509 1800 1576 1834 Hic
1599 1799 1727 1833 modus
1752 1798 1889 1833 inducit
1906 1800 2034 1843 trigam

234 1865 417 1900 excessus,
444 1855 551 1890 medii
570 1860 604 1890 et
622 1856 798 1898 defectus,
828 1857 1014 1892 constituit
1030 1858 1122 1893 inter
1140 1859 1315 1893 torridum
1342 1865 1377 1892 et
1395 1857 1563 1902 frigidum
1581 1861 1741 1891 extrema
1765 1856 1921 1891 medium
1946 1862 2033 1891 tem-

236 1918 413 1958 peratum,
440 1914 604 1958 perbelle
631 1915 796 1949 convenit
822 1926 901 1950 cuni
927 1915 1021 1960 polis
1046 1916 1168 1950 mundi
1195 1922 1230 1951 et
1254 1916 1439 1959 magnetis,
1467 1915 1528 1959 qui
1551 1915 1700 1950 invicem
1718 1915 1780 1949 23⁰
1796 1916 1852 1950 28¹
1879 1915 2031 1960 distant3

233 1971 284 2005 ita
310 1971 463 2017 quidem,
491 1977 531 2007 ut
549 1979 723 2017 punctum
749 1973 840 2008 illud
859 1973 1006 2018 Terrae,
1033 1985 1054 2008 a
1079 1985 1148 2018 quo
1170 1974 1310 2009 initium
1329 1978 1534 2009 sumserunt
1558 1973 1711 2017 reliqua,
1737 1973 1898 2018 praecise
1922 1973 2034 2018 respi-

236 2028 307 2063 ciat
331 2029 469 2065 zodiaci
499 2031 622 2075 polum
657 2036 692 2066 et
718 2032 993 2067 declinationem
1019 2032 1111 2067 Solis
1136 2033 1173 2067 10
1199 2032 1414 2076 quadrante,
1448 2036 1488 2066 ut
1522 2031 1820 2075 quemadmodum
1854 2031 1913 2067 hic
1937 2031 2034 2067 ultra.

236 2085 300 2120 22⁰
325 2086 381 2122 30¹
408 2088 454 2122 ab
480 2094 676 2132 aequatore
701 2101 885 2134 nunquam
905 2090 1072 2125 deflectat
1090 2096 1125 2124 et
1143 2091 1363 2134 tropicorum
1386 2090 1518 2125 limites
1544 2089 1763 2133 egrediatur,
1789 2090 1839 2124 sic
1856 2091 2034 2135 magnetis

235 2145 365 2189 polus,
402 2151 527 2192 utpote
552 2159 635 2192 pars
662 2148 794 2183 Terrae
820 2148 983 2193 perfecta
1009 2154 1044 2183 01
1068 2148 1282 2193 principium
1307 2148 1420 2191 globi,
1446 2147 1490 2182 ab
1516 2158 1583 2182 axe
1609 2157 1674 2183 seu
1698 2148 1781 2192 polo
1806 2153 1924 2183 motus
1950 2160 2036 2193 quo-

236 2203 364 2239 tidiani
390 2205 540 2240 eandem
566 2207 771 2242 distantiam
797 2207 971 2241 obtineat.
1010 2207 1058 2241 Et
1085 2212 1123 2240 ut
1148 2208 1238 2242 haec
1256 2206 1460 2241 conditricis
1487 2206 1684 2250 sapientiae
1709 2206 1860 2250 vestigia
1876 2206 2032 2242 humano

237 2263 357 2306 captui
374 2263 477 2298 valde
493 2269 577 2299 sunt
591 2264 831 2308 accommoda,
844 2264 895 2299 sic
913 2264 942 2299 si
964 2264 1149 2308 speciatim
1166 2265 1208 2299 de
1228 2269 1377 2299 naturae
1397 2263 1518 2307 aliqua
1533 2268 1636 2308 parte
1655 2264 1850 2308 suscipitur
1869 2264 2034 2309 disquisi—

236 2320 297 2364 tio,
323 2321 473 2357 rationis
492 2322 665 2358 beneficio
683 2333 806 2357 verum
824 2322 927 2357 facile
954 2323 1029 2357 erui
1047 2322 1270 2366 etjudicium
1294 2322 1409 2356 minus
1435 2321 1548 2356 fallax
1574 2322 1664 2356 sumi
1689 2327 1822 2365 potest.
1855 2323 1964 2367 Cujus
1981 2324 2032 2358 rei

237 2389 317 2413 cum
334 2379 473 2414 infinita
491 2380 561 2415 sint
579 2380 753 2425 exempla,
771 2385 847 2416 tum
864 2391 1035 2425 praesens
1057 2381 1099 2415 de
1117 2384 1282 2424 magnete
1300 2381 1363 2414 abs
1381 2384 1416 2414 te
1433 2380 1658 2424 propositum
1676 2381 1745 2415 hoc
1763 2381 1871 2416 etiam
1889 2382 2031 2416 convin-

237 2438 296 2482 cit,
324 2438 367 2474 de
386 2439 488 2483 cujus
513 2439 671 2484 materia,
697 2440 731 2473 vi
757 2443 792 2473 et
819 2439 891 2473 situ
915 2450 995 2473 cum
1013 2449 1135 2473 omnes
1160 2438 1459 2482 philosophorum
1482 2437 1563 2473 libri
1589 2439 1763 2473 hactenus
1794 2440 1972 2475 tacuerint
1997 2446 2032 2476 et

236 2507 339 2531 nemo
355 2508 512 2542 unquam
529 2498 598 2532 hoc
614 2497 822 2542 mysterium
848 2496 893 2531 ad
910 2496 1139 2540 physicorum
1157 2496 1412 2540 principiorum
1429 2497 1598 2531 trutinam
1624 2497 1828 2541 appendere
1845 2499 1890 2533 sit
1909 2510 2030 2543 ausus,

236 2558 356 2589 tamen
375 2565 416 2590 eo
435 2555 585 2600 porrigit
601 2555 746 2590 tandem
764 2555 942 2589 humanae
960 2554 1089 2589 mentis
1115 2555 1209 2589 acies
1235 2559 1271 2589 et
1295 2554 1454 2597 diligenti
1471 2554 1595 2589 habita
1612 2555 1843 2599 inquisitione
1869 2556 2031 2592 discussa

238 2618 293 2648 est
310 2614 424 2648 omnis
441 2614 653 2649 obscuritas.
680 2614 738 2648 Ex
755 2613 810 2648 his
827 2613 975 2648 firmiter
992 2613 1119 2656 arguit,
1137 2612 1277 2648 divinae
1301 2613 1449 2647 rationis
1467 2613 1599 2647 rivulos
1624 2613 1661 2646 in
1677 2613 1780 2648 nobis
1798 2624 1819 2647 a
1835 2614 1934 2649 fonte
1950 2615 2030 2659 ipso

238 2670 382 2706 minime
399 2671 582 2716 dissidere,
607 2671 660 2706 uti
676 2671 815 2716 prolixe
834 2672 870 2706 in
888 2670 1012 2713 literis,
1039 2671 1225 2706 occasione
1242 2674 1361 2705 motae
1387 2671 1604 2714 quaestionis
1624 2672 1667 2706 de
1684 2676 1861 2716 magnete,
1887 2673 2029 2708 demon-

241 2731 362 2766 strasti
367 2756 494 2768 .....
543 2731 648 2776 Quod
678 2732 784 2776 polus
820 2730 998 2775 magnetis
1031 2741 1052 2765 3
1076 2729 1160 2774 polo
1194 2729 1316 2765 mundi
1346 2729 1408 2764 230
1438 2729 1493 2764 23²
1520 2730 1627 2764 distet
1668 2740 1712 2764 ex
1743 2731 1923 2775 primaevo
1957 2732 2028 2766 situ

240 2788 384 2834 Terrae,
409 2800 482 2824 non
506 2789 645 2825 levibus
670 2790 848 2825 rationum
865 2788 1054 2825 momentis
1079 2787 1165 2822 mihi
1189 2788 1287 2822 visus
1313 2798 1350 2822 es
1377 2787 1586 2832 approbare,
1613 2798 1816 2832 quanquam
1841 2799 1883 2823 ex
1909 2794 2028 2833 poste—

245 2846 398 2882 rioribus
423 2847 535 2882 literis
560 2848 733 2892 intellexi,
759 2852 796 2883 te
820 2848 914 2883 hanc
931 2846 1143 2882 sententiam
1163 2851 1333 2890 mutasse,
1360 2856 1401 2880 eo
1429 2846 1522 2890 quod
1548 2846 1584 2880 in
1601 2851 1765 2889 magnete
1789 2857 1903 2890 aquae
1928 2848 2026 2882 inna-

242 2906 342 2938 tante
367 2904 426 2939 vix
452 2906 490 2939 7⁰
517 2905 791 2941 declinationem
809 2906 1067 2942 observaveris.
1102 2905 1172 2942 Sed
1197 2906 1281 2951 quia
1305 2905 1440 2940 nullam
1465 2904 1581 2940 adbuc
1607 2905 1736 2940 dedisti
1759 2905 1866 2949 hujus
1893 2907 2027 2941 distan-

242 2962 313 2996 tiae
339 2973 493 3005 causam,
518 2963 602 2999 inde
628 2964 803 3009 suspicor,
829 2969 866 3000 te
883 2975 1010 3000 novam
1026 2964 1120 3000 hanc
1138 2964 1340 3009 opinionem
1358 2963 1516 2998 nondum
1535 2964 1676 2997 omnino
1694 2963 1872 3007 amplecti.
1912 2964 2024 2999 Porro

245 3023 280 3055 et
305 3020 454 3056 alterum
480 3022 523 3057 de
547 3023 583 3057 vi
605 3023 777 3059 tractoria
801 3023 888 3058 mihi
918 3024 1129 3068 persuaderi
1158 3034 1289 3069 passus
1321 3033 1416 3066 sum3
1454 3020 1536 3067 quia
1568 3030 1696 3064 nempe
1731 3020 1912 3064 quaelibet
1941 3032 2025 3066 pars

244 3078 377 3113 Terrae
409 3080 568 3124 perfecte
597 3086 738 3126 repetat
769 3081 983 3127 principium
1008 3085 1043 3118 et
1068 3082 1176 3117 situm
1200 3082 1311 3117 totius
1337 3081 1489 3123 Terrae,
1523 3079 1618 3114 haud
1642 3088 1746 3114 secus
1770 3084 1811 3114 ut
1834 3081 1955 3123 gravia
1979 3080 2025 3116 ad

245 3139 407 3174 centrum
430 3137 606 3176 feruntur.
650 3139 738 3175 Cum
754 3150 901 3186 magnes
925 3140 1140 3186 principium
1162 3148 1302 3175 massae
1325 3142 1489 3175 terrenae
1507 3137 1746 3174 constituatur
1770 3142 1806 3174 et
1823 3139 2026 3176 elaboratae
