2126 3388
960 182 1058 220 1629.
1817 185 1901 230 913

235 299 380 351 Specta
419 300 603 340 festivum
640 300 834 341 scribendi
874 313 1020 351 genus3
1064 302 1232 352 epistola
1272 313 1350 341 non
1382 307 1424 341 ut
1456 303 1792 354 veteresgcerata,
1835 306 1902 345 sed

96 359 213 410 plane
242 359 448 409 plumbea,
492 371 609 410 quam
649 362 746 398 meis
788 361 967 398 manibus
1010 361 1215 400 collectam
1247 360 1484 400 Goerlicium
1514 364 1602 401 misi
1633 363 1683 402 ad
1713 364 1901 414 proelum.

98 418 196 456 Eam
227 418 369 456 lectam
401 430 496 468 rogo
527 419 649 457 literis
683 418 794 457 Remi
821 419 988 468 Jungas,
1027 431 1103 457 non
1144 422 1289 458 omissa
1327 422 1464 459 intima
1502 424 1658 471 pagina.
1720 423 1769 461 Et
1799 423 1902 471 vale,

97 476 183 515 Deo
217 476 523 516 commendatus.
555 499 612 504 -
642 476 799 515 Dabam
829 476 977 526 Sagani
1014 478 1202 527 postridie
1235 477 1317 517 Cal.
1349 478 1466 518 Mart.
1501 478 1616 530 Greg.
1650 482 1741 519 anni
1777 485 1901 520 1629.

234 535 496 584 Keplerus
526 535 796 584 Berneggeroz
830 535 869 573 S.
893 535 938 573 P.
961 535 1010 573 D.
1046 536 1268 574 Clarissime
1301 539 1534 576 amicissime
1566 541 1636 576 vir.
1689 538 1903 578 Gdrlicium

96 593 186 632 veni
210 597 230 631 7
254 594 485 632 milliaribus
507 593 663 643 Sagano
695 593 884 643 epistolae
915 605 1026 633 meae
1049 606 1178 643 causa,
1212 607 1327 644 quam
1348 595 1602 634 Rhambanus
1634 598 1902 648 typographus

97 657 135 690 et
176 657 306 690 custos
350 652 524 701 neglexit
563 653 715 689 mittere
754 651 928 701 Lipsiam
970 658 1007 691 et
1047 652 1365 701 Francofurtum,
1408 659 1446 691 et
1481 654 1729 704 „sportulae“
1770 668 1902 705 causa,

101 722 218 760 quarn
251 711 432 748 manibus
463 711 559 747 meis
592 709 796 748 collectam
828 709 974 759 Sagani
1005 712 1131 748 renuit
1163 712 1379 760 imprimere
1411 718 1500 750 ante
1534 717 1556 751 3
1590 716 1841 763 septimanas.

240 768 344 806 Dum
377 768 439 806 hic
471 780 568 815 sum,
601 767 732 806 literas
764 769 914 817 accipio
936 780 1121 817 meorum,
1155 770 1298 818 quibus
1319 774 1387 807 tua
1418 771 1455 806 in
1478 770 1596 809 filiam
1627 784 1753 811 meam
1774 774 1903 811 muni-

101 826 255 865 ficentia
287 826 596 874 commendatur,
630 827 786 864 omnino
819 837 904 864 cum
936 826 1096 875 querela
1127 828 1318 877 inopinati
1351 833 1388 866 et
1419 830 1660 878 poenitentia
1691 833 1903 880 petitionis.

94 885 177 935 Ego
210 890 252 923 ut
293 886 363 923 tibi
405 886 550 934 gratias
592 895 707 934 agam
750 895 848 922 onus
889 883 993 923 aliud
1036 886 1213 934 impono:
1258 887 1311 923 sis
1352 886 1456 925 filiae
1499 889 1737 928 maritandae
1779 896 1901 939 pater.

94 943 235 982 Scribit
266 943 315 982 ad
347 955 407 981 me
439 954 547 980 soror
568 942 614 981 de
635 942 786 981 medico
809 942 1103 981 Kirchhemensi
1127 943 1286 991 Renzio,
1322 944 1461 993 viduo3
1497 946 1613 984 vellet
1644 947 1747 986 hunc
1776 948 1903 999 legere

94 1001 262 1041 affinem.
321 1002 374 1039 At
404 1003 536 1052 inepta
567 1006 625 1039 est
655 1002 832 1051 pronuba
863 1007 901 1039 et
931 1003 1112 1051 propinat
1142 1001 1244 1040 filiae
1276 1014 1385 1041 meae
1417 1003 1672 1043 deridiculum
1704 1018 1791 1044 cum
1822 1009 1903 1045 suis

94 1062 323 1112 praeconiis.
378 1060 461 1108 Ego
502 1058 763 1098 conditionem
808 1059 949 1106 laudo,
992 1059 1095 1098 filiae
1138 1072 1248 1099 meae
1289 1061 1404 1099 faveo
1445 1061 1664 1112 vellemque
1702 1065 1902 1114 adjutam3

94 1124 135 1157 at
165 1117 257 1169 quid
288 1130 446 1169 possum
479 1118 633 1165 absens,
666 1119 844 1167 ignorata
875 1118 1077 1156 voluntate
1105 1118 1324 1169 personae?
1374 1120 1423 1157 Et
1444 1125 1595 1171 tempus
1622 1122 1705 1171 jam
1729 1123 1903 1174 elapsum

94 1182 202 1228 puto.
264 1177 310 1215 Id
341 1178 373 1214 si
406 1181 481 1224 est,
514 1176 629 1214 aliam
663 1188 751 1214 ecce
784 1176 1067 1224 conditionem,
1111 1178 1143 1214 si
1180 1183 1221 1215 tu
1262 1189 1346 1215 eam
1382 1178 1616 1218 laudaveris.
1677 1181 1749 1219 Ille
1783 1184 1903 1229 (Bart-

93 1237 234 1280 schius)
267 1246 376 1273 meus
407 1236 578 1282 vicinus,
622 1235 773 1284 collega
805 1234 957 1282 calculi,
991 1235 1145 1273 coelebs
1189 1235 1316 1273 adhuc
1358 1241 1416 1274 est
1452 1240 1728 1289 suspensisque
1773 1241 1904 1277 consi-

96 1291 159 1331 liis
200 1293 498 1332 connubialibus
537 1293 821 1343 contemplatur
861 1298 1042 1331 eventum
1073 1294 1356 1332 reformationis
1394 1296 1432 1332 in
1464 1292 1641 1335 Lusatia.
1702 1297 1904 1336 Periculo-

95 1351 270 1390 sissimus
303 1357 361 1391 est
391 1357 516 1390 status
549 1350 830 1402 provinciolae,
878 1351 1033 1390 Saxone
1066 1351 1328 1391 defensionem
1360 1354 1508 1391 eminus
1541 1356 1742 1394 minitante
1775 1358 1904 1407 potius

96 1421 213 1459 quam
244 1415 424 1462 parante,
458 1410 649 1460 siquidem
680 1409 746 1448 ille
778 1410 940 1458 viribus,
973 1415 1016 1448 ut
1045 1415 1170 1448 metus
1204 1415 1282 1458 est,
1315 1412 1555 1450 succumbat.
1615 1413 1748 1463 Rogo,
1789 1426 1904 1464 quem

95 1472 137 1506 tu
176 1468 284 1506 illum
317 1474 496 1519 expertus
531 1469 801 1518 Argentorati,
835 1469 976 1517 quibus
1007 1469 1196 1516 moribus,
1229 1470 1422 1508 sumtibus
1455 1472 1570 1519 vixit,
1604 1483 1705 1521 quae
1736 1484 1825 1523 spes
1858 1473 1904 1511 de

96 1537 166 1578 spe
197 1528 281 1577 eJus
321 1526 367 1565 de
399 1527 675 1577 Argentinensi
714 1527 955 1576 professione
986 1528 1024 1563 in
1057 1532 1239 1566 eventum
1282 1529 1479 1566 sinistrum
1522 1529 1738 1568 Lusatiae‘?
1798 1530 1904 1569 Male

94 1597 156 1624 me
185 1586 304 1625 habet
334 1597 465 1633 unum,
498 1585 603 1634 quod
634 1585 844 1624 anchoram
876 1585 1092 1623 studiorum
1123 1587 1161 1622 in
1194 1586 1407 1636 astrologia
1438 1587 1541 1636 figit,
1581 1589 1812 1627 medicinam
1843 1591 1904 1626 in-

95 1655 210 1695 super
240 1644 369 1682 habet.
415 1643 455 1682 Si
487 1644 582 1681 talia
612 1645 778 1682 scribere
808 1649 920 1694 potes
952 1643 1001 1682 ad
1022 1655 1095 1692 me,
1129 1645 1262 1694 qualia
1293 1645 1374 1695 ipse
1397 1646 1642 1684 satisfactura
1662 1647 1756 1684 mihi
1776 1654 1903 1698 putas,

94 1713 204 1752 rogo,
236 1703 361 1741 scribe
393 1702 441 1740 ad
474 1703 626 1753 ipsum:
658 1704 825 1752 primum
857 1706 1011 1752 negato,
1051 1702 1268 1740 consultum
1301 1703 1455 1752 abJecta
1486 1704 1676 1743 medicina
1708 1707 1745 1742 in
1778 1706 1904 1744 solam

95 1761 287 1800 mathesin
327 1761 569 1809 recumbere,
612 1760 750 1799 deinde
793 1772 901 1811 spem
933 1760 988 1797 illi
1030 1760 1166 1808 facito,
1209 1762 1290 1799 fore
1323 1768 1364 1799 ut
1395 1774 1481 1800 meo
1523 1764 1705 1813 suffragio
1746 1764 1904 1814 adjutus

94 1819 331 1869 Argentinae
373 1820 410 1856 in
454 1824 635 1857 eventum
669 1818 869 1857 commode
908 1818 1047 1868 degere
1079 1820 1220 1870 possit3
1262 1824 1344 1857 tum
1376 1820 1496 1868 adde,
1536 1823 1629 1870 quin
1665 1822 1730 1860 ille
1762 1824 1902 1873 potius,

96 1878 200 1927 quod
233 1883 349 1929 caput
381 1881 449 1925 est,
482 1882 612 1928 aperte
636 1877 894 1926 aggrediatur,
929 1877 1073 1915 dudum
1096 1889 1142 1915 ex
1163 1878 1322 1928 publica
1345 1879 1511 1928 epistola
1536 1885 1750 1930 suspectus,
1784 1881 1904 1918 filiam

95 1948 222 1975 meam
255 1941 363 1987 petat
395 1935 456 1974 vel
488 1941 525 1974 te
557 1937 641 1986 ipso
662 1935 853 1986 pronubo,
887 1937 953 1984 qui
985 1936 1038 1974 sis
1070 1935 1125 1973 illi
1156 1937 1307 1974 vicinus
1348 1942 1386 1974 ct
1416 1949 1483 1988 per
1522 1937 1653 1975 literas
1691 1938 1903 1977 familiaris.

94 1994 269 2046 Sapienti
298 1999 372 2034 sat.
433 1995 604 2045 Propero
637 1993 806 2031 domum.
868 1993 980 2034 Vale.
1043 1993 1206 2032 Gorlicii
1238 1994 1275 2035 d.
1313 1999 1376 2033 10.
1410 1996 1502 2046 Apr.
1540 2000 1663 2035 1629.

235 2062 377 2097 Literas
403 2061 552 2106 Kepleri
579 2061 613 2097 d.
639 2061 772 2105 ¹19J‘29.
798 2061 885 2105 Apr.
916 2060 1016 2105 1629,
1045 2071 1087 2095 ex
1114 2065 1217 2106 parte
1243 2061 1311 2095 vol.
1338 2061 1401 2097 VI.
1427 2073 1462 2107 p.
1491 2062 1558 2098 626
1586 2068 1621 2098 et
1647 2073 1757 2108 supra
1782 2074 1815 2108 p.
1839 2063 1903 2099 146

94 2121 360 2165 proposuimus.
408 2120 563 2155 Anxium
590 2130 628 2155 se
655 2130 735 2155 esse
761 2120 811 2154 ait
837 2118 880 2153 de
907 2119 1015 2154 rebus
1045 2119 1118 2153 suis
1145 2119 1412 2164 Linciensibus,
1440 2119 1484 2154 de
1509 2131 1641 2165 mappa
1666 2121 1811 2156 nautica
1836 2126 1902 2157 etc.

95 2183 131 2215 et
155 2179 311 2225 nunciat,
337 2178 480 2214 misisse
506 2189 544 2214 se
569 2179 713 2214 tabulas
738 2178 1014 2213 mathematicas
1041 2178 1272 2222 typographo
1298 2178 1596 2214 Francofurtensi
1621 2180 1856 2224 Tampachio.

232 2239 555 2282 Berneggerus
573 2237 730 2282 Keplero
750 2237 785 2273 S.
806 2237 845 2271 P.
865 2238 912 2272 D.
944 2236 1013 2271 Vix
1032 2235 1169 2270 absolvi
1189 2236 1462 2272 Bartschianam
1482 2237 1682 2282 epistolam,
1703 2243 1738 2272 et
1757 2247 1902 2282 oppres—

93 2296 139 2332 sit
163 2306 220 2330 me
244 2295 453 2331 tabellarius
470 2294 763 2341 Noribergensis,
789 2296 826 2330 in
850 2296 943 2330 viam
968 2305 1159 2340 praeceps,
1185 2295 1308 2339 itaque
1333 2305 1451 2339 neque
1478 2295 1577 2330 illam
1602 2295 1764 2341 relegere
1789 2296 1904 2340 potui,

95 2365 162 2389 nec
186 2353 278 2389 binis
304 2353 376 2388 tuis
401 2354 573 2398 proximis
598 2355 833 2399 respondere.
864 2355 944 2389 Hoc
970 2358 1121 2398 tantum,
1147 2354 1191 2388 D.
1217 2354 1421 2389 Clutenium
1447 2354 1590 2389 dedisse
1614 2355 1701 2389 mihi
1727 2353 1903 2399 superiori

96 2413 297 2457 septimana
321 2412 464 2447 nomine
490 2412 545 2447 sui
563 2413 735 2457 principis
760 2424 826 2458 pro
845 2413 966 2449 oblato
992 2412 1084 2448 libro
1110 2416 1172 2447 tuo
1191 2412 1503 2456 Rudolphinarum
1530 2411 1717 2458 ἀντιδωρον
1742 2422 1806 2457 spe
1825 2422 1904 2446 mea

95 2470 223 2514 maJ'US,
251 2480 298 2505 sc.
325 2480 455 2505 aureos
481 2470 664 2505 Romanos
690 2471 723 2515 8,
759 2470 820 2515 qui
846 2471 1070 2506 constituunt
1094 2469 1298 2514 imperiales
1327 2471 1379 2506 1o.
1405 2472 1462 2512 (ad
1487 2474 1551 2504 vol.
1577 2474 1634 2504 VI.
1662 2484 1695 2514 p.
1723 2475 1790 2505 6-26
1817 2473 1901 2503 refe-

95 2530 259 2568 rendum).
307 2527 444 2572 Scripsi
474 2526 571 2563 filiae
604 2528 648 2563 de
679 2528 748 2563 hac
781 2529 954 2574 pecunia,
990 2528 1157 2563 nunciavi
1191 2538 1334 2572 quoque
1366 2528 1454 2563 filio.
1504 2529 1574 2565 Sed
1606 2529 1676 2565 ista
1709 2529 1777 2564 sibi
1809 2527 1902 2562 mitti

95 2586 198 2630 petit,
227 2586 322 2630 quod
347 2585 406 2621 hic
431 2596 503 2620 non
528 2596 619 2630 opus
646 2587 791 2632 habeat,
818 2587 1037 2632 magisterio,
1063 2587 1099 2621 in
1125 2586 1222 2631 quod
1247 2587 1279 2621 ei
1304 2587 1494 2631 pecuniam
1519 2588 1613 2622 hanc
1640 2587 1897 2628 destinaveras,

95 2645 234 2688 pridem
261 2645 417 2680 obtento.
467 2644 503 2679 Si
530 2645 672 2689 quando
700 2645 752 2690 ad,
770 2657 826 2681 me
852 2647 1009 2682 scribere
1034 2646 1211 2691 placebit,
1246 2656 1307 2680 oro
1335 2645 1479 2680 disertis
1510 2646 1629 2681 verbis
1654 2645 1762 2689 hujus
1788 2644 1900 2679 hono-

95 2703 180 2737 rarii
204 2703 427 2749 memineris,
462 2708 503 2738 ut
536 2703 652 2739 bonae
684 2702 768 2738 fidei
802 2714 902 2739 meae
932 2703 1040 2738 fidem
1065 2705 1109 2745 D,
1138 2703 1302 2738 Clutenio
1339 2703 1458 2738 facere
1491 2703 1644 2738 ostensis
1676 2702 1787 2738 literis
1818 2702 1889 2737 tuis

98 2771 237 2804 queam.
286 2761 387 2798 Vale.
429 2761 559 2806 Script.
584 2761 628 2802 ὡς
652 2774 800 2805 ταχιστα.
839 2763 923 2806 Arg.
952 2762 986 2797 d.
1014 2762 1066 2796 14.
1094 2761 1184 2805 Maji
1209 2761 1310 2796 1629.

236 2819 555 2864 Berneggerus
580 2819 780 2864 Keplero
808 2819 842 2854 S.
868 2820 906 2854 P.
924 2819 967 2855 D.
1003 2819 1108 2863 Quod
1132 2819 1168 2853 in
1188 2818 1398 2854 Calendario
1424 2829 1502 2854 meo
1519 2819 1652 2864 notavi,
1680 2819 1712 2854 d.
1737 2819 1787 2854 14.
1806 2818 1896 2863 Maji

97 2876 231 2913 Juliani
265 2877 388 2913 literas
420 2878 466 2913 ad
503 2877 572 2918 Te,
611 2877 674 2911 Vir
702 2878 873 2923 maxime,
910 2878 1088 2922 simulque
1122 2877 1167 2912 ad
1202 2877 1431 2912 Bartschium
1472 2881 1635 2913 nostrum
1673 2877 1771 2921 dedi,
1809 2887 1898 2921 quas

98 2934 353 2970 Eckebrechto
389 2938 452 2970 tuo
478 2933 734 2979 Norimbergae
765 2936 916 2971 traditas
947 2936 984 2970 in
1013 2946 1139 2971 manus
1174 2938 1271 2970 certo
1296 2935 1397 2977 novi,
1431 2946 1498 2970 nec
1529 2937 1574 2971 ab
1608 2945 1649 2970 eo
1682 2940 1779 2970 recte
1814 2946 1897 2980 pro-

36 3019 41 3024 .
99 2996 242 3027 curatas
275 3002 356 3028 esse
389 2992 523 3028 dubito.
573 2992 693 3036 Quare
719 2992 794 3037 jam
824 3004 920 3029 nunc
949 2993 1121 3030 liberatus
1157 3004 1212 3037 es,
1246 2994 1370 3038 credo,
1403 2993 1644 3028 sollicitudine
1669 2992 1750 3039 illa,
1789 3005 1896 3038 quam

99 3053 304 3093 postremae
328 3053 412 3085 tuae
436 3060 524 3094 prae
556 3060 595 3086 se
630 3050 805 3093 tulerant,
838 3051 875 3086 in
908 3051 1039 3096 quibus
1072 3052 1169 3096 quod
1195 3052 1238 3088 de
1263 3053 1382 3088 missis
1408 3052 1453 3088 ad
1479 3052 1738 3097 Tampachium
1763 3051 1896 3088 tabulis

102 3108 368 3144 mathematicis
393 3108 539 3153 scribis,
574 3107 728 3153 injecisti
760 3109 847 3145 mihi
872 3109 1087 3145 desiderium
1111 3110 1194 3146 illas
1219 3111 1363 3146 videndi
1389 3115 1424 3146 et
1449 3112 1486 3146 in
1511 3121 1616 3146 usum
1640 3116 1785 3147 nostrae
1810 3122 1896 3156 quo-

100 3176 169 3211 que
197 3166 395 3211 juventutis
431 3167 660 3205 academicae
690 3168 912 3215 conferendi,
948 3179 1015 3205 nec
1047 3169 1227 3216 omittam,
1259 3173 1299 3206 ut
1330 3170 1484 3216 primum
1515 3173 1570 3205 est
1596 3169 1756 3215 occasio,
1791 3169 1894 3205 Tam-

167 3225 292 3260 Kepleri
311 3226 411 3261 Opera
430 3227 513 3256 VIII.
1572 3228 1616 3265 59
