2126 3388
257 161 342 206 990
928 162 1012 197 Vita
1036 161 1059 197 J
1061 161 1186 197 oannis
1210 161 1368 207 Kepleri.

256 279 394 320 Revol.
424 279 491 316 lib.
513 278 560 326 Ι.)
605 281 672 315 aut
701 277 889 316 Rhaetico
923 278 1019 317 duce
1062 279 1205 320 docuit.
1266 279 1566 325 Regiomontani
1598 289 1764 327 quoque,
1797 278 2042 325 Rheinholdi,

257 337 415 376 Peuceri
450 336 495 373 de
528 336 732 384 operibus,
776 336 821 373 de
854 336 1051 385 Tychonis
1089 338 1187 375 libro
1226 338 1272 375 de
1313 336 1427 373 stella
1467 347 1571 373 nova
1612 338 1703 373 anni
1738 340 1861 375 1572.
1902 337 1965 374 vel
1997 336 2043 374 de

259 397 415 433 cometis
447 393 546 430 idem
579 392 787 442 discipulos
819 405 910 430 suos
943 396 1122 433 certiores
1154 396 1262 443 secit3
1295 393 1486 442 Keplerus
1509 393 1664 442 quidem
1695 405 1820 443 neque
1849 394 1939 432 dum
1960 394 2044 431 Tu-

258 454 395 500 bingae
428 451 870 500 erat3Tychonianorum
902 463 1060 500 operum
1092 452 1210 490 ullum
1242 452 1413 498 viderat,
1447 462 1572 500 neque
1603 457 1761 500 postea,
1795 464 1913 501 quum
1943 463 2044 490 anno

262 514 383 549 1596.
417 508 672 546 Prodromum
703 508 851 555 ederet,
884 521 1015 547 eorum
1047 512 1323 548 accuratiorem
1353 509 1524 547 habebat
1555 511 1826 558 cognitionem.
1888 509 1973 558 Quo
2005 511 2044 546 in

255 567 387 604 libello
431 568 608 614 quamvis
641 566 867 615 Tychonem
912 574 1200 619 „astronomum
1243 568 1346 605 omni
1384 566 1641 605 celebratione
1673 568 1883 615 majorem“
1929 568 2043 614 dicat,

255 630 381 662 tamen
413 624 548 671 eidem,
583 635 701 672 quum
731 624 906 662 libellum
928 638 1040 663 suum
1061 628 1245 671 mitteret,
1279 625 1375 663 haec
1407 625 1560 662 scribit:
1597 630 1774 673 „tuorum
1807 636 1963 676 operum
1995 625 2044 663 ad

255 694 324 720 nos
356 682 450 719 nihil
481 682 679 732 perfertur,
716 694 892 731 quaeque
925 683 971 721 de
1003 690 1039 721 te
1071 684 1252 730 sciebam,
1287 696 1330 721 ex
1365 682 1573 720 Maestlino
1606 682 1854 722 didiceram&
1909 683 2043 732 Neque

256 742 380 777 minus
413 740 655 788 sphaericam
685 742 1013 788 trigonometriam
1045 741 1276 779 Maestlinus
1316 741 1429 778 niodo
1463 740 1737 790 discipulorum
1771 743 1940 791 potiores
1973 742 2045 778 do-

256 800 401 844 cuisse,
446 798 511 835 sed
544 799 581 834 in
614 798 789 836 docendo
830 811 965 848 parum
1010 801 1243 837 successisse
1277 799 1436 836 videtur.
1499 798 1691 848 Keplerus
1723 800 1877 846 quidem
1909 805 2044 848 postea

256 867 409 905 quoque
441 857 648 893 maximam
681 867 836 905 operam
870 856 985 903 dedit,
1020 863 1061 894 ut
1093 857 1191 895 hanc
1222 858 1421 895 scientiam
1454 857 1527 893 sibi
1559 857 1769 905 planiorem
1801 857 1976 894 redderet
2007 861 2045 894 et

258 926 356 963 quae
380 916 521 952 omissa
543 919 662 959 erant,
696 926 812 963 opera
835 914 1061 963 Lansbergii
1085 922 1122 953 et
1143 915 1277 952 Pitisci
1307 915 1510 963 diligenter
1537 914 1804 963 pertractando
1836 916 2043 964 reparavit.

255 973 303 1009 Et
339 974 377 1008 in
415 972 681 1010 astronomicis
723 983 878 1020 quoque
916 973 1052 1009 studiis
1091 972 1303 1022 Keplerus,
1337 984 1455 1021 quum
1499 972 1634 1010 relicta
1676 972 1876 1010 academia
1918 971 2043 1009 Gratii

255 1041 392 1067 munus
414 1031 488 1067 sibi
511 1030 683 1067 oblatum
704 1030 827 1076 iniret,
850 1043 983 1080 parum
1006 1031 1240 1079 profecerat3
1272 1031 1405 1067 scribit
1427 1031 1526 1067 enim
1551 1041 1650 1067 anno
1678 1033 1800 1069 1595.
1823 1031 1871 1068 ad
1892 1030 2043 1068 Maest-

254 1088 394 1135 linum,
428 1090 487 1125 cui
521 1088 775 1136 cogitationes
806 1099 896 1125 suas
929 1088 1196 1136 dijudicandas
1229 1089 1425 1138 proponit:
1472 1087 1623 1140 „Multa
1661 1090 1827 1137 reperies
1859 1100 1906 1126 ex
1945 1088 2042 1125 falso

255 1146 426 1196 profecta
453 1145 619 1194 judici03
663 1145 806 1183 alicubi
845 1146 1065 1183 haerentem
1098 1146 1247 1184 videbis
1280 1151 1433 1195 propter
1465 1146 1753 1195 Copernicanae
1784 1148 2043 1184 astronomiae

254 1201 473 1255 inopiam4‘3
506 1203 668 1241 eundem
699 1202 948 1241 Maestlinum
971 1210 1092 1253 rogat,
1127 1210 1168 1241 ut
1189 1216 1230 1242 se
1254 1204 1298 1242 de
1321 1203 1516 1240 nonnullis
1541 1203 1847 1242 dubitationibus
1871 1205 2042 1251 edoceat,

257 1275 356 1311 quae
389 1263 557 1299 animum
591 1273 701 1298 suum
735 1261 780 1299 de
803 1261 983 1299 Mercurii
1015 1264 1296 1300 eccentricitate
1329 1262 1532 1299 subierint:
1571 1261 1679 1311 „Nisi
1712 1267 1752 1299 tu
1773 1262 1867 1300 mihi
1891 1262 2043 1308 dixeris,

256 1332 453 1370 nunquam
485 1332 556 1368 ego
591 1319 772 1357 didicero.
835 1320 895 1356 An
929 1331 1000 1369 ego
1038 1321 1136 1357 forte
1174 1331 1255 1357 erro
1296 1321 1334 1355 in
1371 1319 1691 1369 computatione?
1744 1319 1898 1368 Quanta
1929 1321 2045 1369 igitur

258 1384 315 1417 est
357 1380 394 1415 in
426 1377 669 1416 Prutenicis‘?
721 1376 923 1425 Quomodo
967 1378 1187 1428 capienda?
1238 1377 1392 1426 Quanta
1432 1380 1470 1414 in
1508 1378 1678 1415 maxima
1709 1377 1946 1427 digressione
1979 1389 2044 1416 ec-

258 1438 387 1484 centri,
421 1442 566 1484 quanta
597 1433 963 1473 commutatioiiis‘?“

401 1494 655 1531 Martinus
699 1493 908 1531 Crusius
950 1494 1033 1542 (qui
1068 1497 1116 1531 81
1153 1505 1275 1531 annos
1313 1498 1426 1531 natus
1469 1504 1569 1530 anuo
1605 1497 1728 1534 1607.
1760 1494 1939 1543 decessit)
1979 1505 2046 1544 per

256 1552 504 1591 Maestlinum
537 1563 636 1590 anno
662 1555 782 1589 1599.
815 1564 838 1588 a
858 1551 1025 1601 Keplero
1057 1553 1178 1602 petiit,
1211 1557 1252 1588 ut
1283 1552 1355 1588 sibi
1391 1557 1428 1589 et
1459 1554 1716 1590 astronomica
1748 1557 1785 1590 et
1812 1552 2046 1601 astrologica

257 1611 448 1660 quaedam
481 1610 526 1648 de
559 1611 670 1647 certis
703 1609 1060 1647 constellationibus
1094 1610 1254 1656 afferret,
1288 1621 1384 1658 quas
1417 1608 1466 1646 ad
1498 1608 1688 1647 edendum
1720 1621 1831 1648 suum
1862 1610 2045 1648 Homeri-

259 1681 343 1707 cum
377 1670 690 1706 commentarium
723 1668 907 1706 adhibere
938 1673 1088 1717 posset,
1123 1679 1222 1716 quae
1254 1669 1287 1704 si
1317 1669 1400 1717 ipse
1433 1667 1639 1712 attulisset,
1675 1668 1831 1706 Crusius
1863 1681 1904 1706 se
1936 1668 2045 1717 Kep—

256 1728 391 1766 leriani
423 1727 588 1763 nominis
631 1737 715 1763 cum
753 1725 898 1763 honore
938 1728 1171 1763 mentionem
1215 1737 1300 1763 esse
1342 1726 1531 1762 facturum
1572 1725 1767 1774 pollicitus
1799 1732 1868 1764 est.
1932 1725 2044 1774 Quod

258 1785 412 1835 quidem
444 1785 522 1822 fieri
554 1783 743 1834 Keplerus
776 1786 917 1830 vetuit,
961 1796 1080 1832 quum
1119 1785 1290 1830 timeret,
1335 1794 1381 1820 ne
1413 1782 1637 1820 Herwartus
1668 1783 1937 1831 Monacensis,
1979 1785 2046 1832 qui

258 1845 329 1894 ipsi
373 1849 572 1893 praeterea
616 1844 809 1892 perpetuis
854 1843 934 1879 suis
980 1841 1026 1879 de
1066 1842 1223 1879 Lucano
1271 1841 1564 1890 quaestionibus
1609 1846 1645 1878 et
1695 1842 2045 1880 consultationibus

257 1903 464 1939 maximam
496 1901 712 1938 molestiam
745 1900 953 1946 exhiberet,
986 1901 1024 1936 in
1056 1900 1115 1937 his
1148 1911 1302 1949 quoque
1334 1900 1447 1936 rebus
1479 1899 1663 1936 auxilium
1694 1911 1806 1937 suum
1840 1902 2046 1950 concupis-

259 1965 370 1998 ceret.
432 1960 490 1996 De
522 1957 703 1995 mandato
735 1960 819 2007 ipso
852 1958 947 1995 haec
977 1958 1124 1995 scribit:
1162 1959 1384 2007 „negotium
1415 1957 1698 2004 vastissimum,
1731 1959 2046 1996 molestissimum

259 2024 296 2056 et
326 2017 468 2054 nullius
499 2016 676 2053 utilitatis
709 2018 745 2052 in
777 2028 837 2053 me
869 2016 1046 2064 rejecisti,
1079 2016 1241 2053 honesto
1273 2015 1506 2063 astrologiae
1537 2014 1778 2064 praetextu.“
1842 2017 1962 2065 Cujus
1994 2017 2046 2054 rei

259 2077 291 2112 si
323 2076 554 2113 Maestlinus
586 2080 732 2122 partem
766 2076 1061 2112 astronomicam
1093 2075 1295 2122 suscipiat,
1337 2085 1377 2110 se
1419 2073 1693 2122 astrologicam
1724 2080 2047 2123 pertractaturum

261 2145 357 2171 esse.
401 2132 514 2181 Quod
547 2144 631 2169 cum
662 2132 893 2169 Maestlinus
925 2134 1116 2180 respuisse
1141 2132 1329 2178 videatur,
1364 2130 1573 2179 Keplerum
1607 2137 1644 2169 et
1674 2134 1800 2180 ipsum
1833 2133 2046 2182 denegasse

257 2191 466 2229 verisimile
499 2196 566 2228 est.
629 2190 685 2226 Ex
725 2189 874 2227 duabus
912 2195 1040 2227 autem
1081 2189 1274 2239 epistolis,
1314 2191 1425 2226 annis
1462 2192 1584 2227 1596.
1617 2195 1655 2227 et
1690 2194 1810 2229 1597.
1855 2203 1877 2228 a
1910 2191 2045 2228 Crusio

259 2250 308 2288 ad
347 2249 558 2298 Keplerum
600 2249 747 2295 missis,
791 2259 890 2296 quae
931 2259 1048 2296 supra
1075 2252 1124 2295 (p.
1152 2250 1236 2294 698)
1265 2253 1586 2285 commemoratae
1618 2253 1725 2294 sunt,
1773 2248 1902 2286 videre
1944 2248 2046 2294 licet,

261 2313 521 2347 astronomum
553 2307 736 2355 magistro
771 2306 817 2343 de
850 2305 1022 2343 locorum
1053 2306 1274 2343 nominibus
1307 2311 1343 2343 et
1375 2305 1461 2342 aliis
1494 2305 1684 2353 ejusmodi
1715 2307 1829 2344 rebus
1860 2306 2048 2344 nonnulla

261 2367 576 2404 communicasse.

398 2422 645 2461 Erhardus
678 2421 859 2459 Cellius
892 2433 991 2459 anno
1029 2424 1149 2460 1596.
1185 2421 1431 2473 ,‚Imagines“
1477 2420 1597 2458 edidit
1631 2421 1937 2473 „professorum,
1981 2422 2048 2470 qui

260 2483 297 2519 in
320 2481 517 2520 academia
538 2477 814 2533 (Tubingensi)
847 2482 1023 2525 vivunt“,
1057 2478 1189 2516 addita
1221 2491 1351 2517 eorum
1385 2480 1465 2516 vita
1487 2480 1619 2527 paucis
1643 2480 1818 2517 versibus
1841 2480 2046 2528 descripta.

263 2542 321 2577 De
355 2540 530 2577 Crusio
566 2539 677 2576 dixit:
725 2538 861 2588 „Nunc
893 2538 992 2575 ultra
1023 2543 1170 2586 septem
1203 2537 1401 2585 profitetur
1439 2537 1559 2574 lustra
1591 2537 1814 2586 Tubingae,
1857 2537 2045 2586 quidquid

262 2597 379 2636 habet
407 2597 573 2643 Latium,
607 2596 771 2634 Graecia
803 2595 988 2644 quidquid
1021 2595 1149 2632 habet.
1200 2594 1460 2644 Thucydides,
1496 2595 1640 2641 Cicero,
1674 2595 1898 2643 Sophocles,
1932 2595 2048 2632 Basi-

264 2656 348 2703 lius,
381 2655 585 2701 Homerus,
617 2654 805 2692 Rhetores
838 2660 954 2701 atque
987 2653 1052 2690 alii
1085 2653 1220 2690 Crusio
1253 2665 1343 2690 cura
1374 2653 1473 2690 libri.
1527 2652 1631 2689 Idem
1663 2655 1885 2690 exercitium
1919 2652 2048 2690 decla-

263 2713 469 2761 mandique
500 2712 733 2761 palaestram
767 2711 896 2760 dirigit
929 2716 965 2748 et
996 2712 1087 2748 lima
1119 2711 1284 2759 perpolit
1317 2722 1427 2747 omne
1459 2708 1568 2747 sua.“
1634 2711 1692 2748 De
1725 2710 2044 2747 Burkhardto

265 2771 400 2809 deinde
432 2771 544 2808 haec:
570 2801 577 2808 .
602 2799 611 2809 .
635 2800 643 2809 .
669 2770 792 2817 „Cum
825 2769 1030 2807 Rhetorica
1061 2769 1224 2817 logicem
1256 2780 1396 2816 magno
1429 2768 1596 2816 explicat
1628 2766 1740 2806 usu.“
1794 2769 1853 2806 De
1875 2779 1914 2805 se
1937 2769 2046 2816 ipso:

269 2829 496 2877 „Virgilium
529 2833 566 2866 et
607 2829 776 2876 reliquos
820 2832 926 2865 vates
967 2827 1130 2876 explano
1166 2827 1342 2873 Latinos,
1389 2826 1538 2874 explico
1570 2826 1765 2863 Romanos
1805 2837 1879 2863 non
1922 2827 2046 2863 miuus

265 2886 477 2924 historicos.
539 2885 660 2924 Grata
691 2886 782 2922 mihi
815 2897 962 2934 semper
1004 2885 1075 2922 fuit
1108 2883 1302 2922 Oratoria:
1346 2886 1458 2921 traxit
1488 2885 1603 2931 inque
1646 2896 1756 2921 suum
1797 2895 1945 2932 semper
1985 2883 2048 2921 dia

266 2944 401 2982 Poesis
424 2946 561 2993 opus.“
604 2945 662 2981 De
683 2943 910 2981 Miilleroz
937 2943 1222 2991 „Dissertantcs
1246 2943 1372 2990 logica
1393 2942 1599 2990 pugnando
1622 2942 1814 2990 palaestra
1835 2941 2047 2989 laurigeros

269 3002 436 3050 Sophiae
479 3002 588 3038 duxit
617 3003 655 3037 in
688 3013 799 3039 omne
830 3013 963 3050 genus.
1024 3000 1119 3037 Post
1150 3001 1205 3036 illi
1241 3000 1374 3037 Latiae
1413 3001 1615 3037 commissa
1653 2999 1838 3048 professio
1877 2999 2046 3046 linguae,

270 3067 306 3097 et
337 3060 539 3097 commissa
570 3061 651 3108 pari
683 3059 817 3107 lingua
848 3058 1014 3107 Pelasga
1045 3057 1171 3097 modo.
1232 3057 1333 3096 Hinc
1365 3058 1472 3095 locus
1503 3055 1754 3094 Hailandi
1791 3059 1834 3101 (v.
1863 3068 1888 3092 s.
1914 3059 2055 3104 1).137)1
