2126 3388
232 164 318 209 844
903 165 986 202 Vita
1007 164 1032 203 J
1034 164 1159 202 oannis
1182 164 1340 212 Kepleri.

233 286 402 334 buisset,
440 285 634 336 probatis,
666 284 851 323 salarium
881 285 928 324 de
959 297 1030 324 suo
1061 286 1209 324 aerario
1241 285 1447 334 adjiceret,
1491 283 1618 323 locum
1649 284 1882 324 habitationi
1912 297 2022 325 meae

233 344 412 382 idoneum
444 344 568 381 Lincii
600 342 837 392 decerneret,
871 344 1099 393 omniaque,
1132 355 1232 394 quae
1264 345 1313 382 ab
1345 344 1622 392 augustissimo
1655 349 1897 382 antecessore
1927 356 2021 394 pro-

231 405 350 441 missa
390 406 517 448 erant,
560 401 822 449 confirmaret,
866 406 985 450 utque
1024 402 1119 439 mihi
1156 403 1278 451 primo
1319 412 1474 451 quoque
1515 406 1688 451 tempore
1719 401 2018 450 exsolverentur,

232 461 379 498 iteratis
411 459 605 498 mandatis
638 466 803 509 urgeret.
866 459 1037 508 Quorum
1070 471 1143 508 ego
1175 459 1444 497 mandatorum
1477 460 1655 498 effectum
1686 461 2020 509 exoptatissimum

232 519 322 555 dum
355 523 555 567 exspecto,
595 530 663 567 spe
695 520 841 567 optima
871 518 1069 565 suffultus,
1114 522 1265 556 tantum
1295 518 1389 554 mihi
1420 519 1558 556 virium
1591 519 1753 567 ingenii,
1798 523 1949 556 tantum
1980 521 2018 556 in

232 577 363 613 labore
394 576 606 625 patientiae
638 578 811 622 accessit,
844 581 887 614 ut
908 578 1086 625 quamvis
1109 577 1322 614 mutatione
1344 575 1420 614 loci
1441 576 1599 624 difficili,
1632 576 1841 614 solitudine
1870 577 2020 628 domus,

231 633 453 681 itineribus,
496 633 660 683 denique
700 635 834 672 morbo
876 634 1056 672 diuturno
1089 646 1165 672 non
1197 643 1332 683 parum
1365 636 1548 684 temporis
1580 634 1821 684 perderetur,
1864 635 2020 674 tandem

230 697 360 730 tamen
404 703 451 730 eo
492 704 614 741 usque
653 705 699 731 ex
739 692 1039 742 profundissimo
1079 692 1389 742 speculationum
1431 698 1468 731 et
1505 694 1838 742 computationum
1878 693 2020 742 pelago

229 751 366 787 fuerim
398 751 607 797 eluctatus,
652 757 693 789 ut
723 752 910 789 restitutis
951 752 1122 789 motibus
1155 751 1324 788 omnium
1367 751 1610 800 planetarum
1642 752 1812 789 animum
1845 751 1893 788 ad
1924 753 2022 790 scri-

228 807 381 847 bendas
413 809 691 858 Epliemeridas
723 821 910 847 annorum
944 811 996 848 30
1028 811 1322 859 praeteritorum
1356 815 1393 847 et
1426 813 1478 848 50
1503 811 1650 848 circiter
1675 811 1917 858 sequentium
1949 810 2021 847 ad-

226 866 359 915 jicere,
392 869 632 916 primamque
664 870 778 906 istam
811 869 849 905 in
880 880 1022 906 annum
1048 873 1112 908 17.
1145 873 1368 917 computare
1402 873 1439 905 et
1469 870 1525 906 sic
1556 869 1752 917 specimen
1782 870 2020 917 surgentium

230 924 469 963 Tabularum
501 926 699 975 Rudolphi
731 926 912 965 exhibere
944 928 1134 976 potuerim
1139 954 1281 963 .....
1345 926 1459 964 Certo
1481 928 1704 976 promittere
1735 927 1871 973 ausim,
1904 927 1936 964 si
1959 926 2022 965 vel

230 983 356 1020 solum
389 995 447 1031 ea,
480 996 579 1033 quae
612 984 688 1022 duo
720 985 978 1033 Imperatores
1005 986 1088 1034 jam
1120 984 1264 1022 dudum
1295 984 1388 1021 mihi
1419 984 1469 1021 ad
1501 984 1597 1022 haec
1627 984 1756 1022 studia
1788 985 2022 1033 perficienda

229 1041 481 1089 destinarunt,
515 1044 749 1080 aerariorum
780 1043 976 1092 praefecti,
1008 1043 1057 1080 ad
1079 1054 1176 1092 quos
1199 1041 1406 1081 devolutae
1438 1048 1526 1080 sunt
1548 1044 1646 1081 istae
1667 1042 1905 1092 largitiones,
1937 1044 2020 1082 sine

228 1111 336 1137 mora
367 1105 613 1149 exponerent,
645 1113 721 1138 non
745 1101 941 1139 defuturos
973 1101 1066 1138 mihi
1088 1101 1297 1150 adjutores,
1331 1112 1448 1138 unum
1481 1102 1528 1139 ad
1552 1100 1800 1139 calculandas
1832 1102 2020 1139 observa-

229 1159 354 1196 tiones
376 1158 613 1205 Braheanas,
635 1160 797 1197 alterum
822 1159 869 1197 ad
892 1159 1173 1207 computandas
1195 1158 1363 1207 reliquas
1379 1159 1654 1208 Ephcmeridas
1677 1159 1813 1197 eodem
1829 1160 2019 1209 exemplo,

231 1216 335 1265 quod
365 1217 449 1265 ipse
481 1218 518 1253 in
551 1219 744 1266 praesenti
777 1217 1032 1267 Ephemeride
1063 1218 1229 1267 praeivi,
1263 1219 1417 1255 tertium
1449 1218 1497 1255 ad
1530 1218 1806 1267 descriptiones
1837 1229 2020 1256 necessa-

228 1276 318 1322 rias,
349 1274 398 1312 ad
431 1277 706 1321 correctionem
738 1281 917 1326 typorum
941 1281 978 1314 ct
1000 1275 1299 1315 delineationes:
1334 1286 1494 1324 quorum
1529 1278 1654 1325 operis
1686 1276 1768 1325 ipse
1790 1276 2021 1315 sublevatus

229 1332 279 1370 ad
310 1333 571 1372 absolvendas
604 1340 641 1372 et
673 1334 935 1372 emendandas
967 1334 1134 1381 tabulas,
1168 1334 1216 1371 ad
1238 1333 1531 1372 adornationem
1555 1335 1939 1382 demonstrationum,
1972 1335 2021 1373 ad

229 1394 522 1441 conceptionem
554 1397 591 1430 et
623 1392 939 1431 dilucidationem
971 1397 1119 1439 textus,
1153 1391 1202 1430 ad
1232 1391 1438 1430 lectionem
1471 1393 1637 1442 denique
1669 1392 1873 1440 librorum,
1907 1397 2023 1432 antea

229 1452 266 1486 in
299 1450 371 1488 hac
402 1452 564 1489 materia
596 1452 844 1500 scriptorum,
889 1457 1012 1490 totum
1043 1452 1214 1488 animum
1252 1450 1447 1499 applicare
1481 1456 1519 1489 et
1550 1451 1807 1500 pulcherrima
1837 1453 1913 1489 ista
1944 1451 2021 1490 duo

230 1520 359 1557 opera,
392 1511 510 1547 totius
543 1510 646 1547 orbis
669 1509 868 1547 doctorum
901 1510 1099 1548 hominum
1122 1511 1223 1548 votis
1245 1510 1438 1558 expetitis,
1472 1509 1645 1547 Tabulas
1667 1512 1886 1559 praecipue,
1920 1521 2020 1559 quo-

229 1566 391 1604 rundam
422 1569 650 1616 importunis
683 1573 721 1606 et
751 1580 849 1618 pene
883 1567 1172 1606 contumeliosis
1210 1567 1590 1616 expostulationibus
1628 1567 1880 1616 efflagitatas,
1921 1570 2022 1606 intra

229 1626 435 1663 triennium
469 1626 528 1664 vel
562 1625 666 1675 quod
697 1627 822 1664 minus
856 1632 914 1664 est
944 1628 982 1663 in
1014 1625 1181 1664 solidum
1204 1626 1408 1664 absolvere
1432 1631 1469 1664 et
1501 1625 1708 1665 accedente
1730 1626 2021 1665 Braheanorum

229 1683 439 1722 haeredum
472 1696 661 1722 consensu
693 1684 859 1734 publicis
890 1687 1006 1723 etiam
1037 1685 1140 1734 typis
1173 1684 1354 1722 exhibere
1386 1686 1542 1732 possim.
1578 1708 1628 1713 -—

369 1746 559 1781 Lectorem
592 1746 779 1790 appellans
815 1746 901 1781 dicit
934 1746 1130 1790 Keplerus:
1159 1743 1255 1780 Cum
1273 1742 1369 1780 haec
1391 1742 1615 1791 Ephemeris
1637 1742 1914 1790 absolveretur,
1941 1743 2022 1791 jam

230 1802 365 1839 tertius
396 1801 446 1838 ab
479 1806 614 1839 exacto
648 1801 731 1850 ejus
763 1813 863 1840 anno
887 1803 1028 1840 mensis
1057 1802 1256 1850 agebatur,
1290 1806 1462 1839 currente
1495 1813 1595 1839 anno
1628 1801 1712 1850 ejus
1745 1801 2023 1851 Ephemeridis,

231 1871 331 1908 quae
360 1858 461 1897 hanc
491 1861 676 1908 sequitur,
709 1872 776 1909 per
807 1866 990 1898 semestre
1022 1860 1186 1898 venalis.
1229 1859 1507 1897 Admonendus
1538 1860 1654 1908 igitur
1684 1860 1757 1898 fuit
1788 1864 1921 1906 emtor,
1953 1860 2024 1899 de-

230 1923 373 1956 cretum
397 1917 501 1964 mihi,
524 1919 646 1967 primo
671 1930 826 1967 quoque
848 1923 1019 1967 tempore
1040 1918 1223 1968 perficere
1244 1924 1282 1956 et
1305 1920 1456 1956 tertiam
1478 1920 1515 1954 in
1539 1930 1681 1956 annum
1708 1923 1832 1959 1619.
1864 1917 2023 1957 cadem-

232 1988 306 2025 que
338 1976 393 2013 uti
426 1977 574 2014 ratione
605 1988 673 2022 per
704 1977 986 2025 subsequentes
1019 1988 1162 2014 annos:
1196 1978 1327 2026 itaque
1350 1976 1396 2014 de
1419 1978 1477 2024 iis,
1511 1988 1611 2026 quae
1643 1978 1680 2013 in
1712 1989 1805 2015 usus
1837 1977 2025 2026 cujusque

231 2036 320 2073 anni
342 2037 504 2081 coemet,
534 2035 699 2080 ligandis
723 2035 784 2073 vel
806 2035 1053 2073 asservandis
1076 2035 1278 2073 commodo
1300 2036 1464 2084 quisque
1487 2047 1557 2072 suo
1580 2039 1736 2073 statuat.
1790 2034 1875 2083 Quo
1898 2036 2024 2073 minus

232 2098 360 2131 autem
388 2093 469 2141 jam
500 2094 631 2131 statim
663 2093 813 2142 aliquot
835 2105 1022 2131 annorum
1044 2094 1258 2131 futurorum
1279 2092 1553 2142 Ephemerides
1584 2093 1699 2131 simul
1731 2092 1855 2140 edam,
1887 2105 2025 2131 causas

232 2151 351 2188 habes
386 2153 422 2187 in
444 2151 729 2200 prolegomenis
752 2154 848 2197 (VII.
867 2154 934 2189 492
953 2158 1028 2195 ss),
1060 2154 1192 2200 itaque
1214 2157 1251 2190 te
1274 2152 1389 2189 velim
1412 2150 1576 2197 credere,
1609 2163 1756 2188 moram
1777 2151 1877 2189 hanc
1897 2163 2022 2190 meam

233 2209 434 2247 commodo
468 2209 766 2258 Ephemeridum
801 2210 971 2258 ipsarum
1015 2211 1204 2259 interponi
1211 2238 1348 2249 .....
1410 2209 1596 2246 Nimirum
1637 2211 1739 2248 veris
1780 2210 2023 2258 planetarum

232 2268 402 2304 motibus
433 2279 533 2305 nunc
565 2267 717 2307 demum
750 2269 929 2314 inventis,
964 2268 1107 2317 abripit
1135 2281 1196 2306 me
1228 2272 1470 2316 occupatque
1494 2267 1759 2307 divinissimae
1782 2268 2025 2317 contempla-

232 2326 349 2363 tionis
381 2325 667 2364 harmoniarum
709 2327 933 2364 coelestium
976 2326 1157 2375 voluptas
1198 2326 1415 2365 ineffabilis.
1479 2326 1616 2374 Itaque
1648 2327 1681 2363 si
1720 2326 1838 2364 libros
1873 2326 2024 2364 Aristo-

233 2383 318 2421 telis
352 2383 397 2421 de
431 2384 572 2430 Coelo,
616 2386 648 2421 si
680 2384 854 2421 Platonis
888 2385 1110 2431 Timaeum,
1151 2386 1183 2422 si
1214 2385 1451 2422 Harmonica
1481 2383 1698 2422 Ptolemaei
1739 2389 1776 2422 et
1805 2384 2023 2435 Porphyrii,

232 2453 370 2480 manca
403 2444 531 2480 omnia
562 2448 600 2480 et
632 2444 801 2492 ipsorum
836 2448 1035 2480 auctorum
1068 2443 1310 2481 confessione
1343 2443 1390 2481 ad
1423 2444 1541 2480 imum
1573 2442 1734 2491 gradum
1762 2443 2024 2491 consistentia,

232 2501 419 2538 hactenus
450 2502 488 2537 in
519 2501 643 2549 pretio
675 2501 893 2538 habuerunt
925 2500 1148 2539 academiae
1179 2506 1216 2539 et
1249 2501 1523 2548 bibliothecae,
1564 2502 1732 2539 existent
1763 2502 1878 2539 etiam
1909 2513 2024 2549 nunc,

232 2560 297 2608 qni
329 2558 599 2609 philosophiae
632 2558 678 2597 de
711 2559 782 2597 hac
816 2564 934 2608 parte,
968 2559 1217 2598 nobilissimis
1248 2560 1541 2598 inventionibus
1574 2559 1737 2606 exculta,
1770 2559 2024 2608 gratulentur.

370 2626 470 2669 Quae
497 2636 608 2670 supra
633 2625 812 2669 Keplerus
847 2626 889 2660 de
917 2626 1046 2660 salario
1073 2626 1188 2661 aulico
1224 2630 1259 2661 et
1286 2626 1329 2661 de
1354 2626 1524 2662 subsidiis
1554 2625 1782 2669 imperatoris
1807 2625 1851 2660 ad
1877 2625 2025 2661 alendos

231 2685 413 2729 adjutores
439 2693 502 2728 spe
519 2684 708 2727 animoque
732 2683 901 2727 impletus
919 2683 1142 2728 supplicibus
1160 2684 1276 2719 verbis
1303 2683 1483 2728 exprimit,
1510 2694 1552 2719 ea
1570 2694 1640 2718 non
1666 2683 1712 2718 ad
1737 2687 1859 2718 votum
1882 2692 2025 2718 succes-

233 2747 369 2779 serunt.
419 2741 517 2776 Adiit
552 2741 696 2785 quidem
720 2741 814 2776 viros
840 2742 877 2776 in
902 2741 984 2776 aula
1010 2752 1179 2776 caesarea
1211 2752 1354 2786 graves,
1385 2741 1484 2776 illum
1510 2751 1615 2786 quem
1642 2741 1718 2785 ipse
1745 2740 1830 2776 dicit
1854 2741 2026 2775 baronem

233 2801 276 2836 de
303 2802 476 2844 Meckau,
513 2800 689 2835 medicum
715 2799 870 2835 caesaris
897 2799 1136 2844 Mingonium,
1163 2804 1318 2835 veterem
1344 2800 1523 2835 fautorem
1549 2798 1823 2842 Wackherium,
1857 2797 1892 2833 J.
1919 2798 2025 2833 Hart-

232 2870 400 2894 mannum
426 2858 467 2893 L.
494 2859 537 2894 B.
565 2858 821 2901 Enenkelium,
856 2868 982 2902 parum
1016 2863 1134 2893 autern
1167 2857 1331 2902 profecit.
1379 2857 1513 2892 Exstat
1542 2857 1729 2901 responsio
1755 2855 1946 2890 Enenkelii
1971 2856 2024 2899 (d.

233 2917 392 2951 Viennae
418 2916 451 2950 d.
471 2916 650 2951 Matthaei
672 2918 784 2957 1616),
811 2916 847 2950 in
875 2927 946 2959 qua
971 2916 1142 2961 legimus:
1169 2916 1282 2950 Recte
1308 2925 1425 2960 neque
1450 2916 1628 2959 ingratum
1645 2914 1772 2955 fecisti,
1799 2912 1893 2957 quod
1910 2913 2025 2950 literis

233 2975 302 3009 tuis
328 2984 384 3008 me
410 2974 625 3018 compellare
643 2973 806 3017 voluisti3
833 2975 901 3009 hac
919 2985 1048 3019 nempe
1066 2974 1204 3010 ratione
1223 2974 1476 3019 comparavisti
1493 2974 1558 3009 tibi
1574 2973 1736 3016 amicum,
1763 2971 1824 3015 qui
1841 2972 2026 3017 rescribet,

235 3036 270 3065 et
293 3031 520 3077 typographo
552 3036 614 3066 tuo
646 3036 856 3076 patronum,
893 3033 953 3076 qni
991 3033 1034 3067 de
1066 3033 1251 3069 laboribus
1282 3032 1336 3066 illi
1367 3032 1574 3077 prospiciet.
1623 3030 1753 3066 Petitio
1782 3034 1847 3065 tua
1874 3030 2026 3066 statibus

235 3089 367 3123 nostris
393 3089 514 3124 oblata
537 3095 602 3131 est,
629 3089 692 3125 sed
718 3090 801 3134 quia
825 3090 1023 3127 modestior
1046 3090 1127 3136 fuit,
1153 3100 1270 3136 neque
1287 3091 1426 3135 aliquid
1442 3092 1506 3127 abs
1525 3094 1562 3125 te
1586 3088 1798 3133 flagitatum,
1823 3088 1912 3125 nihil
1928 3099 2025 3125 nunc
