2177 3408
515 143 754 182 Summarium
779 145 963 183 Historiae
987 144 1241 182 Astronomiae
1267 143 1388 182 seculo
1414 142 1508 181 XVI.
1836 140 1918 185 591

119 273 197 297 eam
223 263 485 299 astronomicae
510 263 723 309 aequalitati
747 263 847 308 prius
874 263 1186 305 conformandam,
1213 266 1253 298 ut
1277 262 1322 297 ad
1349 261 1457 297 talem
1482 259 1750 306 inquisitionem
1776 257 1822 293 sit
1846 258 1922 293 ido-

117 330 198 356 nea.
248 321 441 366 Triplicem
473 322 584 367 igitur
613 321 758 357 modum
793 322 999 358 docebimus
1033 321 1275 358 commutandi
1308 330 1486 365 apparens
1518 324 1660 362 tempus
1686 318 1723 352 in
1748 316 1918 362 aequale:

117 379 269 422 primum
296 379 536 415 universalem
561 385 669 425 atque
695 381 854 416 omnium
880 382 1137 425 rectissimum,
1168 381 1257 425 ipsis
1280 378 1453 414 usitatum
1478 376 1675 412 artificibus
1701 375 1921 419 Ptolemaeo,

119 437 316 482 Copernico
343 442 379 473 et
403 439 482 474 aliis
520 440 581 485 qui
612 440 679 475 hos
705 445 921 486 sequuntur,
954 440 1038 475 inde
1072 438 1302 484 subjiciemus
1329 435 1419 471 alios
1444 435 1536 470 duos
1560 433 1705 478 modoS,
1734 443 1822 478 quos
1849 443 1921 467 non

116 495 246 540 injuria
273 497 405 533 dixeris
430 497 686 542 particulares,
722 499 807 544 quia
837 498 985 543 singulis
1010 498 1190 534 aetatibus
1216 507 1327 531 novos
1364 494 1571 530 desiderant
1605 502 1780 535 canoneS‚
1817 500 1921 535 repu-

118 553 225 590 diatis
251 555 466 600 prioribusf⁴
517 557 616 591 Haec
640 557 801 603 sequitur
826 557 966 601 longior
991 557 1185 601 explicatio
1211 556 1318 590 trium
1352 554 1479 588 horum
1511 551 1716 594 modorum,
1750 548 1920 584 adhibitis

117 613 262 658 tabulis,
289 623 377 658 quas
403 614 550 649 exhibet
575 626 658 659 pars
686 616 864 659 posterior
889 615 984 662 libri,
1018 616 1149 651 additis
1177 613 1351 658 exemplis
1377 611 1422 646 ad
1448 611 1560 645 Ducis
1585 608 1779 645 Borussiae
1813 606 1921 641 vitam

118 671 321 716 applicatis,

253 732 294 766 In
322 736 556 776 „praecepm‘”
584 733 642 767 De
658 731 822 778 Epockis
839 737 872 769 et
889 744 1015 768 earum
1031 732 1233 768 intervallis
1250 731 1421 775 legimus:
1448 728 1556 764 Nulla
1574 726 1643 762 fuit
1660 736 1748 770 gens
1765 734 1923 769 unquam

116 792 191 823 tam
216 790 387 835 barbara,
414 791 469 825 vel
496 791 587 825 adeo
614 792 690 825 sine
718 802 826 826 sensu
853 792 948 824 omni
974 789 1226 833 humanitatis,
1263 789 1347 833 quin
1382 787 1491 821 vellet
1517 786 1688 830 originem
1714 795 1816 818 suam
1842 782 1924 817 sciri

118 853 154 882 et
179 847 334 892 aliquam
361 849 417 883 sui
442 849 647 883 memoriam
667 849 858 892 propagari
875 848 920 883 ad
940 848 1198 892 posteritatem.
1238 847 1354 890 Quam
1380 845 1425 880 ob
1452 855 1599 880 causam
1623 848 1699 877 tum
1727 842 1794 876 alia
1813 841 1924 875 multa

117 912 246 942 sunta
271 907 420 942 diversis
451 907 616 952 gentibus
650 908 871 951 excogitata,
905 914 944 941 ut
979 905 1170 950 insignium
1206 916 1325 940 rerum
1357 915 1398 939 ac
1424 908 1616 938 eventuum
1649 901 1923 945 praeteritorum

117 966 244 1000 notitia
269 965 589 1009 quantulacunque
614 965 819 1009 perveniret
845 965 890 999 ad
916 969 1101 1009 posteros⁷
1129 968 1205 998 tum
1231 974 1315 997 vero
1340 962 1409 997 hoc
1436 961 1631 1006 prudenter
1656 964 1692 994 et
1716 958 1850 993 utiliter
1873 958 1924 991 in-

119 1025 283 1059 stitutum
309 1029 373 1069 est,
399 1028 439 1059 ut
463 1024 518 1059 vel
545 1034 565 1058 a
590 1024 699 1059 rebus
724 1023 835 1067 gestis
862 1023 1015 1067 aliquus
1041 1022 1175 1057 heroici
1201 1021 1277 1065 viri,
1305 1020 1360 1055 vel
1387 1021 1431 1055 ab
1458 1019 1630 1063 auspiciis
1649 1016 1801 1060 alicujus
1826 1016 1926 1060 regni

119 1088 155 1118 et
180 1084 346 1119 conditae
371 1083 489 1122 urbis,
525 1083 581 1117 vel
607 1082 651 1117 ab
678 1081 747 1117 alio
783 1092 997 1127 quocunque
1023 1080 1245 1116 memorabili
1283 1090 1369 1115 casu
1403 1077 1544 1123 generis
1580 1076 1726 1111 humani
1752 1085 1925 1109 annorum

118 1143 230 1178 series
257 1142 506 1178 deduceretur.
545 1141 615 1176 Sed
634 1145 673 1176 ut
697 1142 732 1176 in
759 1141 911 1177 ethnicis
937 1141 1097 1176 historiis
1125 1140 1243 1175 omnia
1268 1143 1352 1174 sunt
1373 1137 1481 1182 plena
1507 1135 1668 1180 caliginis
1694 1139 1729 1169 et
1747 1132 1926 1169 confusio-

120 1202 187 1246 nis,
214 1212 279 1237 nec
305 1201 380 1236 ulla
405 1213 580 1236 annorum
614 1205 714 1236 certa
740 1205 775 1235 et
801 1204 971 1235 constans
996 1200 1106 1243 ratio⁷
1138 1200 1190 1234 ita
1214 1197 1291 1234 sola
1317 1196 1469 1232 ecclesia
1501 1205 1620 1229 veram
1647 1198 1756 1238 atque
1781 1195 1928 1234 certam,

120 1260 203 1294 licet
229 1260 369 1294 brevem
395 1259 565 1293 historiae
591 1260 704 1294 totius
729 1259 854 1293 mundi
880 1259 1008 1294 seriem
1033 1259 1068 1292 in
1102 1257 1230 1292 divinis
1257 1255 1357 1290 libris
1383 1258 1545 1289 notatam
1576 1253 1698 1287 habet.
1748 1251 1799 1285 Ac
1825 1250 1928 1294 primi

121 1317 265 1362 quidem
290 1322 412 1361 patres
438 1328 572 1352 annum
596 1320 833 1352 numerarunt
859 1327 880 1350 a
904 1316 1027 1351 mundi
1053 1316 1252 1360 creatione,
1286 1326 1357 1350 non
1390 1313 1508 1348 solum
1540 1316 1580 1346 ut
1605 1309 1727 1345 mundi
1761 1313 1860 1343 aetas
1886 1317 1928 1342 ac

117 1375 259 1410 duratio
285 1375 438 1410 sciretur
464 1375 509 1410 ad
534 1380 711 1420 posteros,
739 1375 808 1410 etsi
833 1375 903 1409 hoc
927 1384 1015 1409 sane
1040 1374 1265 1417 praeclarum
1285 1378 1318 1407 et
1344 1373 1469 1415 ingens
1487 1371 1620 1405 bonum
1639 1372 1704 1411 est,
1732 1366 1796 1402 sed
1814 1365 1927 1400 multo

118 1434 230 1480 magis
257 1438 296 1470 ut
322 1438 357 1468 et
383 1433 426 1467 de
451 1433 614 1468 horribili
639 1433 744 1478 lapsu
770 1433 969 1478 primorum
995 1434 1186 1476 parentum
1213 1435 1248 1465 et
1273 1431 1316 1465 de
1341 1427 1553 1465 admiranda
1577 1427 1645 1462 Dei
1671 1424 1928 1468 misericordia,

119 1499 265 1529 ostensa
289 1495 325 1529 in
350 1494 588 1539 promissione
614 1493 776 1536 seminis,
812 1493 1046 1527 admonerent
1070 1491 1270 1526 universam
1296 1488 1557 1533 posteritatem.
1607 1485 1725 1529 Quare
1757 1483 1928 1527 deinceps

124 1558 160 1587 et
185 1564 207 1588 a
232 1553 378 1598 diluvio,
406 1557 441 1588 et
466 1552 511 1587 ab
537 1552 763 1595 Abraham,
792 1555 827 1586 et
852 1562 873 1586 a
898 1549 1127 1595 promulgata
1153 1549 1253 1594 lege⁷
1281 1553 1316 1583 et
1341 1559 1362 1583 a
1387 1546 1530 1582 condito
1555 1543 1689 1588 templo
1717 1542 1928 1586 Salomonis,

122 1617 159 1646 et
183 1623 204 1646 a
230 1612 437 1656 captivitate
464 1610 704 1656 Babylonica,
740 1614 775 1643 et
799 1608 843 1643 ab
871 1609 949 1643 aliis
975 1608 1177 1652 insignibus
1205 1617 1269 1642 seu
1293 1605 1483 1651 impiorum
1508 1604 1633 1648 poenis
1666 1612 1731 1637 seu
1755 1601 1929 1636 ecclesiae

119 1670 393 1707 liberationibus
420 1671 548 1705 seriem
575 1679 749 1704 annorum
777 1667 922 1711 publice
948 1666 1134 1701 annotavit
1159 1664 1321 1700 ecclesia.
1370 1663 1503 1698 Verum
1530 1660 1631 1695 nulla
1655 1669 1713 1694 res
1739 1669 1759 1693 a
1785 1658 1928 1693 condito

120 1730 253 1764 mundo
286 1729 416 1765 accidit
448 1739 514 1763 nec
538 1727 713 1763 illustrior
745 1737 812 1760 nec
838 1724 1086 1760 admirabilior
1112 1724 1300 1759 nativitate
1326 1722 1390 1756 filii
1414 1721 1499 1765 Dei,
1532 1718 1676 1754 Domini
1703 1717 1817 1752 nostri
1840 1717 1929 1751 Jesu

122 1787 266 1822 Christi.
318 1779 445 1830 Quare*
463 1792 502 1821 ut
527 1785 642 1830 prima
668 1785 821 1820 ecclesia
854 1795 1029 1819 annorum
1064 1784 1190 1818 seriem
1229 1779 1449 1817 continuavit
1475 1787 1495 1811 a
1521 1777 1635 1821 prima
1670 1775 1814 1810 seminis
1848 1784 1928 1818 pro-

124 1845 304 1890 missione,
330 1845 380 1880 ita
404 1845 514 1888 hujus
539 1843 710 1888 postremi
736 1843 908 1888 temporis
935 1843 1087 1878 ecclesia
1113 1847 1210 1877 recte
1237 1843 1402 1875 numerat
1436 1847 1549 1872 annos
1575 1847 1596 1871 a
1620 1834 1730 1870 natali
1756 1834 1811 1868 sui
1834 1833 1928 1876 regis

127 1909 163 1939 et
186 1904 391 1938 liberatoris
417 1902 604 1937 universae
631 1901 818 1936 ecclesiae.
867 1902 971 1937 Hanc
997 1902 1105 1946 igitur
1131 1898 1430 1936 consuetudinem
1461 1906 1527 1930 nos
1552 1894 1658 1929 etiam
1684 1893 1719 1927 in
1746 1895 1929 1936 computa-

124 1963 282 1997 tionibus
308 1961 518 1997 coelestium
545 1964 708 1994 motuum
734 1961 860 1995 merito
887 1959 1070 2003 sequimur
1075 1986 1194 1995 .....
1245 1958 1315 1992 Sed
1341 1962 1461 1991 tamen
1494 1965 1566 1989 non
1592 1965 1612 1988 a
1638 1953 1717 1988 solo
1743 1952 1843 1986 initio
1869 1961 1929 1985 an-

127 2031 254 2055 norum
281 2020 413 2054 Christi
445 2019 654 2054 deducimus
690 2018 757 2053 tibi
789 2017 959 2062 aequales
990 2021 1126 2062 motus,
1164 2027 1286 2051 verum
1319 2016 1402 2051 huic
1434 2014 1595 2059 epochae
1631 2013 1721 2047 alios
1746 2012 1769 2046 4
1794 2010 1928 2054 adjeci:

125 2078 398 2124 Olympiadum,
423 2077 687 2121 Nabonassari‚
718 2075 917 2110 Alexandri
950 2079 985 2110 et
1012 2075 1194 2118 Caesaris,
1231 2078 1376 2110 secutus
1410 2083 1453 2108 ea
1478 2073 1515 2107 in
1540 2082 1578 2106 re
1604 2076 1643 2105 ut
1674 2071 1708 2104 in
1747 2069 1825 2104 aliis
1850 2068 1929 2103 Nic,

127 2138 376 2182 Copernicum,
404 2137 516 2172 virum
544 2137 700 2171 omnium
727 2135 930 2170 seculorum
948 2135 1120 2169 memoria
1139 2134 1295 2177 dignum,
1323 2144 1428 2177 quem
1454 2136 1606 2177 apparet
1630 2141 1702 2165 non
1730 2129 1806 2164 sine
1832 2128 1931 2173 gravi

125 2197 275 2232 consilio
299 2196 390 2230 haec
414 2195 639 2239 potissimum
664 2199 828 2238 tempora
861 2193 1031 2237 elegisse,
1065 2193 1127 2228 scd
1153 2183 1401 2227 Nabonassari
1434 2191 1577 2236 quidem
1609 2188 1747 2223 initium
1778 2187 1932 2221 maxime

126 2255 170 2289 ob
196 2252 393 2289 Ptolemaei
417 2253 624 2297 lectionem,
661 2256 735 2286 tum
761 2262 845 2286 vero
873 2252 990 2286 omnia
1014 2255 1177 2294 tempora
1202 2250 1308 2284 simul
1338 2253 1487 2294 propter
1517 2247 1688 2283 historias
1721 2255 1868 2290 graecas
1894 2249 1930 2278 et

128 2312 257 2347 latinas
263 2338 387 2348 .....
438 2310 687 2356 Olympiadum
706 2311 790 2345 anni
814 2314 895 2345 sunt
913 2310 1069 2353 lunares,
1096 2309 1140 2344 ad
1160 2308 1251 2343 Solis
1277 2314 1398 2342 tamen
1424 2318 1567 2343 cursum
1593 2310 1775 2350 utcunque
1794 2314 1931 2339 accom-

133 2369 286 2414 modati,
322 2380 474 2415 quorum
499 2368 639 2403 initium
664 2369 783 2403 Attico
810 2379 907 2403 more
934 2379 1075 2412 semper
1100 2378 1120 2402 a
1145 2367 1292 2402 meridie
1318 2366 1422 2411 primi
1449 2366 1517 2401 diei
1544 2362 1870 2399 Hecatombaeonis
1898 2366 1932 2395 et

131 2427 364 2462 conversione
397 2427 490 2462 Solis
527 2427 662 2462 aestiva
693 2426 943 2470 proficiscitur.
999 2427 1094 2462 Anni
1119 2438 1139 2461 a
1163 2425 1417 2461 Nabonassaro
1452 2430 1487 2460 et
1520 2424 1564 2458 ab
1599 2423 1700 2458 obitu
1736 2419 1932 2456 Alexandri

130 2486 225 2530 apud
253 2484 496 2519 Ptolemaeum
524 2488 607 2519 sunt
624 2484 803 2529 Aegyptii,
832 2495 984 2530 quorum
1008 2484 1148 2518 initium
1173 2494 1245 2518 non
1270 2483 1403 2528 pendet
1428 2483 1472 2517 ab
1492 2482 1610 2527 aliqua
1629 2484 1783 2525 quatuor
1809 2483 1931 2521 tropo—

129 2555 206 2578 rum
241 2542 351 2578 annui
384 2543 553 2577 circuitus
581 2543 694 2584 Solis,
730 2542 793 2578 sed
820 2554 840 2578 a
864 2543 1012 2578 meridie
1044 2543 1148 2586 primi
1183 2541 1252 2576 diei
1279 2542 1390 2586 Toth,
1428 2542 1487 2586 qui
1513 2539 1664 2585 singulis
1690 2535 1931 2583 quadrienniis

131 2601 235 2636 unius
263 2600 333 2634 diei
358 2600 547 2634 intervallo
574 2601 822 2647 anticipansa
848 2600 1152 2646 consequentibus
1179 2600 1315 2634 recedit
1347 2599 1383 2634 in
1408 2598 1678 2634 antecedentes.
1728 2594 1823 2629 Anni
1848 2603 1932 2627 vero

132 2660 266 2695 ,Iuliani
293 2664 328 2694 et
355 2658 487 2693 Christi
512 2668 578 2693 nee
606 2664 688 2694 sunt
714 2660 860 2696 lunares
885 2671 950 2694 nec
975 2658 1156 2704 Aegyptii,
1184 2658 1247 2692 sed
1266 2657 1401 2693 solares
1421 2656 1553 2699 civiles,
1580 2665 1668 2700 quos
1689 2654 1727 2688 C.
1744 2651 1780 2686 J.
1800 2652 1932 2686 Caesar

132 2718 285 2762 primum
311 2727 381 2752 non
408 2717 484 2751 sinc
511 2717 609 2760 gravi
634 2717 782 2751 consilio
807 2717 977 2761 instituit,
1011 2718 1062 2752 ita
1088 2721 1127 2751 ut
1153 2716 1213 2750 alii
1238 2716 1309 2750 sint
1336 2715 1475 2750 dierum
1501 2714 1586 2756 365,
1620 2711 1680 2745 alii
1706 2715 1826 2745 autem
1852 2709 1932 2753 366,

130 2787 209 2811 eam
235 2776 278 2811 ob
305 2786 467 2819 causam,
504 2779 544 2809 ut
568 2775 795 2818 aequinoctia
827 2779 862 2810 et
887 2775 1042 2809 solstitia
1069 2774 1112 2808 ab
1138 2774 1181 2808 iis
1207 2774 1351 2818 diebus,
1389 2771 1517 2817 quibus
1549 2769 1658 2804 semel
1692 2768 1932 2810 adhaeserint,

134 2835 276 2870 nonnisi
300 2835 406 2879 longo
432 2845 607 2869 annorum
631 2838 746 2868 tractu
772 2833 943 2868 recedant
974 2833 1010 2867 in
1044 2831 1311 2877 praecedentia.
1360 2831 1401 2865 In
1427 2829 1540 2873 primo
1573 2839 1666 2863 anno
1691 2827 1838 2862 Juliano
1863 2827 1933 2862 tria

135 2898 219 2928 sunt
252 2893 405 2928 maxime
437 2890 698 2926 memorabilia:
735 2891 768 2934 ¹1)
794 2891 838 2925 ab
870 2891 970 2926 initio
998 2890 1249 2936 Olympiadum
1281 2889 1327 2923 ad
1357 2888 1498 2923 initium
1534 2897 1708 2923 annorum
1733 2885 1821 2920 Julii
1848 2890 1932 2919 sunt

132 2951 230 2996 pleni
257 2951 339 2986 anni
364 2951 532 2995 Aegyptii
557 2950 644 2995 7303
671 2949 703 2993 2)
730 2949 865 2993 primus
892 2949 966 2983 dies
992 2947 1317 2983 Hecatombaeonis
1341 2945 1615 2981 Atheniensium
1641 2943 1862 2988 congruebat
1886 2942 1931 2977 ad

133 3009 285 3053 primum
311 3009 404 3044 diem
428 3007 768 3052 mensis·Quintilis‚
796 3012 831 3042 et
856 3007 946 3042 haec
971 3016 1081 3041 causa
1106 3010 1180 3049 est,
1208 3003 1305 3050 quod
1331 3004 1527 3048 Quintilem
1552 3002 1665 3037 voluit
1688 3012 1710 3035 a
1734 3011 1772 3037 se
1796 3000 1929 3035 Julium

134 3068 386 3112 cognominari.
435 3069 564 3113 Itaque
589 3077 668 3102 cum
694 3076 758 3110 per
783 3076 894 3100 annos
920 3064 1117 3109 Aegyptios
1135 3064 1203 3099 730
1223 3062 1329 3107 juxta
1347 3061 1599 3107 Olympiadum
1623 3060 1798 3094 rationem
1823 3059 1929 3093 inter-

135 3125 245 3161 calati
269 3130 391 3162 essent
416 3126 491 3161 dies
520 3126 597 3171 182,
623 3125 773 3160 totidem
798 3124 905 3160 etiam
930 3123 1006 3158 dies
1030 3123 1067 3157 in
1091 3122 1158 3157 hos
1184 3122 1205 3157 6
1230 3131 1391 3167 menses,
1425 3119 1652 3161 Januarium,
1683 3116 1929 3163 Februarium,
