2126 3388
280 152 363 198 732
949 155 1031 191 Vita
1053 153 1204 190 Joannis
1228 154 1388 200 Kepleri.

280 280 316 313 et
348 276 414 325 qui
444 279 548 313 amat
577 275 741 324 patriam
772 279 810 314 et
840 276 963 323 bona,
996 275 1147 313 amittet
1176 275 1256 323 illa,
1289 275 1392 325 quod
1423 276 1516 314 mihi
1547 276 1604 314 fas
1626 276 1675 314 sit
1706 277 1743 313 in
1775 275 1878 316 huuc
1907 287 2061 316 sensum

279 333 518 383 detorquere.

414 401 537 444 Tycho
570 400 606 435 in
638 401 793 445 epistola
826 411 932 445 quarn
968 410 1077 443 supra
1114 399 1199 435 dicit
1227 400 1404 444 Keplerus
1443 399 1545 443 (data
1577 400 1632 434 die
1664 399 1720 435 29.
1756 400 1911 444 Augusti
1941 401 2064 445 1600),

277 458 366 492 haec
396 457 505 492 refert
538 458 712 502 Keplero:
747 459 858 495 Paulo
893 462 1085 504 postquam
1120 458 1251 493 Caesar
1284 458 1428 493 Pilsena
1459 458 1585 493 relicta
1617 458 1689 492 huc
1713 457 1864 501 Pragam
1897 468 2062 495 reversus

277 519 382 557 esset,
407 526 463 551 me
489 515 662 550 Benatica
687 516 732 551 ad
759 527 797 552 se
823 517 1019 552 advocavit.
1056 517 1223 552 Pauculis
1250 516 1375 552 diebus
1401 521 1591 562 postquam
1616 516 1674 550 hic
1700 517 1990 560 comparuissem,
2017 517 2061 552 ad

275 573 491 608 audientiam
517 578 664 609 vocatus
691 585 779 609 sum.
800 602 806 609 .
827 603 834 610 .
855 603 861 610 .
896 575 1050 619 Arrepta
1075 575 1196 619 aliqua
1221 586 1308 610 ansa
1333 576 1376 611 de
1400 575 1646 610 instrumentis
1671 575 1759 609 meis
1786 578 1821 608 et
1846 574 2062 610 observatio-

274 630 379 665 nibus
405 631 584 667 incidebat
608 633 753 676 mentio,
779 643 834 667 me
853 633 966 668 solum
988 634 1085 668 oneri
1103 645 1174 668 non
1193 634 1370 677 sufficere,
1397 633 1459 668 sed
1478 632 1802 668 collaboratoribus
1822 643 1912 677 opus
1929 633 2062 668 habere

275 688 424 731 ajebam.
479 690 565 724 Cum
592 690 635 724 de
660 695 696 725 te
722 701 865 735 quoque
890 692 961 727 huc
989 702 1006 726 e
1026 691 1144 737 Styria
1169 691 1384 726 accersendo
1412 696 1447 725 et
1471 701 1535 735 per
1558 702 1666 725 unum
1694 695 1802 735 atque
1828 691 1976 726 alterum
2003 702 2062 726 an-

274 758 357 781 num
384 748 634 792 sustentando,
662 753 724 784 tuo
751 750 855 784 etiam
883 750 1036 786 discrete
1063 750 1182 785 addito
1209 750 1360 793 nornine,
1386 748 1633 792 insinuassem,
1659 747 1772 792 ipsius
1790 748 1959 792 maJestas
1978 762 2061 785 mox

271 804 525 849 benignissime
551 807 688 851 annuit,
715 812 823 851 atque
849 812 888 842 ut
912 808 947 843 id
972 809 1017 844 D.
1037 809 1194 843 Barvitio
1221 807 1426 842 mandatum
1457 806 1633 841 traderem
1654 806 1773 850 jussit.
1799 807 1960 842 Locutus
1984 818 2061 843 sum

273 869 402 907 postea
427 875 504 898 cum
531 865 574 899 D.
603 865 817 900 Corraducio
850 865 918 900 hac
949 866 1029 911 ipsa
1062 866 1106 901 de
1131 876 1169 900 re
1195 870 1302 909 atque
1327 865 1466 910 rogavi,
1501 868 1540 899 ut
1565 864 1688 898 literas
1713 874 1734 897 a
1760 864 1860 899 Caes.
1886 865 1973 911 Maj.
1998 867 2061 901 im-

273 925 417 964 petrare
450 922 559 956 vellet
583 922 627 956 ad
653 923 854 967 Principem
890 928 990 958 tuum
1016 928 1051 959 et
1077 923 1334 968 amplissimum
1361 923 1529 958 Ordinem
1557 923 1771 967 Styriacumâ€š
1805 923 1934 967 quibus
1959 934 2061 969 roga-

272 982 412 1023 rentur,
446 984 486 1014 ut
510 991 575 1025 per
607 981 788 1015 biennium
821 982 880 1016 hic
903 982 989 1017 milri
1013 988 1159 1027 praesto
1186 982 1313 1018 adesse
1343 981 1407 1017 tibi
1438 981 1562 1017 liceret
1589 985 1623 1014 et
1648 979 1759 1015 nihilo
1791 980 1906 1015 minus
1941 992 2060 1016 annuo

271 1038 376 1074 isthic
401 1039 470 1074 frui
497 1040 686 1085 stipendio,
715 1040 808 1085 quod
834 1051 897 1085 per
924 1040 1086 1075 Caesaris
1110 1039 1360 1074 liberalitatem
1390 1040 1455 1074 100
1473 1038 1618 1073 florenis
1645 1037 1829 1072 annuatim
1853 1039 1976 1083 augeri
2002 1051 2060 1074 ex-

273 1100 446 1141 optarem.
495 1098 532 1133 Is
557 1109 640 1133 vero
668 1108 705 1133 se
731 1098 977 1134 lubentissime
1003 1098 1184 1142 negotium
1217 1097 1285 1131 hoc
1310 1100 1556 1142 promoturum
1589 1096 1774 1141 pollicitus
1800 1101 1868 1131 est.
1915 1097 2059 1132 Interim

272 1159 354 1190 ante
379 1166 515 1199 paucos
541 1156 615 1190 dies
642 1157 897 1200 superveniunt
921 1156 1046 1191 literae
1071 1161 1165 1200 tuae,
1193 1166 1211 1190 e.
1239 1156 1366 1200 quibus
1384 1155 1556 1199 intelligo,
1586 1154 1756 1190 salarium
1775 1154 1974 1200 Styriacum
1996 1157 2060 1191 tibi

270 1214 517 1248 renunciatum
555 1218 591 1248 et
615 1214 762 1259 insuper
787 1214 933 1250 exilium
959 1215 1180 1259 impositum,
1219 1214 1287 1248 nisi
1320 1212 1463 1247 decreto
1495 1212 1603 1246 isthic
1635 1211 1861 1256 promulgato
1887 1215 2061 1258 paruerIS,

271 1275 310 1305 ut
337 1271 379 1305 ob
404 1271 439 1305 id
464 1271 500 1306 in
525 1272 881 1317 Wirtenbergensem
908 1273 1085 1317 ducatum,
1112 1272 1264 1317 patriam
1290 1275 1406 1315 tuam,
1438 1270 1554 1304 redire
1586 1270 1700 1304 malis.
1751 1271 1800 1304 At
1825 1271 1908 1314 quia
1932 1271 1967 1305 iu
1993 1271 2060 1307 hac

269 1340 387 1364 rerum
414 1335 554 1365 tuarum
581 1330 855 1366 conturbatione
889 1336 924 1365 et
948 1331 1076 1375 prioris
1104 1330 1303 1364 sententiae
1336 1329 1568 1363 frustratione
1595 1339 1666 1362 non
1691 1327 1806 1362 habeo
1831 1330 2059 1372 praesentius

270 1388 465 1428 consilium,
492 1388 586 1432 quod
613 1399 657 1423 ex
682 1399 719 1423 re
746 1392 829 1423 nata
855 1389 919 1424 tibi
946 1389 1036 1433 (lem,
1063 1399 1168 1432 quam
1194 1393 1233 1423 ut
1256 1387 1458 1432 postposita
1484 1386 1577 1420 omni
1603 1396 1702 1420 mora
1727 1391 1763 1420 te
1788 1386 1858 1420 huc
1885 1387 2059 1432 conferas,

269 1446 341 1479 sive
368 1445 463 1480 solus
489 1451 529 1481 ut
554 1450 679 1489 antea,
715 1446 788 1481 sive
814 1447 921 1482 etiam
946 1447 1096 1482 advecta
1122 1446 1225 1481 simul
1258 1445 1411 1489 conjuge
1436 1454 1506 1479 una
1536 1456 1614 1479 cnm
1641 1444 1866 1488 supellectile
1893 1448 1928 1479 et
1951 1444 2058 1480 rebus

268 1504 500 1545 necessariis,
533 1516 598 1549 pro
626 1505 756 1548 quibus
776 1505 939 1540 omuibus
965 1504 1088 1549 facile,
1115 1503 1167 1538 uti
1192 1503 1364 1546 arbitror,
1390 1502 1558 1537 viaticum
1583 1501 1754 1544 invenies,
1783 1506 1934 1546 urgente
1958 1513 2060 1546 prae-

271 1562 391 1596 sertim
419 1562 470 1596 sic
495 1563 713 1597 necessitate
739 1563 897 1597 instanti.
946 1563 1073 1605 Neque
1108 1561 1201 1596 enim
1227 1560 1292 1595 tibi
1318 1560 1469 1595 deerunt
1493 1560 1545 1595 tui
1571 1560 1802 1594 Maecenates
1829 1564 1864 1595 et
1887 1560 2059 1606 fautores,

268 1626 329 1654 aut
356 1620 383 1655 si
411 1631 502 1665 opus
528 1619 636 1654 fuerit
661 1620 868 1664 pecuniam,
906 1631 998 1665 quae
1023 1620 1068 1655 ad
1093 1619 1163 1653 iter
1186 1617 1400 1662 requiritur,
1438 1617 1570 1652 alicubi
1605 1618 1740 1652 interea
1766 1622 1890 1652 mutuo
1918 1629 2057 1663 sumes3

267 1679 327 1714 ubi
352 1677 552 1722 adveneris,
579 1683 653 1713 tum
680 1684 890 1723 praesentes
916 1678 1050 1714 rectius
1079 1682 1113 1711 et
1139 1677 1253 1711 tutius
1278 1676 1372 1709 inter
1396 1686 1462 1710 nos
1489 1686 1636 1720 agemus
1663 1681 1698 1710 et
1722 1676 1879 1710 rationes
1905 1677 2060 1712 invenie-

266 1748 354 1781 mus,
383 1736 513 1780 quibus
539 1736 639 1771 hisce
666 1736 939 1772 difficultatibus
966 1736 1148 1772 subveniri
1172 1734 1306 1779 poterit
1331 1740 1440 1779 atque
1458 1734 1523 1770 tibi
1542 1739 1577 1769 et
1595 1734 1664 1768 tuis
1683 1734 1788 1769 rebus
1807 1735 2060 1770 convenienter

265 1794 434 1840 prospici.
483 1795 629 1829 Interim
654 1794 788 1829 nullam
816 1795 1039 1830 occasionem
1065 1792 1281 1838 praeterlabi
1307 1793 1432 1836 sinam,
1459 1792 1544 1837 quin
1563 1798 1610 1836 te,
1637 1792 1880 1828 intercedente
1905 1794 2059 1828 auctori-

266 1857 339 1888 tate
364 1852 507 1886 Domini
534 1853 741 1888 Corraducii
775 1858 810 1887 et
837 1853 1002 1888 Bam-itii.
1037 1851 1133 1897 apud
1162 1851 1196 1886 S.
1226 1852 1262 1885 C.
1286 1851 1366 1885 Mem
1397 1851 1443 1885 ad
1476 1850 1609 1895 optima
1640 1861 1802 1895 quaeque
1827 1862 2057 1896 promoveam

266 1916 301 1946 et
325 1911 430 1946 rebus
457 1910 529 1945 tuis
553 1910 812 1946 fluctuantibus
839 1915 945 1955 atque
964 1910 1107 1945 afflictis
1127 1909 1345 1945 subveniam.
1379 1910 1454 1943 Imo
1483 1909 1512 1943 si
1530 1914 1649 1944 cetera
1668 1909 1796 1953 omnia,
1823 1910 1919 1954 quod
1937 1915 2055 1945 tamen

265 1980 335 2003 non
363 1980 479 2013 spero,
506 1968 707 2004 frustranea
733 1969 877 2012 fuerint,
905 1979 969 2012 ego
994 1969 1146 2013 ipsemet
1171 1968 1237 2003 tibi
1262 1979 1333 2002 non
1352 1977 1430 2001 sum
1448 1967 1648 2007 defuturus,
1676 1966 1737 2001 sed
1763 1967 1799 2001 iu
1823 1967 1902 2012 ipso
1929 1967 2058 2003 effectu

267 2031 490 2069 ostensurus,
518 2038 559 2062 ea
585 2037 675 2071 quae
701 2027 765 2061 tibi
790 2037 846 2061 me
872 2027 1059 2070 scripsisse
1084 2025 1238 2070 memini,
1265 2025 1360 2070 apud
1378 2035 1434 2059 me
1453 2024 1570 2059 adhuc
1595 2029 1675 2058 rata
1701 2035 1780 2060 esse
1799 2030 1834 2059 et
1851 2030 2058 2061 constanter

267 2085 410 2119 servari.
464 2086 518 2120 Tu
544 2085 633 2119 nihil
657 2085 816 2129 haesita,
850 2084 912 2119 sed
940 2084 1161 2119 confidenter
1186 2083 1399 2128 quantocius
1425 2083 1561 2127 poteris
1587 2082 1732 2125 advola,
1766 2087 1839 2117 tum
1867 2094 1985 2118 coram
2012 2085 2055 2119 de

265 2143 428 2177 omuibus
455 2153 548 2186 quae
574 2143 807 2187 requiruntur
833 2142 1035 2187 expeditius
1062 2152 1208 2187 agemus
1235 2146 1269 2175 et
1295 2141 1406 2175 tutius
1432 2151 1539 2185 quam
1565 2151 1629 2186 per
1654 2141 1794 2184 literas,
1827 2151 1893 2175 nec
1918 2141 2054 2187 diffido,

263 2202 348 2246 quin
375 2201 434 2235 ubi
461 2201 647 2236 adveneris
673 2201 765 2236 viam
787 2202 863 2245 jam
888 2206 1140 2246 praeparatam
1165 2200 1354 2236 inveneris.

402 2260 580 2304 Keplerus
608 2260 737 2304 Gratii,
775 2270 991 2304 quamquam
1023 2259 1188 2303 gravibus
1221 2259 1378 2302 agitatus
1404 2258 1517 2301 curiS,
1553 2267 1618 2301 per
1642 2262 1816 2292 aestatem
1842 2258 1926 2293 anni
1955 2261 2053 2296 1600.

265 2318 361 2353 haud
386 2328 502 2362 pauca
530 2318 565 2352 in
591 2318 838 2352 astronomicis
857 2317 1018 2362 perfecit.
1056 2318 1108 2351 De
1134 2317 1260 2352 studiis
1287 2317 1359 2351 suis
1385 2317 1495 2350 refert
1514 2316 1752 2351 Herwarto
1778 2317 1882 2361 eique
1906 2318 2053 2353 tradidit

263 2376 476 2410 solutionem
501 2375 754 2419 problematis:
791 2376 854 2411 Ec
879 2380 1036 2421 qztatuor
1060 2375 1292 2420 acronychzssis
1310 2377 1482 2420 planetae
1507 2376 1637 2410 sitibus
1663 2379 1697 2410 et
1721 2379 1920 2420 temporum
1944 2377 2054 2412 inter-

265 2436 369 2470 vallis
404 2435 526 2469 elicere
557 2445 679 2469 veram
712 2435 973 2479 longitudinem
1009 2437 1077 2473 (cfr.
1105 2437 1159 2466 vol
1196 2437 1254 2467 111.
1290 2446 1323 2477 p.
1352 2438 1420 2472 â¶25).
1470 2434 1526 2467 Ad
1560 2433 1824 2468 observandum
1859 2434 2053 2479 deliquium

265 2493 359 2527 Solis
385 2492 454 2535 (10.
481 2493 575 2536 Julii)
601 2492 784 2536 peculiare
811 2492 878 2527 sibi
913 2491 1053 2536 paravit
1078 2492 1354 2527 instrumentum
1381 2492 1453 2534 (cfr.
1480 2495 1520 2526 II.
1547 2496 1614 2525 340
1641 2493 1709 2536 ss).
1760 2491 2053 2527 Observationem

265 2555 476 2594 computans
502 2549 697 2584 secundum
724 2550 904 2594 Tychonis
930 2549 1123 2593 theoriam,
1157 2560 1197 2583 ea
1226 2560 1317 2593 quae
1344 2550 1410 2584 sibi
1445 2550 1519 2584 visa
1549 2555 1632 2584 sunt
1659 2555 1694 2585 et
1718 2550 1805 2594 alia,
1841 2560 1933 2594 quae
1958 2550 2054 2595 apud

265 2608 471 2651 Tychonem
497 2617 589 2641 nova
613 2607 648 2640 in
675 2607 920 2642 astronomicis
949 2607 1254 2652 deprehenderat,
1292 2608 1461 2642 describit
1486 2608 1521 2642 iu
1547 2608 1660 2642 literis
1686 2608 1731 2642 ad
1755 2608 2054 2644 Archiducem

261 2665 346 2699 Fer
359 2664 601 2699 dinandum
627 2664 719 2699 datis
737 2666 862 2709 paucis
880 2670 961 2700 ante
981 2665 1175 2709 deliquium
1194 2665 1284 2700 illud
1304 2665 1397 2700 Solis
1417 2665 1542 2700 diebus
1560 2677 1638 2700 cam
1657 2665 1750 2701 sorte
1769 2665 1813 2701 ob
1833 2676 1987 2710 causam,
2014 2671 2054 2702 ut

263 2723 297 2756 in
317 2723 466 2767 gratiam
485 2722 655 2767 principis
673 2722 821 2767 rediret,
849 2734 952 2767 quem
975 2723 1166 2765 â€ždelectari
1185 2723 1257 2758 suis
1283 2723 1568 2758 imventionibusss
1597 2724 1760 2759 audierat
1783 2730 1826 2765 (v.
1852 2737 1877 2758 s.
1903 2737 1934 2768 p.
1964 2728 2052 2762 701).

264 2780 406 2815 lrritum
439 2791 522 2814 vero
557 2780 668 2815 fuisse
698 2780 793 2815 hunc
827 2783 992 2814 conatum
1025 2790 1043 2814 e
1066 2780 1275 2824 praemissis
1306 2780 1351 2815 ad
1383 2780 1615 2816 Maestlinum
1651 2781 1743 2817 datis
1776 2788 1937 2825 apparet.
1987 2782 2053 2818 His

263 2837 369 2872 finem
395 2838 482 2873 facit
508 2838 679 2882 longioris
703 2838 798 2872 illius
824 2838 1017 2883 epistolae,
1053 2849 1158 2882 quam
1184 2838 1252 2874 vol.
1277 2839 1322 2873 II.
1349 2851 1382 2883 p.
1411 2840 1430 2873 Îž)
1457 2849 1505 2875 SS.
1533 2839 1776 2875 exhibuimus:
1809 2837 1919 2876 Haec
1951 2843 2051 2886 sunt,

265 2905 364 2940 quae
400 2894 445 2931 de
476 2894 673 2943 'I'ychonis
716 2896 952 2932 astronomia
994 2905 1053 2931 me
1093 2906 1291 2932 recensere
1329 2895 1528 2943 jusserunt
1567 2906 1673 2932 amor
1711 2900 1787 2931 tam
1826 2895 2052 2945 multiplicis

266 2951 299 2985 in
334 2956 441 2989 tanto
475 2952 644 3001 principe
678 2951 896 2998 doctrinae,
939 2953 1146 3001 propensio
1189 2952 1318 2990 debita
1358 2952 1407 2990 ad
1439 2952 1654 2990 humillima
1690 2953 1850 2990 servitia
1889 2959 1927 2991 et
1963 2966 2051 3002 spes

265 3006 368 3044 haud
399 3009 548 3047 infirma
578 3010 820 3048 Serenissimi
851 3010 925 3047 Tui
955 3010 1113 3057 favoris,
1146 3011 1211 3058 qui
1243 3011 1273 3046 si
1307 3022 1366 3048 me
1399 3009 1562 3057 deserat,
1595 3015 1721 3048 actum
1755 3022 1838 3048 esse
1871 3011 1917 3050 dc
1938 3011 2052 3049 rebus

267 3071 303 3102 et
334 3067 471 3104 studiis
503 3069 597 3105 meis
630 3068 828 3117 intelligo,
873 3069 930 3118 sin
965 3080 1023 3105 nie
1055 3068 1352 3107 clementissime
1394 3068 1687 3118 complectatur,
1726 3069 1949 3119 propediem
1992 3069 2052 3108 vel
