<?xml version="1.0" encoding="UTF-8"?>
<!DOCTYPE html PUBLIC "-//W3C//DTD XHTML 1.0 Transitional//EN"
    "http://www.w3.org/TR/xhtml1/DTD/xhtml1-transitional.dtd">
<html xmlns="http://www.w3.org/1999/xhtml" xml:lang="en" lang="en">
 <head>
  <title>
</title>
<meta http-equiv="Content-Type" content="text/html;charset=utf-8" />
  <meta name='ocr-system' content='tesseract 3.04.00' />
  <meta name='ocr-capabilities' content='ocr_page ocr_carea ocr_par ocr_line ocrx_word'/>
</head>
<body>
  <div class='ocr_page' id='page_1' title='image "./p2operaomniaedid08kepluoft_0293.png"; bbox 0 0 2126 3388; ppageno 0'>
   <div class='ocr_carea' id='block_1_1' title="bbox 961 136 1898 187">
    <p class='ocr_par' dir='ltr' id='par_1_1' title="bbox 961 136 1898 187">
     <span class='ocr_line' id='line_1_1' title="bbox 961 136 1898 187; baseline 0 -16"><span class='ocrx_word' id='word_1_1' title='bbox 961 136 1058 172; x_wconf 77' lang='lat'><strong>1⁶16.</strong></span> <span class='ocrx_word' id='word_1_2' title='bbox 1815 141 1898 187; x_wconf 85' lang='lat'><strong>839</strong></span> 
     </span>
    </p>
   </div>
   <div class='ocr_carea' id='block_1_2' title="bbox 93 254 1898 3166">
    <p class='ocr_par' dir='ltr' id='par_1_2' title="bbox 104 254 1898 482">
     <span class='ocr_line' id='line_1_2' title="bbox 105 254 1898 309; baseline 0.002 -15"><span class='ocrx_word' id='word_1_3' title='bbox 105 257 328 295; x_wconf 84' lang='lat' dir='ltr'><strong>mutationis</strong></span> <span class='ocrx_word' id='word_1_4' title='bbox 360 256 520 295; x_wconf 90' lang='lat' dir='ltr'><strong>Veneris</strong></span> <span class='ocrx_word' id='word_1_5' title='bbox 554 256 763 294; x_wconf 87' lang='lat' dir='ltr'><strong>etiamnum</strong></span> <span class='ocrx_word' id='word_1_6' title='bbox 795 266 911 305; x_wconf 88' lang='lat' dir='ltr'><strong>super</strong></span> <span class='ocrx_word' id='word_1_7' title='bbox 942 254 1093 304; x_wconf 86' lang='lat' dir='ltr'><strong>aliquot</strong></span> <span class='ocrx_word' id='word_1_8' title='bbox 1131 255 1324 305; x_wconf 87' lang='lat' dir='ltr'><strong>scrupulis</strong></span> <span class='ocrx_word' id='word_1_9' title='bbox 1362 256 1510 295; x_wconf 88' lang='lat' dir='ltr'><strong>dubito.</strong></span> <span class='ocrx_word' id='word_1_10' title='bbox 1570 256 1682 306; x_wconf 87' lang='lat' dir='ltr'><strong>Rogo</strong></span> <span class='ocrx_word' id='word_1_11' title='bbox 1713 260 1898 309; x_wconf 85' lang='lat' dir='ltr'><strong>majorem</strong></span> 
     </span>
     <span class='ocr_line' id='line_1_3' title="bbox 104 313 1896 369; baseline 0.004 -18"><span class='ocrx_word' id='word_1_12' title='bbox 104 316 141 351; x_wconf 90' lang='lat' dir='ltr'><strong>in</strong></span> <span class='ocrx_word' id='word_1_13' title='bbox 172 314 341 362; x_wconf 91' lang='lat' dir='ltr'><strong>modum,</strong></span> <span class='ocrx_word' id='word_1_14' title='bbox 375 316 575 353; x_wconf 85' lang='lat' dir='ltr'><strong>certiorem</strong></span> <span class='ocrx_word' id='word_1_15' title='bbox 605 326 666 353; x_wconf 88' lang='lat' dir='ltr'><strong>me</strong></span> <span class='ocrx_word' id='word_1_16' title='bbox 698 314 830 361; x_wconf 83' lang='lat' dir='ltr'><strong>facias,</strong></span> <span class='ocrx_word' id='word_1_17' title='bbox 863 315 896 351; x_wconf 91' lang='lat' dir='ltr'><strong>si</strong></span> <span class='ocrx_word' id='word_1_18' title='bbox 918 313 1120 363; x_wconf 85' lang='lat' dir='ltr'><strong>Tubingae</strong></span> <span class='ocrx_word' id='word_1_19' title='bbox 1152 315 1365 363; x_wconf 75' lang='lat' dir='ltr'><strong>reperiatur</strong></span> <span class='ocrx_word' id='word_1_20' title='bbox 1397 314 1538 363; x_wconf 85' lang='lat' dir='ltr'><strong>aliquis</strong></span> <span class='ocrx_word' id='word_1_21' title='bbox 1571 315 1709 353; x_wconf 88' lang='lat' dir='ltr'><strong>calculi</strong></span> <span class='ocrx_word' id='word_1_22' title='bbox 1739 321 1896 369; x_wconf 87' lang='lat' dir='ltr'><strong>peritus,</strong></span> 
     </span>
     <span class='ocr_line' id='line_1_4' title="bbox 104 371 1897 422; baseline 0.003 -13"><span class='ocrx_word' id='word_1_23' title='bbox 104 374 169 422; x_wconf 91' lang='lat' dir='ltr'><strong>qui</strong></span> <span class='ocrx_word' id='word_1_24' title='bbox 201 373 250 411; x_wconf 88' lang='lat' dir='ltr'><strong>ad</strong></span> <span class='ocrx_word' id='word_1_25' title='bbox 282 385 341 410; x_wconf 90' lang='lat' dir='ltr'><strong>me</strong></span> <span class='ocrx_word' id='word_1_26' title='bbox 374 371 582 411; x_wconf 82' lang='lat' dir='ltr'><strong>concedere</strong></span> <span class='ocrx_word' id='word_1_27' title='bbox 615 373 707 411; x_wconf 88' lang='lat' dir='ltr'><strong>velit</strong></span> <span class='ocrx_word' id='word_1_28' title='bbox 739 384 806 422; x_wconf 90' lang='lat' dir='ltr'><strong>per</strong></span> <span class='ocrx_word' id='word_1_29' title='bbox 837 371 995 421; x_wconf 85' lang='lat' dir='ltr'><strong>aliquod</strong></span> <span class='ocrx_word' id='word_1_30' title='bbox 1029 376 1178 421; x_wconf 87' lang='lat' dir='ltr'><strong>tempus</strong></span> <span class='ocrx_word' id='word_1_31' title='bbox 1218 372 1278 409; x_wconf 87' lang='lat' dir='ltr'><strong>vel</strong></span> <span class='ocrx_word' id='word_1_32' title='bbox 1321 383 1389 421; x_wconf 91' lang='lat' dir='ltr'><strong>pro</strong></span> <span class='ocrx_word' id='word_1_33' title='bbox 1422 375 1773 414; x_wconf 83' lang='lat' dir='ltr'><strong>communicatione</strong></span> <span class='ocrx_word' id='word_1_34' title='bbox 1805 380 1897 417; x_wconf 86' lang='lat' dir='ltr'><strong>artis</strong></span> 
     </span>
     <span class='ocr_line' id='line_1_5' title="bbox 104 431 504 482; baseline 0.003 -14"><span class='ocrx_word' id='word_1_35' title='bbox 104 431 167 469; x_wconf 86' lang='lat' dir='ltr'><strong>vel</strong></span> <span class='ocrx_word' id='word_1_36' title='bbox 198 442 266 482; x_wconf 89' lang='lat' dir='ltr'><strong>pro</strong></span> <span class='ocrx_word' id='word_1_37' title='bbox 297 431 504 481; x_wconf 86' lang='lat' dir='ltr'><strong>stipendio.</strong></span> 
     </span>
    </p>

    <p class='ocr_par' dir='ltr' id='par_1_3' title="bbox 93 494 1898 2408">
     <span class='ocr_line' id='line_1_6' title="bbox 241 494 1898 541; baseline 0.002 -9"><span class='ocrx_word' id='word_1_38' title='bbox 241 498 281 532; x_wconf 93' lang='lat' dir='ltr'><strong>In</strong></span> <span class='ocrx_word' id='word_1_39' title='bbox 307 498 420 533; x_wconf 87' lang='lat' dir='ltr'><strong>literis</strong></span> <span class='ocrx_word' id='word_1_40' title='bbox 446 497 502 533; x_wconf 92' lang='lat' dir='ltr'><strong>die</strong></span> <span class='ocrx_word' id='word_1_41' title='bbox 528 497 584 534; x_wconf 83' lang='lat'><strong>22.</strong></span> <span class='ocrx_word' id='word_1_42' title='bbox 610 498 696 532; x_wconf 89' lang='lat' dir='ltr'><strong>Dec.</strong></span> <span class='ocrx_word' id='word_1_43' title='bbox 723 498 821 533; x_wconf 79' lang='grc'>1616.</span> <span class='ocrx_word' id='word_1_44' title='bbox 850 494 1040 532; x_wconf 85' lang='lat' dir='ltr'><strong>Maestlino</strong></span> <span class='ocrx_word' id='word_1_45' title='bbox 1074 496 1164 531; x_wconf 84' lang='lat' dir='ltr'><strong>datis</strong></span> <span class='ocrx_word' id='word_1_46' title='bbox 1195 495 1358 540; x_wconf 87' lang='lat' dir='ltr'><strong>pluribus</strong></span> <span class='ocrx_word' id='word_1_47' title='bbox 1393 494 1536 530; x_wconf 88' lang='lat' dir='ltr'><strong>disserit</strong></span> <span class='ocrx_word' id='word_1_48' title='bbox 1562 497 1741 541; x_wconf 84' lang='lat' dir='ltr'><strong>Keplerns</strong></span> <span class='ocrx_word' id='word_1_49' title='bbox 1775 499 1818 535; x_wconf 91' lang='lat' dir='ltr'><strong>de</strong></span> <span class='ocrx_word' id='word_1_50' title='bbox 1844 511 1898 536; x_wconf 92' lang='lat' dir='ltr'><strong>re-</strong></span> 
     </span>
     <span class='ocr_line' id='line_1_7' title="bbox 101 554 1898 605; baseline 0.003 -15"><span class='ocrx_word' id='word_1_51' title='bbox 101 555 285 597; x_wconf 78' lang='lat' dir='ltr'><strong>fractione,</strong></span> <span class='ocrx_word' id='word_1_52' title='bbox 309 566 375 591; x_wconf 91' lang='lat' dir='ltr'><strong>nec</strong></span> <span class='ocrx_word' id='word_1_53' title='bbox 401 567 473 591; x_wconf 91' lang='lat' dir='ltr'><strong>non</strong></span> <span class='ocrx_word' id='word_1_54' title='bbox 499 555 666 591; x_wconf 84' lang='lat' dir='ltr'><strong>describit</strong></span> <span class='ocrx_word' id='word_1_55' title='bbox 692 555 974 591; x_wconf 85' lang='lat' dir='ltr'><strong>observationem</strong></span> <span class='ocrx_word' id='word_1_56' title='bbox 1009 555 1151 599; x_wconf 85' lang='lat' dir='ltr'><strong>eclipsis</strong></span> <span class='ocrx_word' id='word_1_57' title='bbox 1185 554 1321 589; x_wconf 86' lang='lat' dir='ltr'><strong>lunaris</strong></span> <span class='ocrx_word' id='word_1_58' title='bbox 1348 554 1379 589; x_wconf 90' lang='lat' dir='ltr'><strong>d.</strong></span> <span class='ocrx_word' id='word_1_59' title='bbox 1406 554 1461 589; x_wconf 78' lang='lat'><strong>27.</strong></span> <span class='ocrx_word' id='word_1_60' title='bbox 1488 555 1577 598; x_wconf 81' lang='lat' dir='ltr'><strong>Aug.</strong></span> <span class='ocrx_word' id='word_1_61' title='bbox 1608 558 1695 592; x_wconf 84' lang='lat'>1616</span> <span class='ocrx_word' id='word_1_62' title='bbox 1728 558 1898 605; x_wconf 79' lang='lat' dir='ltr'><strong>habitam,</strong></span> 
     </span>
     <span class='ocr_line' id='line_1_8' title="bbox 103 613 1897 658; baseline 0.003 -11"><span class='ocrx_word' id='word_1_63' title='bbox 103 624 194 658; x_wconf 86' lang='lat' dir='ltr'><strong>quae</strong></span> <span class='ocrx_word' id='word_1_64' title='bbox 218 613 386 658; x_wconf 86' lang='lat' dir='ltr'><strong>leguntur</strong></span> <span class='ocrx_word' id='word_1_65' title='bbox 411 614 468 649; x_wconf 82' lang='lat' dir='ltr'><strong>vol</strong></span> <span class='ocrx_word' id='word_1_66' title='bbox 492 614 537 647; x_wconf 87' lang='lat' dir='ltr'><strong>Il.</strong></span> <span class='ocrx_word' id='word_1_67' title='bbox 564 624 598 657; x_wconf 86' lang='lat' dir='ltr'><strong>p.</strong></span> <span class='ocrx_word' id='word_1_68' title='bbox 627 614 665 648; x_wconf 73' lang='lat'><strong>31</strong></span> <span class='ocrx_word' id='word_1_69' title='bbox 696 624 742 648; x_wconf 81' lang='lat' dir='ltr'><strong>ss,</strong></span> <span class='ocrx_word' id='word_1_70' title='bbox 771 619 806 649; x_wconf 87' lang='lat' dir='ltr'><strong>et</strong></span> <span class='ocrx_word' id='word_1_71' title='bbox 830 613 898 648; x_wconf 81' lang='lat' dir='ltr'><strong>vol.</strong></span> <span class='ocrx_word' id='word_1_72' title='bbox 925 614 986 649; x_wconf 93' lang='lat' dir='ltr'>III.</span> <span class='ocrx_word' id='word_1_73' title='bbox 1015 624 1049 657; x_wconf 87' lang='lat' dir='ltr'><strong>p.</strong></span> <span class='ocrx_word' id='word_1_74' title='bbox 1077 614 1139 648; x_wconf 63' lang='lat'><strong>(511</strong></span> <span class='ocrx_word' id='word_1_75' title='bbox 1169 617 1205 647; x_wconf 89' lang='lat' dir='ltr'><strong>et</strong></span> <span class='ocrx_word' id='word_1_76' title='bbox 1229 613 1308 652; x_wconf 67' lang='lat'><strong>7⁴24,</strong></span> <span class='ocrx_word' id='word_1_77' title='bbox 1336 622 1406 655; x_wconf 81' lang='lat' dir='ltr'><strong>quo</strong></span> <span class='ocrx_word' id='word_1_78' title='bbox 1431 613 1621 655; x_wconf 79' lang='lat' dir='ltr'><strong>posteriori</strong></span> <span class='ocrx_word' id='word_1_79' title='bbox 1648 614 1726 650; x_wconf 92' lang='lat' dir='ltr'><strong>loco</strong></span> <span class='ocrx_word' id='word_1_80' title='bbox 1752 618 1897 653; x_wconf 89' lang='lat' dir='ltr'><strong>modum</strong></span> 
     </span>
     <span class='ocr_line' id='line_1_9' title="bbox 104 666 1895 716; baseline 0.002 -9"><span class='ocrx_word' id='word_1_81' title='bbox 104 673 316 708; x_wconf 85' lang='lat' dir='ltr'><strong>observandi</strong></span> <span class='ocrx_word' id='word_1_82' title='bbox 351 678 386 709; x_wconf 89' lang='lat' dir='ltr'><strong>et</strong></span> <span class='ocrx_word' id='word_1_83' title='bbox 417 674 692 708; x_wconf 82' lang='lat' dir='ltr'><strong>instrumentum</strong></span> <span class='ocrx_word' id='word_1_84' title='bbox 730 672 878 716; x_wconf 82' lang='lat' dir='ltr'><strong>exponit</strong></span> <span class='ocrx_word' id='word_1_85' title='bbox 912 682 982 716; x_wconf 90' lang='lat' dir='ltr'><strong>quo</strong></span> <span class='ocrx_word' id='word_1_86' title='bbox 1018 681 1106 706; x_wconf 84' lang='lat' dir='ltr'><strong>usus</strong></span> <span class='ocrx_word' id='word_1_87' title='bbox 1142 670 1260 706; x_wconf 90' lang='lat' dir='ltr'><strong>fuerit.</strong></span> <span class='ocrx_word' id='word_1_88' title='bbox 1310 671 1364 705; x_wconf 90' lang='lat' dir='ltr'><strong>De</strong></span> <span class='ocrx_word' id='word_1_89' title='bbox 1390 670 1516 705; x_wconf 87' lang='lat' dir='ltr'><strong>studiis</strong></span> <span class='ocrx_word' id='word_1_90' title='bbox 1549 666 1622 706; x_wconf 87' lang='lat' dir='ltr'><strong>suis</strong></span> <span class='ocrx_word' id='word_1_91' title='bbox 1659 672 1747 708; x_wconf 88' lang='lat' dir='ltr'><strong>haec</strong></span> <span class='ocrx_word' id='word_1_92' title='bbox 1772 675 1895 712; x_wconf 80' lang='lat' dir='ltr'><strong>refert:</strong></span> 
     </span>
     <span class='ocr_line' id='line_1_10' title="bbox 104 726 1898 783; baseline 0.003 -18"><span class='ocrx_word' id='word_1_93' title='bbox 104 729 147 765; x_wconf 94' lang='lat' dir='ltr'><strong>In</strong></span> <span class='ocrx_word' id='word_1_94' title='bbox 177 728 358 778; x_wconf 78' lang='lat' dir='ltr'><strong>&#39;Epitome</strong></span> <span class='ocrx_word' id='word_1_95' title='bbox 390 728 490 766; x_wconf 84' lang='lat' dir='ltr'><strong>ultra</strong></span> <span class='ocrx_word' id='word_1_96' title='bbox 521 730 671 766; x_wconf 84' lang='lat' dir='ltr'><strong>tertiam</strong></span> <span class='ocrx_word' id='word_1_97' title='bbox 704 729 886 776; x_wconf 82' lang='lat' dir='ltr'><strong>paginam</strong></span> <span class='ocrx_word' id='word_1_98' title='bbox 919 728 1002 777; x_wconf 84' lang='lat' dir='ltr'><strong>typi</strong></span> <span class='ocrx_word' id='word_1_99' title='bbox 1032 738 1108 764; x_wconf 89' lang='lat' dir='ltr'><strong>non</strong></span> <span class='ocrx_word' id='word_1_100' title='bbox 1132 731 1413 775; x_wconf 84' lang='lat' dir='ltr'><strong>processerunt,</strong></span> <span class='ocrx_word' id='word_1_101' title='bbox 1446 726 1554 765; x_wconf 86' lang='lat' dir='ltr'><strong>deest</strong></span> <span class='ocrx_word' id='word_1_102' title='bbox 1585 729 1695 767; x_wconf 90' lang='lat' dir='ltr'><strong>nobis</strong></span> <span class='ocrx_word' id='word_1_103' title='bbox 1727 733 1898 783; x_wconf 85' lang='lat' dir='ltr'><strong>sculptor</strong></span> 
     </span>
     <span class='ocr_line' id='line_1_11' title="bbox 103 784 1896 841; baseline -0.001 -19"><span class='ocrx_word' id='word_1_104' title='bbox 103 787 301 836; x_wconf 78' lang='lat' dir='ltr'><strong>lignarius,</strong></span> <span class='ocrx_word' id='word_1_105' title='bbox 345 787 481 836; x_wconf 88' lang='lat' dir='ltr'><strong>Itaque</strong></span> <span class='ocrx_word' id='word_1_106' title='bbox 513 798 606 836; x_wconf 88' lang='lat' dir='ltr'><strong>rogo</strong></span> <span class='ocrx_word' id='word_1_107' title='bbox 640 785 898 831; x_wconf 88' lang='lat' dir='ltr'><strong>vehementer,</strong></span> <span class='ocrx_word' id='word_1_108' title='bbox 931 784 994 822; x_wconf 88' lang='lat' dir='ltr'><strong>vel</strong></span> <span class='ocrx_word' id='word_1_109' title='bbox 1025 784 1244 822; x_wconf 85' lang='lat' dir='ltr'><strong>commodes</strong></span> <span class='ocrx_word' id='word_1_110' title='bbox 1278 784 1339 822; x_wconf 90' lang='lat' dir='ltr'><strong>vel</strong></span> <span class='ocrx_word' id='word_1_111' title='bbox 1359 784 1519 833; x_wconf 21' lang='lat' dir='ltr'><strong>*vendas</strong></span> <span class='ocrx_word' id='word_1_112' title='bbox 1552 786 1645 823; x_wconf 85' lang='lat' dir='ltr'><strong>mihi</strong></span> <span class='ocrx_word' id='word_1_113' title='bbox 1677 793 1791 838; x_wconf 85' lang='lat' dir='ltr'><strong>typos</strong></span> <span class='ocrx_word' id='word_1_114' title='bbox 1823 791 1896 841; x_wconf 76' lang='lat' dir='ltr'><strong>lig-</strong></span> 
     </span>
     <span class='ocr_line' id='line_1_12' title="bbox 104 842 1894 894; baseline 0.003 -12"><span class='ocrx_word' id='word_1_115' title='bbox 104 855 195 882; x_wconf 88' lang='lat' dir='ltr'><strong>neos</strong></span> <span class='ocrx_word' id='word_1_116' title='bbox 226 845 423 894; x_wconf 88' lang='lat' dir='ltr'><strong>Epitomes</strong></span> <span class='ocrx_word' id='word_1_117' title='bbox 455 851 556 891; x_wconf 87' lang='lat' dir='ltr'><strong>tuae,</strong></span> <span class='ocrx_word' id='word_1_118' title='bbox 589 850 794 892; x_wconf 87' lang='lat' dir='ltr'><strong>utrumque</strong></span> <span class='ocrx_word' id='word_1_119' title='bbox 826 843 927 881; x_wconf 89' lang='lat' dir='ltr'><strong>dicto</strong></span> <span class='ocrx_word' id='word_1_120' title='bbox 960 845 1127 892; x_wconf 86' lang='lat' dir='ltr'><strong>pretio..</strong></span> <span class='ocrx_word' id='word_1_121' title='bbox 1153 872 1160 880; x_wconf 88' lang='lat'><strong>.</strong></span> <span class='ocrx_word' id='word_1_122' title='bbox 1184 871 1193 880; x_wconf 82' lang='grc'><strong>.</strong></span> <span class='ocrx_word' id='word_1_123' title='bbox 1246 842 1304 880; x_wconf 88' lang='lat' dir='ltr'><strong>De</strong></span> <span class='ocrx_word' id='word_1_124' title='bbox 1329 843 1456 880; x_wconf 85' lang='lat' dir='ltr'><strong>causis</strong></span> <span class='ocrx_word' id='word_1_125' title='bbox 1488 843 1660 894; x_wconf 89' lang='lat' dir='ltr'><strong>physicis</strong></span> <span class='ocrx_word' id='word_1_126' title='bbox 1692 848 1803 886; x_wconf 87' lang='lat' dir='ltr'><strong>salva</strong></span> <span class='ocrx_word' id='word_1_127' title='bbox 1834 861 1894 888; x_wconf 88' lang='lat' dir='ltr'><strong>res</strong></span> 
     </span>
     <span class='ocr_line' id='line_1_13' title="bbox 104 901 1894 952; baseline 0.003 -12"><span class='ocrx_word' id='word_1_128' title='bbox 104 909 180 951; x_wconf 81' lang='lat' dir='ltr'><strong>est3</strong></span> <span class='ocrx_word' id='word_1_129' title='bbox 214 903 396 952; x_wconf 91' lang='lat' dir='ltr'><strong>quicquid</strong></span> <span class='ocrx_word' id='word_1_130' title='bbox 430 904 476 942; x_wconf 88' lang='lat' dir='ltr'><strong>de</strong></span> <span class='ocrx_word' id='word_1_131' title='bbox 509 903 568 940; x_wconf 90' lang='lat' dir='ltr'><strong>his</strong></span> <span class='ocrx_word' id='word_1_132' title='bbox 601 902 777 951; x_wconf 89' lang='lat' dir='ltr'><strong>disputo,</strong></span> <span class='ocrx_word' id='word_1_133' title='bbox 810 901 848 938; x_wconf 88' lang='lat' dir='ltr'><strong>id</strong></span> <span class='ocrx_word' id='word_1_134' title='bbox 880 903 977 938; x_wconf 90' lang='lat' dir='ltr'><strong>inter</strong></span> <span class='ocrx_word' id='word_1_135' title='bbox 1006 901 1194 950; x_wconf 88' lang='lat' dir='ltr'><strong>principia</strong></span> <span class='ocrx_word' id='word_1_136' title='bbox 1225 901 1385 938; x_wconf 84' lang='lat' dir='ltr'><strong>refertur</strong></span> <span class='ocrx_word' id='word_1_137' title='bbox 1388 928 1530 940; x_wconf 88' lang='grc'><strong>.....</strong></span> <span class='ocrx_word' id='word_1_138' title='bbox 1592 902 1673 951; x_wconf 85' lang='lat' dir='ltr'><strong>Ego</strong></span> <span class='ocrx_word' id='word_1_139' title='bbox 1705 907 1737 941; x_wconf 92' lang='lat' dir='ltr'><strong>si</strong></span> <span class='ocrx_word' id='word_1_140' title='bbox 1768 908 1894 946; x_wconf 89' lang='lat' dir='ltr'><strong>minus</strong></span> 
     </span>
     <span class='ocr_line' id='line_1_14' title="bbox 103 959 1895 1011; baseline 0.003 -13"><span class='ocrx_word' id='word_1_141' title='bbox 103 972 233 998; x_wconf 88' lang='lat' dir='ltr'><strong>veram</strong></span> <span class='ocrx_word' id='word_1_142' title='bbox 265 961 512 1011; x_wconf 83' lang='lat' dir='ltr'><strong>hypothesin,</strong></span> <span class='ocrx_word' id='word_1_143' title='bbox 545 960 680 998; x_wconf 87' lang='lat' dir='ltr'><strong>saltem</strong></span> <span class='ocrx_word' id='word_1_144' title='bbox 703 971 788 997; x_wconf 88' lang='lat' dir='ltr'><strong>mca</strong></span> <span class='ocrx_word' id='word_1_145' title='bbox 811 960 991 1009; x_wconf 90' lang='lat' dir='ltr'><strong>opinione</strong></span> <span class='ocrx_word' id='word_1_146' title='bbox 1013 971 1143 997; x_wconf 87' lang='lat' dir='ltr'><strong>veram</strong></span> <span class='ocrx_word' id='word_1_147' title='bbox 1166 959 1275 995; x_wconf 84' lang='lat' dir='ltr'><strong>trado</strong></span> <span class='ocrx_word' id='word_1_148' title='bbox 1300 970 1468 1005; x_wconf 87' lang='lat' dir='ltr'><strong>causam,</strong></span> <span class='ocrx_word' id='word_1_149' title='bbox 1502 971 1601 1008; x_wconf 87' lang='lat' dir='ltr'><strong>quae</strong></span> <span class='ocrx_word' id='word_1_150' title='bbox 1626 962 1747 1000; x_wconf 90' lang='lat' dir='ltr'><strong>multo</strong></span> <span class='ocrx_word' id='word_1_151' title='bbox 1769 966 1895 1004; x_wconf 86' lang='lat' dir='ltr'><strong>minus</strong></span> 
     </span>
     <span class='ocr_line' id='line_1_15' title="bbox 102 1011 1896 1071; baseline 0.003 -15"><span class='ocrx_word' id='word_1_152' title='bbox 102 1022 224 1065; x_wconf 85' lang='lat' dir='ltr'><strong>(quam</strong></span> <span class='ocrx_word' id='word_1_153' title='bbox 249 1022 482 1067; x_wconf 82' lang='lat' dir='ltr'><strong>Fabriciana,</strong></span> <span class='ocrx_word' id='word_1_154' title='bbox 519 1022 582 1057; x_wconf 90' lang='lat' dir='ltr'><strong>cfr.</strong></span> <span class='ocrx_word' id='word_1_155' title='bbox 608 1021 671 1056; x_wconf 89' lang='lat' dir='ltr'>III.</span> <span class='ocrx_word' id='word_1_156' title='bbox 702 1021 767 1055; x_wconf 74' lang='lat'><strong>128</strong></span> <span class='ocrx_word' id='word_1_157' title='bbox 793 1020 858 1063; x_wconf 83' lang='lat' dir='ltr'><strong>ss.)</strong></span> <span class='ocrx_word' id='word_1_158' title='bbox 892 1016 1008 1055; x_wconf 88' lang='lat' dir='ltr'><strong>habet</strong></span> <span class='ocrx_word' id='word_1_159' title='bbox 1041 1016 1292 1055; x_wconf 76' lang='lat' dir='ltr'><strong>absurditatis</strong></span> <span class='ocrx_word' id='word_1_160' title='bbox 1325 1019 1363 1053; x_wconf 91' lang='lat' dir='ltr'><strong>in</strong></span> <span class='ocrx_word' id='word_1_161' title='bbox 1396 1018 1654 1066; x_wconf 86' lang='lat' dir='ltr'><strong>computando</strong></span> <span class='ocrx_word' id='word_1_162' title='bbox 1678 1011 1896 1071; x_wconf 86' lang='lat' dir='ltr'><strong>compendii</strong></span> 
     </span>
     <span class='ocr_line' id='line_1_16' title="bbox 106 1074 1897 1126; baseline 0.002 -12"><span class='ocrx_word' id='word_1_163' title='bbox 106 1077 164 1115; x_wconf 78' lang='lat' dir='ltr'><strong>vel</strong></span> <span class='ocrx_word' id='word_1_164' title='bbox 197 1077 284 1126; x_wconf 89' lang='lat' dir='ltr'><strong>plus</strong></span> <span class='ocrx_word' id='word_1_165' title='bbox 329 1078 390 1115; x_wconf 92' lang='lat' dir='ltr'><strong>vel</strong></span> <span class='ocrx_word' id='word_1_166' title='bbox 429 1079 555 1115; x_wconf 90' lang='lat' dir='ltr'><strong>minus</strong></span> <span class='ocrx_word' id='word_1_167' title='bbox 588 1075 824 1115; x_wconf 81' lang='lat' dir='ltr'><strong>tantundem.</strong></span> <span class='ocrx_word' id='word_1_168' title='bbox 889 1075 986 1113; x_wconf 87' lang='lat' dir='ltr'><strong>Dico</strong></span> <span class='ocrx_word' id='word_1_169' title='bbox 1020 1077 1139 1121; x_wconf 89' lang='lat' dir='ltr'><strong>enim,</strong></span> <span class='ocrx_word' id='word_1_170' title='bbox 1182 1074 1312 1112; x_wconf 87' lang='lat' dir='ltr'><strong>librari</strong></span> <span class='ocrx_word' id='word_1_171' title='bbox 1352 1075 1547 1124; x_wconf 82' lang='lat' dir='ltr'><strong>planetam</strong></span> <span class='ocrx_word' id='word_1_172' title='bbox 1588 1078 1625 1113; x_wconf 90' lang='lat' dir='ltr'><strong>in</strong></span> <span class='ocrx_word' id='word_1_173' title='bbox 1662 1077 1763 1117; x_wconf 85' lang='lat' dir='ltr'><strong>linea</strong></span> <span class='ocrx_word' id='word_1_174' title='bbox 1794 1088 1897 1119; x_wconf 89' lang='lat' dir='ltr'><strong>recta</strong></span> 
     </span>
     <span class='ocr_line' id='line_1_17' title="bbox 104 1132 1896 1185; baseline 0.003 -13"><span class='ocrx_word' id='word_1_175' title='bbox 104 1148 236 1174; x_wconf 86' lang='lat' dir='ltr'><strong>versus</strong></span> <span class='ocrx_word' id='word_1_176' title='bbox 267 1136 397 1174; x_wconf 86' lang='lat' dir='ltr'><strong>Solem</strong></span> <span class='ocrx_word' id='word_1_177' title='bbox 429 1138 654 1185; x_wconf 87' lang='lat' dir='ltr'><strong>appetentia</strong></span> <span class='ocrx_word' id='word_1_178' title='bbox 685 1135 921 1183; x_wconf 84' lang='lat' dir='ltr'><strong>magnetica,</strong></span> <span class='ocrx_word' id='word_1_179' title='bbox 966 1145 1064 1182; x_wconf 87' lang='lat' dir='ltr'><strong>quae</strong></span> <span class='ocrx_word' id='word_1_180' title='bbox 1097 1134 1133 1169; x_wconf 91' lang='lat' dir='ltr'><strong>in</strong></span> <span class='ocrx_word' id='word_1_181' title='bbox 1167 1132 1328 1170; x_wconf 85' lang='lat' dir='ltr'><strong>diversis</strong></span> <span class='ocrx_word' id='word_1_182' title='bbox 1369 1133 1550 1170; x_wconf 84' lang='lat' dir='ltr'><strong>fibrarum</strong></span> <span class='ocrx_word' id='word_1_183' title='bbox 1582 1135 1896 1178; x_wconf 83' lang='lat' dir='ltr'><strong>inclinationibus</strong></span> 
     </span>
     <span class='ocr_line' id='line_1_18' title="bbox 102 1191 1895 1248; baseline 0.002 -17"><span class='ocrx_word' id='word_1_184' title='bbox 102 1195 151 1231; x_wconf 91' lang='lat' dir='ltr'><strong>sit</strong></span> <span class='ocrx_word' id='word_1_185' title='bbox 174 1194 348 1232; x_wconf 88' lang='lat' dir='ltr'><strong>diversae</strong></span> <span class='ocrx_word' id='word_1_186' title='bbox 372 1194 630 1242; x_wconf 78' lang='lat' dir='ltr'><strong>fortitudinis3</strong></span> <span class='ocrx_word' id='word_1_187' title='bbox 663 1194 800 1231; x_wconf 89' lang='lat' dir='ltr'><strong>metior</strong></span> <span class='ocrx_word' id='word_1_188' title='bbox 820 1192 920 1230; x_wconf 88' lang='lat' dir='ltr'><strong>hanc</strong></span> <span class='ocrx_word' id='word_1_189' title='bbox 943 1191 1203 1229; x_wconf 84' lang='lat' dir='ltr'><strong>fortitudinem</strong></span> <span class='ocrx_word' id='word_1_190' title='bbox 1226 1203 1294 1239; x_wconf 92' lang='lat' dir='ltr'><strong>per</strong></span> <span class='ocrx_word' id='word_1_191' title='bbox 1315 1193 1433 1238; x_wconf 90' lang='lat' dir='ltr'><strong>sinus,</strong></span> <span class='ocrx_word' id='word_1_192' title='bbox 1469 1193 1645 1230; x_wconf 87' lang='lat' dir='ltr'><strong>effectum</strong></span> <span class='ocrx_word' id='word_1_193' title='bbox 1667 1207 1734 1243; x_wconf 89' lang='lat' dir='ltr'><strong>per</strong></span> <span class='ocrx_word' id='word_1_194' title='bbox 1757 1195 1895 1248; x_wconf 88' lang='lat' dir='ltr'><strong>(sinus)</strong></span> 
     </span>
     <span class='ocr_line' id='line_1_19' title="bbox 103 1249 1896 1300; baseline 0.002 -10"><span class='ocrx_word' id='word_1_195' title='bbox 103 1265 235 1291; x_wconf 78' lang='lat' dir='ltr'><strong>versos</strong></span> <span class='ocrx_word' id='word_1_196' title='bbox 267 1253 485 1291; x_wconf 85' lang='lat' dir='ltr'><strong>anomaliae</strong></span> <span class='ocrx_word' id='word_1_197' title='bbox 517 1252 703 1299; x_wconf 89' lang='lat' dir='ltr'><strong>eccentri,</strong></span> <span class='ocrx_word' id='word_1_198' title='bbox 734 1262 803 1300; x_wconf 88' lang='lat' dir='ltr'><strong>pro</strong></span> <span class='ocrx_word' id='word_1_199' title='bbox 837 1251 983 1288; x_wconf 88' lang='lat' dir='ltr'><strong>ratione</strong></span> <span class='ocrx_word' id='word_1_200' title='bbox 1017 1261 1107 1288; x_wconf 88' lang='lat' dir='ltr'><strong>vero</strong></span> <span class='ocrx_word' id='word_1_201' title='bbox 1140 1249 1408 1286; x_wconf 81' lang='lat' dir='ltr'><strong>distantiarum</strong></span> <span class='ocrx_word' id='word_1_202' title='bbox 1439 1249 1489 1287; x_wconf 85' lang='lat' dir='ltr'><strong>ad</strong></span> <span class='ocrx_word' id='word_1_203' title='bbox 1522 1250 1650 1289; x_wconf 85' lang='lat' dir='ltr'><strong>Solem</strong></span> <span class='ocrx_word' id='word_1_204' title='bbox 1683 1253 1783 1291; x_wconf 90' lang='lat' dir='ltr'><strong>facio</strong></span> <span class='ocrx_word' id='word_1_205' title='bbox 1816 1261 1896 1293; x_wconf 92' lang='lat' dir='ltr'><strong>tar-</strong></span> 
     </span>
     <span class='ocr_line' id='line_1_20' title="bbox 102 1308 1896 1364; baseline 0.001 -16"><span class='ocrx_word' id='word_1_206' title='bbox 102 1310 190 1348; x_wconf 89' lang='lat' dir='ltr'><strong>dum</strong></span> <span class='ocrx_word' id='word_1_207' title='bbox 221 1311 285 1349; x_wconf 91' lang='lat' dir='ltr'><strong>vel</strong></span> <span class='ocrx_word' id='word_1_208' title='bbox 316 1311 489 1349; x_wconf 89' lang='lat' dir='ltr'><strong>velocem</strong></span> <span class='ocrx_word' id='word_1_209' title='bbox 521 1323 559 1349; x_wconf 90' lang='lat' dir='ltr'><strong>re</strong></span> <span class='ocrx_word' id='word_1_210' title='bbox 592 1322 696 1348; x_wconf 84' lang='lat' dir='ltr'><strong>vera.</strong></span> <span class='ocrx_word' id='word_1_211' title='bbox 746 1308 985 1359; x_wconf 86' lang='lat' dir='ltr'><strong>Hypothesis</strong></span> <span class='ocrx_word' id='word_1_212' title='bbox 1020 1312 1077 1346; x_wconf 90' lang='lat' dir='ltr'><strong>est</strong></span> <span class='ocrx_word' id='word_1_213' title='bbox 1109 1308 1285 1357; x_wconf 88' lang='lat' dir='ltr'><strong>physica,</strong></span> <span class='ocrx_word' id='word_1_214' title='bbox 1321 1309 1413 1356; x_wconf 84' lang='lat' dir='ltr'><strong>quia</strong></span> <span class='ocrx_word' id='word_1_215' title='bbox 1444 1308 1562 1346; x_wconf 88' lang='lat' dir='ltr'><strong>habet</strong></span> <span class='ocrx_word' id='word_1_216' title='bbox 1594 1312 1771 1360; x_wconf 81' lang='lat' dir='ltr'><strong>exempla</strong></span> <span class='ocrx_word' id='word_1_217' title='bbox 1792 1313 1896 1364; x_wconf 91' lang='lat' dir='ltr'><strong>phy-</strong></span> 
     </span>
     <span class='ocr_line' id='line_1_21' title="bbox 99 1366 1890 1419; baseline 0.001 -12"><span class='ocrx_word' id='word_1_218' title='bbox 99 1370 180 1407; x_wconf 86' lang='lat' dir='ltr'><strong>sica</strong></span> <span class='ocrx_word' id='word_1_219' title='bbox 211 1371 412 1419; x_wconf 81' lang='lat' dir='ltr'><strong>magnetis,</strong></span> <span class='ocrx_word' id='word_1_220' title='bbox 447 1374 506 1408; x_wconf 87' lang='lat' dir='ltr'><strong>est</strong></span> <span class='ocrx_word' id='word_1_221' title='bbox 534 1369 708 1419; x_wconf 85' lang='lat' dir='ltr'><strong>physica,</strong></span> <span class='ocrx_word' id='word_1_222' title='bbox 742 1368 778 1405; x_wconf 90' lang='lat' dir='ltr'><strong>h.</strong></span> <span class='ocrx_word' id='word_1_223' title='bbox 804 1378 834 1404; x_wconf 90' lang='lat' dir='ltr'><strong>e.</strong></span> <span class='ocrx_word' id='word_1_224' title='bbox 859 1367 1059 1413; x_wconf 88' lang='lat' dir='ltr'><strong>naturalis,</strong></span> <span class='ocrx_word' id='word_1_225' title='bbox 1096 1367 1187 1415; x_wconf 88' lang='lat' dir='ltr'><strong>quia</strong></span> <span class='ocrx_word' id='word_1_226' title='bbox 1222 1377 1312 1404; x_wconf 81' lang='lat' dir='ltr'><strong>vera</strong></span> <span class='ocrx_word' id='word_1_227' title='bbox 1345 1370 1382 1404; x_wconf 84' lang='lat' dir='ltr'><strong>et</strong></span> <span class='ocrx_word' id='word_1_228' title='bbox 1405 1366 1544 1404; x_wconf 88' lang='lat' dir='ltr'><strong>educta</strong></span> <span class='ocrx_word' id='word_1_229' title='bbox 1576 1379 1621 1405; x_wconf 87' lang='lat' dir='ltr'><strong>ex</strong></span> <span class='ocrx_word' id='word_1_230' title='bbox 1644 1370 1729 1418; x_wconf 86' lang='lat' dir='ltr'><strong>ipsa</strong></span> <span class='ocrx_word' id='word_1_231' title='bbox 1752 1375 1890 1410; x_wconf 87' lang='lat' dir='ltr'><strong>natura</strong></span> 
     </span>
     <span class='ocr_line' id='line_1_22' title="bbox 101 1424 1894 1477; baseline 0.001 -12"><span class='ocrx_word' id='word_1_232' title='bbox 101 1429 250 1466; x_wconf 87' lang='lat' dir='ltr'><strong>interna</strong></span> <span class='ocrx_word' id='word_1_233' title='bbox 281 1439 481 1477; x_wconf 85' lang='lat' dir='ltr'><strong>corporum</strong></span> <span class='ocrx_word' id='word_1_234' title='bbox 504 1427 684 1477; x_wconf 88' lang='lat' dir='ltr'><strong>planetae</strong></span> <span class='ocrx_word' id='word_1_235' title='bbox 707 1430 744 1463; x_wconf 90' lang='lat' dir='ltr'><strong>et</strong></span> <span class='ocrx_word' id='word_1_236' title='bbox 766 1425 880 1471; x_wconf 86' lang='lat' dir='ltr'><strong>Solis,</strong></span> <span class='ocrx_word' id='word_1_237' title='bbox 914 1429 972 1462; x_wconf 87' lang='lat' dir='ltr'><strong>est</strong></span> <span class='ocrx_word' id='word_1_238' title='bbox 993 1425 1167 1474; x_wconf 85' lang='lat' dir='ltr'><strong>physica,</strong></span> <span class='ocrx_word' id='word_1_239' title='bbox 1202 1425 1292 1473; x_wconf 88' lang='lat' dir='ltr'><strong>quia</strong></span> <span class='ocrx_word' id='word_1_240' title='bbox 1313 1424 1449 1462; x_wconf 86' lang='lat' dir='ltr'><strong>modos</strong></span> <span class='ocrx_word' id='word_1_241' title='bbox 1472 1436 1602 1463; x_wconf 88' lang='lat' dir='ltr'><strong>omnes</strong></span> <span class='ocrx_word' id='word_1_242' title='bbox 1625 1431 1729 1465; x_wconf 88' lang='lat' dir='ltr'><strong>tenet</strong></span> <span class='ocrx_word' id='word_1_243' title='bbox 1750 1431 1894 1468; x_wconf 87' lang='lat' dir='ltr'><strong>motio-</strong></span> 
     </span>
     <span class='ocr_line' id='line_1_23' title="bbox 100 1483 1896 1536; baseline 0.002 -13"><span class='ocrx_word' id='word_1_244' title='bbox 100 1498 190 1523; x_wconf 90' lang='lat' dir='ltr'><strong>num</strong></span> <span class='ocrx_word' id='word_1_245' title='bbox 223 1487 475 1534; x_wconf 81' lang='lat' dir='ltr'><strong>naturalium3</strong></span> <span class='ocrx_word' id='word_1_246' title='bbox 509 1491 567 1525; x_wconf 86' lang='lat' dir='ltr'><strong>est</strong></span> <span class='ocrx_word' id='word_1_247' title='bbox 602 1490 729 1522; x_wconf 84' lang='lat' dir='ltr'><strong>tamen</strong></span> <span class='ocrx_word' id='word_1_248' title='bbox 766 1485 880 1521; x_wconf 88' lang='lat' dir='ltr'><strong>etiam</strong></span> <span class='ocrx_word' id='word_1_249' title='bbox 917 1485 1196 1529; x_wconf 87' lang='lat' dir='ltr'><strong>astronomica,</strong></span> <span class='ocrx_word' id='word_1_250' title='bbox 1230 1483 1321 1531; x_wconf 89' lang='lat' dir='ltr'><strong>quia</strong></span> <span class='ocrx_word' id='word_1_251' title='bbox 1353 1483 1733 1532; x_wconf 87' lang='lat' dir='ltr'><strong>compendiosissime</strong></span> <span class='ocrx_word' id='word_1_252' title='bbox 1767 1493 1896 1536; x_wconf 88' lang='lat' dir='ltr'><strong>potest</strong></span> 
     </span>
     <span class='ocr_line' id='line_1_24' title="bbox 101 1541 1895 1594; baseline 0 -12"><span class='ocrx_word' id='word_1_253' title='bbox 101 1546 314 1594; x_wconf 88' lang='lat' dir='ltr'><strong>computari</strong></span> <span class='ocrx_word' id='word_1_254' title='bbox 344 1546 527 1593; x_wconf 87' lang='lat' dir='ltr'><strong>aequatio</strong></span> <span class='ocrx_word' id='word_1_255' title='bbox 551 1549 588 1582; x_wconf 90' lang='lat' dir='ltr'><strong>et</strong></span> <span class='ocrx_word' id='word_1_256' title='bbox 610 1543 791 1580; x_wconf 89' lang='lat' dir='ltr'><strong>distantia</strong></span> <span class='ocrx_word' id='word_1_257' title='bbox 815 1541 1006 1590; x_wconf 88' lang='lat' dir='ltr'><strong>planetae.</strong></span> <span class='ocrx_word' id='word_1_258' title='bbox 1049 1541 1184 1579; x_wconf 86' lang='lat' dir='ltr'><strong>Posita</strong></span> <span class='ocrx_word' id='word_1_259' title='bbox 1205 1542 1304 1579; x_wconf 89' lang='lat' dir='ltr'><strong>enim</strong></span> <span class='ocrx_word' id='word_1_260' title='bbox 1328 1541 1522 1580; x_wconf 87' lang='lat' dir='ltr'><strong>anomalia</strong></span> <span class='ocrx_word' id='word_1_261' title='bbox 1559 1545 1745 1591; x_wconf 89' lang='lat' dir='ltr'><strong>eccentri‚</strong></span> <span class='ocrx_word' id='word_1_262' title='bbox 1780 1545 1895 1584; x_wconf 86' lang='lat' dir='ltr'><strong>datur</strong></span> 
     </span>
     <span class='ocr_line' id='line_1_25' title="bbox 100 1599 1894 1651; baseline 0.001 -11"><span class='ocrx_word' id='word_1_263' title='bbox 100 1603 193 1640; x_wconf 88' lang='lat' dir='ltr'><strong>mihi</strong></span> <span class='ocrx_word' id='word_1_264' title='bbox 232 1604 338 1640; x_wconf 88' lang='lat' dir='ltr'><strong>sinus</strong></span> <span class='ocrx_word' id='word_1_265' title='bbox 381 1603 464 1651; x_wconf 88' lang='lat' dir='ltr'><strong>ejus</strong></span> <span class='ocrx_word' id='word_1_266' title='bbox 506 1601 776 1651; x_wconf 87' lang='lat' dir='ltr'><strong>complementi</strong></span> <span class='ocrx_word' id='word_1_267' title='bbox 819 1599 881 1638; x_wconf 89' lang='lat' dir='ltr'><strong>vel</strong></span> <span class='ocrx_word' id='word_1_268' title='bbox 921 1611 1119 1647; x_wconf 84' lang='lat' dir='ltr'><strong>excessus,</strong></span> <span class='ocrx_word' id='word_1_269' title='bbox 1163 1603 1200 1637; x_wconf 90' lang='lat' dir='ltr'><strong>et</strong></span> <span class='ocrx_word' id='word_1_270' title='bbox 1242 1604 1284 1637; x_wconf 89' lang='lat' dir='ltr'><strong>ut</strong></span> <span class='ocrx_word' id='word_1_271' title='bbox 1324 1600 1429 1636; x_wconf 90' lang='lat' dir='ltr'><strong>sinus</strong></span> <span class='ocrx_word' id='word_1_272' title='bbox 1463 1605 1565 1638; x_wconf 89' lang='lat' dir='ltr'><strong>totus</strong></span> <span class='ocrx_word' id='word_1_273' title='bbox 1599 1600 1649 1638; x_wconf 86' lang='lat' dir='ltr'><strong>ad</strong></span> <span class='ocrx_word' id='word_1_274' title='bbox 1679 1602 1801 1651; x_wconf 89' lang='lat' dir='ltr'><strong>hunc,</strong></span> <span class='ocrx_word' id='word_1_275' title='bbox 1838 1606 1894 1643; x_wconf 91' lang='lat' dir='ltr'><strong>sic</strong></span> 
     </span>
     <span class='ocr_line' id='line_1_26' title="bbox 99 1657 1893 1710; baseline 0.001 -12"><span class='ocrx_word' id='word_1_276' title='bbox 99 1661 254 1699; x_wconf 89' lang='lat' dir='ltr'><strong>libratio</strong></span> <span class='ocrx_word' id='word_1_277' title='bbox 298 1661 455 1699; x_wconf 88' lang='lat' dir='ltr'><strong>dimidia</strong></span> <span class='ocrx_word' id='word_1_278' title='bbox 484 1673 551 1699; x_wconf 90' lang='lat' dir='ltr'><strong>seu</strong></span> <span class='ocrx_word' id='word_1_279' title='bbox 585 1659 848 1698; x_wconf 86' lang='lat' dir='ltr'><strong>eccentricitas</strong></span> <span class='ocrx_word' id='word_1_280' title='bbox 891 1662 972 1696; x_wconf 84' lang='lat' dir='ltr'><strong>tota</strong></span> <span class='ocrx_word' id='word_1_281' title='bbox 1014 1657 1063 1695; x_wconf 88' lang='lat' dir='ltr'><strong>ad</strong></span> <span class='ocrx_word' id='word_1_282' title='bbox 1101 1664 1248 1707; x_wconf 85' lang='lat' dir='ltr'><strong>partem</strong></span> <span class='ocrx_word' id='word_1_283' title='bbox 1289 1657 1505 1696; x_wconf 86' lang='lat' dir='ltr'><strong>librationis</strong></span> <span class='ocrx_word' id='word_1_284' title='bbox 1545 1658 1622 1697; x_wconf 89' lang='lat' dir='ltr'><strong>illic</strong></span> <span class='ocrx_word' id='word_1_285' title='bbox 1662 1660 1893 1710; x_wconf 84' lang='lat' dir='ltr'><strong>addendam,</strong></span> 
     </span>
     <span class='ocr_line' id='line_1_27' title="bbox 93 1715 1893 1765; baseline 0.001 -9"><span class='ocrx_word' id='word_1_286' title='bbox 93 1719 163 1757; x_wconf 89' lang='lat' dir='ltr'><strong>·hic</strong></span> <span class='ocrx_word' id='word_1_287' title='bbox 194 1720 441 1758; x_wconf 85' lang='lat' dir='ltr'><strong>auferendam</strong></span> <span class='ocrx_word' id='word_1_288' title='bbox 473 1731 495 1756; x_wconf 87' lang='lat' dir='ltr'><strong>a</strong></span> <span class='ocrx_word' id='word_1_289' title='bbox 526 1717 810 1757; x_wconf 84' lang='lat' dir='ltr'><strong>semidiametro</strong></span> <span class='ocrx_word' id='word_1_290' title='bbox 850 1716 997 1753; x_wconf 83' lang='lat' dir='ltr'><strong>orbitae</strong></span> <span class='ocrx_word' id='word_1_291' title='bbox 1037 1715 1229 1765; x_wconf 81' lang='lat' dir='ltr'><strong>planetae.</strong></span> <span class='ocrx_word' id='word_1_292' title='bbox 1292 1716 1607 1754; x_wconf 88' lang='lat' dir='ltr'><strong>Demonstratum</strong></span> <span class='ocrx_word' id='word_1_293' title='bbox 1649 1723 1707 1756; x_wconf 89' lang='lat' dir='ltr'><strong>est</strong></span> <span class='ocrx_word' id='word_1_294' title='bbox 1737 1719 1893 1758; x_wconf 89' lang='lat' dir='ltr'><strong>solidis-</strong></span> 
     </span>
     <span class='ocr_line' id='line_1_28' title="bbox 99 1774 1894 1826; baseline 0.001 -12"><span class='ocrx_word' id='word_1_295' title='bbox 99 1779 206 1825; x_wconf 86' lang='lat' dir='ltr'><strong>sime,</strong></span> <span class='ocrx_word' id='word_1_296' title='bbox 238 1778 297 1815; x_wconf 88' lang='lat' dir='ltr'><strong>his</strong></span> <span class='ocrx_word' id='word_1_297' title='bbox 330 1778 546 1816; x_wconf 85' lang='lat' dir='ltr'><strong>librationis</strong></span> <span class='ocrx_word' id='word_1_298' title='bbox 567 1777 875 1826; x_wconf 82' lang='lat' dir='ltr'><strong>simplicissimae</strong></span> <span class='ocrx_word' id='word_1_299' title='bbox 897 1774 1048 1823; x_wconf 83' lang='lat' dir='ltr'><strong>legibus</strong></span> <span class='ocrx_word' id='word_1_300' title='bbox 1072 1775 1232 1823; x_wconf 81' lang='lat' dir='ltr'><strong>effigiari</strong></span> <span class='ocrx_word' id='word_1_301' title='bbox 1258 1775 1422 1812; x_wconf 88' lang='lat' dir='ltr'><strong>orbitam</strong></span> <span class='ocrx_word' id='word_1_302' title='bbox 1446 1775 1667 1824; x_wconf 70' lang='lat' dir='ltr'><strong>ellipticam„</strong></span> <span class='ocrx_word' id='word_1_303' title='bbox 1711 1776 1894 1826; x_wconf 86' lang='lat' dir='ltr'><strong>Sequitur</strong></span> 
     </span>
     <span class='ocr_line' id='line_1_29' title="bbox 100 1831 1891 1885; baseline 0.001 -11"><span class='ocrx_word' id='word_1_304' title='bbox 100 1838 304 1885; x_wconf 85' lang='lat' dir='ltr'><strong>aequatio,</strong></span> <span class='ocrx_word' id='word_1_305' title='bbox 351 1836 459 1885; x_wconf 88' lang='lat' dir='ltr'><strong>cujus</strong></span> <span class='ocrx_word' id='word_1_306' title='bbox 490 1841 580 1873; x_wconf 90' lang='lat' dir='ltr'><strong>sunt</strong></span> <span class='ocrx_word' id='word_1_307' title='bbox 609 1840 738 1884; x_wconf 91' lang='lat' dir='ltr'><strong>partes</strong></span> <span class='ocrx_word' id='word_1_308' title='bbox 781 1834 910 1882; x_wconf 87' lang='lat' dir='ltr'><strong>optica</strong></span> <span class='ocrx_word' id='word_1_309' title='bbox 942 1837 978 1870; x_wconf 87' lang='lat' dir='ltr'><strong>et</strong></span> <span class='ocrx_word' id='word_1_310' title='bbox 1009 1833 1184 1883; x_wconf 86' lang='lat' dir='ltr'><strong>physica.</strong></span> <span class='ocrx_word' id='word_1_311' title='bbox 1247 1831 1388 1882; x_wconf 86' lang='lat' dir='ltr'><strong>Optica</strong></span> <span class='ocrx_word' id='word_1_312' title='bbox 1427 1838 1484 1871; x_wconf 87' lang='lat' dir='ltr'><strong>est</strong></span> <span class='ocrx_word' id='word_1_313' title='bbox 1516 1845 1560 1871; x_wconf 89' lang='lat' dir='ltr'><strong>ex</strong></span> <span class='ocrx_word' id='word_1_314' title='bbox 1595 1836 1891 1884; x_wconf 86' lang='lat' dir='ltr'><strong>eccentricitate‚</strong></span> 
     </span>
     <span class='ocr_line' id='line_1_30' title="bbox 99 1890 1892 1944; baseline 0.001 -13"><span class='ocrx_word' id='word_1_315' title='bbox 99 1894 260 1944; x_wconf 87' lang='lat' dir='ltr'><strong>physica</strong></span> <span class='ocrx_word' id='word_1_316' title='bbox 292 1907 339 1932; x_wconf 86' lang='lat' dir='ltr'><strong>ex</strong></span> <span class='ocrx_word' id='word_1_317' title='bbox 370 1894 536 1932; x_wconf 87' lang='lat' dir='ltr'><strong>naturali</strong></span> <span class='ocrx_word' id='word_1_318' title='bbox 568 1893 748 1932; x_wconf 87' lang='lat' dir='ltr'><strong>tarditate</strong></span> <span class='ocrx_word' id='word_1_319' title='bbox 792 1891 840 1929; x_wconf 93' lang='lat' dir='ltr'><strong>ob</strong></span> <span class='ocrx_word' id='word_1_320' title='bbox 879 1891 1101 1928; x_wconf 85' lang='lat' dir='ltr'><strong>distantiam</strong></span> <span class='ocrx_word' id='word_1_321' title='bbox 1134 1904 1155 1928; x_wconf 87' lang='lat' dir='ltr'><strong>a</strong></span> <span class='ocrx_word' id='word_1_322' title='bbox 1187 1890 1278 1928; x_wconf 85' lang='lat' dir='ltr'><strong>Sole</strong></span> <span class='ocrx_word' id='word_1_323' title='bbox 1310 1892 1533 1929; x_wconf 86' lang='lat' dir='ltr'><strong>auctiorem.</strong></span> <span class='ocrx_word' id='word_1_324' title='bbox 1594 1890 1762 1931; x_wconf 87' lang='lat' dir='ltr'><strong>Rursum</strong></span> <span class='ocrx_word' id='word_1_325' title='bbox 1792 1894 1892 1934; x_wconf 91' lang='lat' dir='ltr'><strong>hanc</strong></span> 
     </span>
     <span class='ocr_line' id='line_1_31' title="bbox 101 1949 1893 2002; baseline 0.001 -12"><span class='ocrx_word' id='word_1_326' title='bbox 101 1957 280 2002; x_wconf 92' lang='lat' dir='ltr'><strong>computo</strong></span> <span class='ocrx_word' id='word_1_327' title='bbox 311 1952 505 1991; x_wconf 89' lang='lat' dir='ltr'><strong>facillime.</strong></span> <span class='ocrx_word' id='word_1_328' title='bbox 567 1952 664 1990; x_wconf 87' lang='lat' dir='ltr'><strong>Nam</strong></span> <span class='ocrx_word' id='word_1_329' title='bbox 699 1954 741 1988; x_wconf 90' lang='lat' dir='ltr'><strong>ut</strong></span> <span class='ocrx_word' id='word_1_330' title='bbox 772 1955 829 1988; x_wconf 90' lang='lat' dir='ltr'><strong>est</strong></span> <span class='ocrx_word' id='word_1_331' title='bbox 859 1950 965 1987; x_wconf 90' lang='lat' dir='ltr'><strong>sinus</strong></span> <span class='ocrx_word' id='word_1_332' title='bbox 994 1949 1212 1988; x_wconf 82' lang='lat' dir='ltr'><strong>anomaliae</strong></span> <span class='ocrx_word' id='word_1_333' title='bbox 1246 1950 1410 1987; x_wconf 89' lang='lat' dir='ltr'><strong>eccentri</strong></span> <span class='ocrx_word' id='word_1_334' title='bbox 1442 1949 1490 1987; x_wconf 89' lang='lat' dir='ltr'><strong>ad</strong></span> <span class='ocrx_word' id='word_1_335' title='bbox 1522 1953 1665 1997; x_wconf 85' lang='lat' dir='ltr'><strong>totum,</strong></span> <span class='ocrx_word' id='word_1_336' title='bbox 1707 1953 1763 1990; x_wconf 90' lang='lat' dir='ltr'><strong>sic</strong></span> <span class='ocrx_word' id='word_1_337' title='bbox 1802 1964 1893 1991; x_wconf 86' lang='lat' dir='ltr'><strong>area</strong></span> 
     </span>
     <span class='ocr_line' id='line_1_32' title="bbox 100 2003 1893 2064; baseline -0.001 -16"><span class='ocrx_word' id='word_1_338' title='bbox 100 2012 186 2060; x_wconf 81' lang='lat' dir='ltr'><strong>(seu</strong></span> <span class='ocrx_word' id='word_1_339' title='bbox 217 2012 348 2060; x_wconf 90' lang='lat' dir='ltr'><strong>potius</strong></span> <span class='ocrx_word' id='word_1_340' title='bbox 371 2007 499 2064; x_wconf 89' lang='lat' dir='ltr'><strong>valor)</strong></span> <span class='ocrx_word' id='word_1_341' title='bbox 531 2009 712 2058; x_wconf 86' lang='lat' dir='ltr'><strong>trianguli</strong></span> <span class='ocrx_word' id='word_1_342' title='bbox 735 2009 950 2056; x_wconf 83' lang='lat' dir='ltr'><strong>aequatorii</strong></span> <span class='ocrx_word' id='word_1_343' title='bbox 972 2007 1021 2044; x_wconf 90' lang='lat' dir='ltr'><strong>ad</strong></span> <span class='ocrx_word' id='word_1_344' title='bbox 1043 2019 1172 2046; x_wconf 87' lang='lat' dir='ltr'><strong>aream</strong></span> <span class='ocrx_word' id='word_1_345' title='bbox 1195 2003 1403 2060; x_wconf 84' lang='lat' dir='ltr'><strong>(valorem)</strong></span> <span class='ocrx_word' id='word_1_346' title='bbox 1435 2007 1536 2046; x_wconf 90' lang='lat' dir='ltr'><strong>illius</strong></span> <span class='ocrx_word' id='word_1_347' title='bbox 1561 2009 1754 2058; x_wconf 86' lang='lat' dir='ltr'><strong>trianguli,</strong></span> <span class='ocrx_word' id='word_1_348' title='bbox 1788 2011 1893 2059; x_wconf 85' lang='lat' dir='ltr'><strong>quod</strong></span> 
     </span>
     <span class='ocr_line' id='line_1_33' title="bbox 99 2066 1891 2118; baseline 0.001 -12"><span class='ocrx_word' id='word_1_349' title='bbox 99 2071 138 2106; x_wconf 89' lang='lat' dir='ltr'><strong>in</strong></span> <span class='ocrx_word' id='word_1_350' title='bbox 169 2070 366 2107; x_wconf 88' lang='lat' dir='ltr'><strong>anomalia</strong></span> <span class='ocrx_word' id='word_1_351' title='bbox 398 2069 524 2107; x_wconf 88' lang='lat' dir='ltr'><strong>media</strong></span> <span class='ocrx_word' id='word_1_352' title='bbox 556 2073 650 2114; x_wconf 88' lang='lat' dir='ltr'><strong>stat,</strong></span> <span class='ocrx_word' id='word_1_353' title='bbox 694 2068 864 2104; x_wconf 89' lang='lat' dir='ltr'><strong>existens</strong></span> <span class='ocrx_word' id='word_1_354' title='bbox 906 2067 1076 2103; x_wconf 86' lang='lat' dir='ltr'><strong>omnium</strong></span> <span class='ocrx_word' id='word_1_355' title='bbox 1113 2068 1320 2103; x_wconf 83' lang='lat' dir='ltr'><strong>maximum</strong></span> <span class='ocrx_word' id='word_1_356' title='bbox 1327 2094 1466 2105; x_wconf 77' lang='lat'><strong>.....</strong></span> <span class='ocrx_word' id='word_1_357' title='bbox 1527 2066 1571 2103; x_wconf 90' lang='lat' dir='ltr'><strong>In</strong></span> <span class='ocrx_word' id='word_1_358' title='bbox 1602 2071 1710 2115; x_wconf 87' lang='lat' dir='ltr'><strong>parte</strong></span> <span class='ocrx_word' id='word_1_359' title='bbox 1741 2068 1891 2118; x_wconf 88' lang='lat' dir='ltr'><strong>reliqua</strong></span> 
     </span>
     <span class='ocr_line' id='line_1_34' title="bbox 101 2123 1891 2178; baseline 0 -13"><span class='ocrx_word' id='word_1_360' title='bbox 101 2129 343 2177; x_wconf 88' lang='lat' dir='ltr'><strong>aequationis</strong></span> <span class='ocrx_word' id='word_1_361' title='bbox 386 2129 537 2178; x_wconf 89' lang='lat' dir='ltr'><strong>opticae</strong></span> <span class='ocrx_word' id='word_1_362' title='bbox 579 2137 728 2164; x_wconf 88' lang='lat' dir='ltr'><strong>rursum</strong></span> <span class='ocrx_word' id='word_1_363' title='bbox 769 2129 857 2162; x_wconf 91' lang='lat' dir='ltr'><strong>utor</strong></span> <span class='ocrx_word' id='word_1_364' title='bbox 895 2125 982 2161; x_wconf 88' lang='lat' dir='ltr'><strong>sinu</strong></span> <span class='ocrx_word' id='word_1_365' title='bbox 1028 2124 1296 2174; x_wconf 86' lang='lat' dir='ltr'><strong>complementi</strong></span> <span class='ocrx_word' id='word_1_366' title='bbox 1343 2123 1405 2161; x_wconf 87' lang='lat' dir='ltr'><strong>vel</strong></span> <span class='ocrx_word' id='word_1_367' title='bbox 1448 2136 1627 2163; x_wconf 86' lang='lat' dir='ltr'><strong>excessus</strong></span> <span class='ocrx_word' id='word_1_368' title='bbox 1673 2126 1891 2165; x_wconf 88' lang='lat' dir='ltr'><strong>anomaliae</strong></span> 
     </span>
     <span class='ocr_line' id='line_1_35' title="bbox 99 2182 1891 2233; baseline -0.001 -9"><span class='ocrx_word' id='word_1_369' title='bbox 99 2187 276 2233; x_wconf 88' lang='lat' dir='ltr'><strong>eccentri‚</strong></span> <span class='ocrx_word' id='word_1_370' title='bbox 310 2187 370 2224; x_wconf 91' lang='lat' dir='ltr'><strong>cui</strong></span> <span class='ocrx_word' id='word_1_371' title='bbox 402 2185 503 2223; x_wconf 87' lang='lat' dir='ltr'><strong>addo</strong></span> <span class='ocrx_word' id='word_1_372' title='bbox 537 2185 599 2223; x_wconf 89' lang='lat' dir='ltr'><strong>vel</strong></span> <span class='ocrx_word' id='word_1_373' title='bbox 629 2182 789 2222; x_wconf 87' lang='lat' dir='ltr'><strong>detraho</strong></span> <span class='ocrx_word' id='word_1_374' title='bbox 823 2183 1166 2230; x_wconf 89' lang='lat' dir='ltr'><strong>eccentricitatem,</strong></span> <span class='ocrx_word' id='word_1_375' title='bbox 1199 2187 1236 2220; x_wconf 90' lang='lat' dir='ltr'><strong>et</strong></span> <span class='ocrx_word' id='word_1_376' title='bbox 1267 2186 1308 2220; x_wconf 91' lang='lat' dir='ltr'><strong>ut</strong></span> <span class='ocrx_word' id='word_1_377' title='bbox 1341 2182 1522 2220; x_wconf 87' lang='lat' dir='ltr'><strong>distantia</strong></span> <span class='ocrx_word' id='word_1_378' title='bbox 1554 2182 1733 2232; x_wconf 89' lang='lat' dir='ltr'><strong>planetae</strong></span> <span class='ocrx_word' id='word_1_379' title='bbox 1755 2195 1778 2222; x_wconf 84' lang='lat' dir='ltr'><strong>a</strong></span> <span class='ocrx_word' id='word_1_380' title='bbox 1800 2184 1891 2223; x_wconf 87' lang='lat' dir='ltr'><strong>Sole</strong></span> 
     </span>
     <span class='ocr_line' id='line_1_36' title="bbox 99 2239 1891 2291; baseline -0.001 -9"><span class='ocrx_word' id='word_1_381' title='bbox 99 2244 148 2282; x_wconf 88' lang='lat' dir='ltr'><strong>ad</strong></span> <span class='ocrx_word' id='word_1_382' title='bbox 180 2244 279 2282; x_wconf 90' lang='lat' dir='ltr'><strong>hanc</strong></span> <span class='ocrx_word' id='word_1_383' title='bbox 309 2245 463 2291; x_wconf 85' lang='lat' dir='ltr'><strong>factam,</strong></span> <span class='ocrx_word' id='word_1_384' title='bbox 496 2245 550 2282; x_wconf 89' lang='lat' dir='ltr'><strong>sic</strong></span> <span class='ocrx_word' id='word_1_385' title='bbox 581 2244 687 2280; x_wconf 88' lang='lat' dir='ltr'><strong>sinus</strong></span> <span class='ocrx_word' id='word_1_386' title='bbox 718 2246 822 2279; x_wconf 88' lang='lat' dir='ltr'><strong>totus</strong></span> <span class='ocrx_word' id='word_1_387' title='bbox 852 2239 903 2278; x_wconf 88' lang='lat' dir='ltr'><strong>ad</strong></span> <span class='ocrx_word' id='word_1_388' title='bbox 933 2242 1058 2277; x_wconf 90' lang='lat' dir='ltr'><strong>sinum</strong></span> <span class='ocrx_word' id='word_1_389' title='bbox 1091 2241 1360 2291; x_wconf 88' lang='lat' dir='ltr'><strong>complementi</strong></span> <span class='ocrx_word' id='word_1_390' title='bbox 1384 2239 1447 2278; x_wconf 84' lang='lat' dir='ltr'><strong>vel</strong></span> <span class='ocrx_word' id='word_1_391' title='bbox 1471 2252 1650 2278; x_wconf 88' lang='lat' dir='ltr'><strong>excessus</strong></span> <span class='ocrx_word' id='word_1_392' title='bbox 1673 2243 1891 2281; x_wconf 88' lang='lat' dir='ltr'><strong>anomaliae</strong></span> 
     </span>
     <span class='ocr_line' id='line_1_37' title="bbox 100 2298 1890 2351; baseline -0.001 -11"><span class='ocrx_word' id='word_1_393' title='bbox 100 2308 338 2351; x_wconf 87' lang='lat' dir='ltr'><strong>coaequatae</strong></span> <span class='ocrx_word' id='word_1_394' title='bbox 343 2332 515 2342; x_wconf 87' lang='grc'><strong>......</strong></span> <span class='ocrx_word' id='word_1_395' title='bbox 577 2301 711 2347; x_wconf 88' lang='lat' dir='ltr'><strong>Vides,</strong></span> <span class='ocrx_word' id='word_1_396' title='bbox 743 2298 838 2336; x_wconf 88' lang='lat' dir='ltr'><strong>nihil</strong></span> <span class='ocrx_word' id='word_1_397' title='bbox 869 2299 1053 2337; x_wconf 90' lang='lat' dir='ltr'><strong>interesse</strong></span> <span class='ocrx_word' id='word_1_398' title='bbox 1086 2301 1357 2346; x_wconf 87' lang='lat' dir='ltr'><strong>astronomiae,</strong></span> <span class='ocrx_word' id='word_1_399' title='bbox 1390 2298 1550 2348; x_wconf 89' lang='lat' dir='ltr'><strong>physica</strong></span> <span class='ocrx_word' id='word_1_400' title='bbox 1581 2300 1631 2336; x_wconf 91' lang='lat' dir='ltr'><strong>sit</strong></span> <span class='ocrx_word' id='word_1_401' title='bbox 1661 2299 1890 2350; x_wconf 88' lang='lat' dir='ltr'><strong>hypothesis</strong></span> 
     </span>
     <span class='ocr_line' id='line_1_38' title="bbox 98 2356 955 2408; baseline -0.004 -10"><span class='ocrx_word' id='word_1_402' title='bbox 98 2373 147 2398; x_wconf 88' lang='lat' dir='ltr'><strong>an</strong></span> <span class='ocrx_word' id='word_1_403' title='bbox 178 2360 279 2408; x_wconf 88' lang='lat' dir='ltr'><strong>ficta,</strong></span> <span class='ocrx_word' id='word_1_404' title='bbox 313 2360 521 2398; x_wconf 90' lang='lat' dir='ltr'><strong>dummodo</strong></span> <span class='ocrx_word' id='word_1_405' title='bbox 555 2363 822 2408; x_wconf 88' lang='lat' dir='ltr'><strong>computemus</strong></span> <span class='ocrx_word' id='word_1_406' title='bbox 853 2356 955 2395; x_wconf 88' lang='lat' dir='ltr'><strong>inde.</strong></span> 
     </span>
    </p>

    <p class='ocr_par' dir='ltr' id='par_1_4' title="bbox 95 2422 1892 3166">
     <span class='ocr_line' id='line_1_39' title="bbox 233 2422 1891 2469; baseline -0.001 -8"><span class='ocrx_word' id='word_1_407' title='bbox 233 2427 276 2461; x_wconf 90' lang='lat' dir='ltr'><strong>In</strong></span> <span class='ocrx_word' id='word_1_408' title='bbox 300 2427 412 2462; x_wconf 89' lang='lat' dir='ltr'><strong>literis</strong></span> <span class='ocrx_word' id='word_1_409' title='bbox 431 2427 523 2462; x_wconf 89' lang='lat' dir='ltr'><strong>datis</strong></span> <span class='ocrx_word' id='word_1_410' title='bbox 544 2426 576 2460; x_wconf 85' lang='lat' dir='ltr'><strong>d.</strong></span> <span class='ocrx_word' id='word_1_411' title='bbox 595 2427 627 2461; x_wconf 84' lang='lat'><strong>5.</strong></span> <span class='ocrx_word' id='word_1_412' title='bbox 646 2424 734 2469; x_wconf 88' lang='lat' dir='ltr'><strong>Maji</strong></span> <span class='ocrx_word' id='word_1_413' title='bbox 760 2423 986 2468; x_wconf 84' lang='lat' dir='ltr'><strong>quaesiverat</strong></span> <span class='ocrx_word' id='word_1_414' title='bbox 1003 2422 1190 2467; x_wconf 88' lang='lat' dir='ltr'><strong>Keplerus,</strong></span> <span class='ocrx_word' id='word_1_415' title='bbox 1218 2434 1287 2466; x_wconf 89' lang='lat' dir='ltr'><strong>quo</strong></span> <span class='ocrx_word' id='word_1_416' title='bbox 1314 2422 1393 2458; x_wconf 91' lang='lat' dir='ltr'><strong>loco</strong></span> <span class='ocrx_word' id='word_1_417' title='bbox 1420 2425 1541 2457; x_wconf 86' lang='lat' dir='ltr'><strong>essent</strong></span> <span class='ocrx_word' id='word_1_418' title='bbox 1565 2422 1748 2458; x_wconf 88' lang='lat' dir='ltr'><strong>Maestlini</strong></span> <span class='ocrx_word' id='word_1_419' title='bbox 1772 2424 1891 2459; x_wconf 86' lang='lat' dir='ltr'><strong>studia</strong></span> 
     </span>
     <span class='ocr_line' id='line_1_40' title="bbox 97 2480 1891 2528; baseline -0.001 -10"><span class='ocrx_word' id='word_1_420' title='bbox 97 2484 359 2528; x_wconf 84' lang='lat' dir='ltr'><strong>chronologica,</strong></span> <span class='ocrx_word' id='word_1_421' title='bbox 373 2494 509 2528; x_wconf 88' lang='lat' dir='ltr'><strong>suaque</strong></span> <span class='ocrx_word' id='word_1_422' title='bbox 526 2483 578 2518; x_wconf 91' lang='lat' dir='ltr'><strong>illi</strong></span> <span class='ocrx_word' id='word_1_423' title='bbox 595 2483 805 2525; x_wconf 84' lang='lat' dir='ltr'><strong>tradiderat3</strong></span> <span class='ocrx_word' id='word_1_424' title='bbox 826 2492 905 2516; x_wconf 89' lang='lat' dir='ltr'><strong>cum</strong></span> <span class='ocrx_word' id='word_1_425' title='bbox 918 2480 1131 2516; x_wconf 89' lang='lat' dir='ltr'><strong>Maestlinus</strong></span> <span class='ocrx_word' id='word_1_426' title='bbox 1145 2491 1214 2514; x_wconf 90' lang='lat' dir='ltr'><strong>nou</strong></span> <span class='ocrx_word' id='word_1_427' title='bbox 1229 2480 1348 2514; x_wconf 84' lang='lat' dir='ltr'><strong>statim</strong></span> <span class='ocrx_word' id='word_1_428' title='bbox 1361 2480 1605 2525; x_wconf 86' lang='lat' dir='ltr'><strong>responderet,</strong></span> <span class='ocrx_word' id='word_1_429' title='bbox 1619 2481 1710 2525; x_wconf 89' lang='lat' dir='ltr'><strong>petit</strong></span> <span class='ocrx_word' id='word_1_430' title='bbox 1726 2481 1762 2515; x_wconf 89' lang='lat' dir='ltr'><strong>in</strong></span> <span class='ocrx_word' id='word_1_431' title='bbox 1780 2481 1891 2517; x_wconf 88' lang='lat' dir='ltr'><strong>literis</strong></span> 
     </span>
     <span class='ocr_line' id='line_1_41' title="bbox 98 2537 1892 2585; baseline -0.001 -9"><span class='ocrx_word' id='word_1_432' title='bbox 98 2542 190 2576; x_wconf 90' lang='lat' dir='ltr'><strong>datis</strong></span> <span class='ocrx_word' id='word_1_433' title='bbox 215 2551 336 2576; x_wconf 87' lang='lat' dir='ltr'><strong>mense</strong></span> <span class='ocrx_word' id='word_1_434' title='bbox 354 2541 563 2585; x_wconf 83' lang='lat' dir='ltr'><strong>Septembri,</strong></span> <span class='ocrx_word' id='word_1_435' title='bbox 590 2552 669 2576; x_wconf 91' lang='lat' dir='ltr'><strong>cum</strong></span> <span class='ocrx_word' id='word_1_436' title='bbox 695 2540 852 2575; x_wconf 87' lang='lat' dir='ltr'><strong>nondum</strong></span> <span class='ocrx_word' id='word_1_437' title='bbox 877 2539 1006 2574; x_wconf 86' lang='lat' dir='ltr'><strong>certior</strong></span> <span class='ocrx_word' id='word_1_438' title='bbox 1030 2539 1146 2573; x_wconf 85' lang='lat' dir='ltr'><strong>factus</strong></span> <span class='ocrx_word' id='word_1_439' title='bbox 1174 2542 1280 2577; x_wconf 82' lang='lat' dir='ltr'><strong>esset,</strong></span> <span class='ocrx_word' id='word_1_440' title='bbox 1306 2548 1351 2571; x_wconf 86' lang='lat' dir='ltr'><strong>an</strong></span> <span class='ocrx_word' id='word_1_441' title='bbox 1368 2537 1560 2572; x_wconf 88' lang='lat' dir='ltr'><strong>Maestlino</strong></span> <span class='ocrx_word' id='word_1_442' title='bbox 1586 2538 1745 2573; x_wconf 88' lang='lat' dir='ltr'><strong>redditae</strong></span> <span class='ocrx_word' id='word_1_443' title='bbox 1771 2543 1892 2575; x_wconf 86' lang='lat' dir='ltr'><strong>essent</strong></span> 
     </span>
     <span class='ocr_line' id='line_1_42' title="bbox 102 2596 1891 2643; baseline -0.001 -9"><span class='ocrx_word' id='word_1_444' title='bbox 102 2598 279 2640; x_wconf 68' lang='lat' dir='ltr'><strong>„schedae</strong></span> <span class='ocrx_word' id='word_1_445' title='bbox 297 2599 648 2643; x_wconf 86' lang='lat' dir='ltr'><strong>chronographicae“</strong></span> <span class='ocrx_word' id='word_1_446' title='bbox 668 2609 766 2642; x_wconf 88' lang='lat' dir='ltr'><strong>suae,</strong></span> <span class='ocrx_word' id='word_1_447' title='bbox 789 2601 849 2639; x_wconf 86' lang='lat' dir='ltr'><strong>„ut</strong></span> <span class='ocrx_word' id='word_1_448' title='bbox 868 2607 906 2631; x_wconf 83' lang='lat' dir='ltr'><strong>se</strong></span> <span class='ocrx_word' id='word_1_449' title='bbox 930 2596 1039 2631; x_wconf 88' lang='lat' dir='ltr'><strong>faciat</strong></span> <span class='ocrx_word' id='word_1_450' title='bbox 1057 2606 1221 2631; x_wconf 87' lang='lat' dir='ltr'><strong>securum</strong></span> <span class='ocrx_word' id='word_1_451' title='bbox 1241 2599 1286 2639; x_wconf 92' lang='lat' dir='ltr'><strong>et,</strong></span> <span class='ocrx_word' id='word_1_452' title='bbox 1314 2596 1342 2630; x_wconf 91' lang='lat' dir='ltr'><strong>si</strong></span> <span class='ocrx_word' id='word_1_453' title='bbox 1359 2596 1512 2639; x_wconf 82' lang='lat' dir='ltr'><strong>placeat,</strong></span> <span class='ocrx_word' id='word_1_454' title='bbox 1529 2596 1720 2630; x_wconf 83' lang='lat' dir='ltr'><strong>remittat.“</strong></span> <span class='ocrx_word' id='word_1_455' title='bbox 1757 2598 1891 2632; x_wconf 87' lang='lat' dir='ltr'><strong>Maest-</strong></span> 
     </span>
     <span class='ocr_line' id='line_1_43' title="bbox 98 2652 1891 2700; baseline -0.002 -8"><span class='ocrx_word' id='word_1_456' title='bbox 98 2658 192 2692; x_wconf 87' lang='lat' dir='ltr'><strong>linus</strong></span> <span class='ocrx_word' id='word_1_457' title='bbox 218 2656 404 2700; x_wconf 83' lang='lat' dir='ltr'><strong>respondit</strong></span> <span class='ocrx_word' id='word_1_458' title='bbox 428 2656 474 2690; x_wconf 84' lang='lat' dir='ltr'><strong>ad</strong></span> <span class='ocrx_word' id='word_1_459' title='bbox 498 2656 620 2691; x_wconf 84' lang='lat' dir='ltr'><strong>literas</strong></span> <span class='ocrx_word' id='word_1_460' title='bbox 647 2657 712 2692; x_wconf 86' lang='lat' dir='ltr'><strong>has</strong></span> <span class='ocrx_word' id='word_1_461' title='bbox 740 2657 771 2691; x_wconf 93' lang='lat' dir='ltr'><strong>d.</strong></span> <span class='ocrx_word' id='word_1_462' title='bbox 797 2657 852 2690; x_wconf 77' lang='lat'><strong>21.</strong></span> <span class='ocrx_word' id='word_1_463' title='bbox 882 2654 1122 2698; x_wconf 85' lang='lat' dir='ltr'><strong>Septembris,</strong></span> <span class='ocrx_word' id='word_1_464' title='bbox 1160 2653 1302 2688; x_wconf 86' lang='lat' dir='ltr'><strong>avidum</strong></span> <span class='ocrx_word' id='word_1_465' title='bbox 1334 2663 1372 2686; x_wconf 86' lang='lat' dir='ltr'><strong>se</strong></span> <span class='ocrx_word' id='word_1_466' title='bbox 1409 2652 1660 2696; x_wconf 84' lang='lat' dir='ltr'><strong>chronologica</strong></span> <span class='ocrx_word' id='word_1_467' title='bbox 1684 2653 1830 2697; x_wconf 87' lang='lat' dir='ltr'><strong>Kepleri</strong></span> <span class='ocrx_word' id='word_1_468' title='bbox 1856 2658 1891 2689; x_wconf 82' lang='lat' dir='ltr'><strong>et</strong></span> 
     </span>
     <span class='ocr_line' id='line_1_44' title="bbox 100 2710 1890 2758; baseline -0.003 -7"><span class='ocrx_word' id='word_1_469' title='bbox 100 2727 179 2751; x_wconf 90' lang='lat' dir='ltr'><strong>cum</strong></span> <span class='ocrx_word' id='word_1_470' title='bbox 205 2715 389 2758; x_wconf 88' lang='lat' dir='ltr'><strong>voluptate</strong></span> <span class='ocrx_word' id='word_1_471' title='bbox 414 2713 554 2757; x_wconf 86' lang='lat' dir='ltr'><strong>legisse.</strong></span> <span class='ocrx_word' id='word_1_472' title='bbox 590 2714 818 2758; x_wconf 88' lang='lat' dir='ltr'><strong>Propositum</strong></span> <span class='ocrx_word' id='word_1_473' title='bbox 838 2712 904 2747; x_wconf 90' lang='lat' dir='ltr'><strong>sibi</strong></span> <span class='ocrx_word' id='word_1_474' title='bbox 929 2722 1019 2754; x_wconf 90' lang='lat' dir='ltr'><strong>esse,</strong></span> <span class='ocrx_word' id='word_1_475' title='bbox 1045 2711 1089 2745; x_wconf 90' lang='lat' dir='ltr'><strong>de</strong></span> <span class='ocrx_word' id='word_1_476' title='bbox 1116 2711 1296 2754; x_wconf 88' lang='lat' dir='ltr'><strong>aliquibus</strong></span> <span class='ocrx_word' id='word_1_477' title='bbox 1315 2710 1512 2755; x_wconf 85' lang='lat' dir='ltr'><strong>Keplerum</strong></span> <span class='ocrx_word' id='word_1_478' title='bbox 1530 2720 1684 2753; x_wconf 88' lang='lat' dir='ltr'><strong>monere,</strong></span> <span class='ocrx_word' id='word_1_479' title='bbox 1712 2719 1790 2745; x_wconf 89' lang='lat' dir='ltr'><strong>esse</strong></span> <span class='ocrx_word' id='word_1_480' title='bbox 1807 2721 1890 2746; x_wconf 91' lang='lat' dir='ltr'><strong>vero</strong></span> 
     </span>
     <span class='ocr_line' id='line_1_45' title="bbox 101 2767 1892 2816; baseline -0.004 -6"><span class='ocrx_word' id='word_1_481' title='bbox 101 2785 143 2810; x_wconf 88' lang='lat' dir='ltr'><strong>ea</strong></span> <span class='ocrx_word' id='word_1_482' title='bbox 168 2773 328 2809; x_wconf 89' lang='lat' dir='ltr'><strong>nondum</strong></span> <span class='ocrx_word' id='word_1_483' title='bbox 355 2771 546 2816; x_wconf 88' lang='lat' dir='ltr'><strong>descripta,</strong></span> <span class='ocrx_word' id='word_1_484' title='bbox 574 2772 638 2807; x_wconf 88' lang='lat' dir='ltr'><strong>sed</strong></span> <span class='ocrx_word' id='word_1_485' title='bbox 662 2771 825 2816; x_wconf 86' lang='lat' dir='ltr'><strong>proxima</strong></span> <span class='ocrx_word' id='word_1_486' title='bbox 850 2770 1039 2805; x_wconf 86' lang='lat' dir='ltr'><strong>occasione</strong></span> <span class='ocrx_word' id='word_1_487' title='bbox 1067 2779 1104 2804; x_wconf 88' lang='lat' dir='ltr'><strong>se</strong></span> <span class='ocrx_word' id='word_1_488' title='bbox 1131 2769 1249 2803; x_wconf 91' lang='lat' dir='ltr'><strong>omnia</strong></span> <span class='ocrx_word' id='word_1_489' title='bbox 1275 2768 1378 2803; x_wconf 87' lang='lat' dir='ltr'><strong>simui</strong></span> <span class='ocrx_word' id='word_1_490' title='bbox 1403 2768 1604 2802; x_wconf 89' lang='lat' dir='ltr'><strong>missurum.</strong></span> <span class='ocrx_word' id='word_1_491' title='bbox 1651 2767 1799 2802; x_wconf 87' lang='lat' dir='ltr'><strong>Placere</strong></span> <span class='ocrx_word' id='word_1_492' title='bbox 1825 2767 1892 2803; x_wconf 88' lang='lat' dir='ltr'><strong>sibi</strong></span> 
     </span>
     <span class='ocr_line' id='line_1_46' title="bbox 99 2824 1890 2874; baseline -0.003 -8"><span class='ocrx_word' id='word_1_493' title='bbox 99 2830 368 2866; x_wconf 84' lang='lat' dir='ltr'><strong>adornationem</strong></span> <span class='ocrx_word' id='word_1_494' title='bbox 386 2830 592 2874; x_wconf 88' lang='lat' dir='ltr'><strong>Epitomes‚</strong></span> <span class='ocrx_word' id='word_1_495' title='bbox 619 2834 722 2864; x_wconf 89' lang='lat' dir='ltr'><strong>caute</strong></span> <span class='ocrx_word' id='word_1_496' title='bbox 746 2838 829 2862; x_wconf 87' lang='lat' dir='ltr'><strong>vero</strong></span> <span class='ocrx_word' id='word_1_497' title='bbox 855 2827 1034 2872; x_wconf 83' lang='lat' dir='ltr'><strong>agendum</strong></span> <span class='ocrx_word' id='word_1_498' title='bbox 1061 2837 1140 2861; x_wconf 89' lang='lat' dir='ltr'><strong>esse</strong></span> <span class='ocrx_word' id='word_1_499' title='bbox 1170 2830 1318 2870; x_wconf 88' lang='lat' dir='ltr'><strong>propter</strong></span> <span class='ocrx_word' id='word_1_500' title='bbox 1343 2835 1421 2869; x_wconf 90' lang='lat' dir='ltr'><strong>eos,</strong></span> <span class='ocrx_word' id='word_1_501' title='bbox 1457 2824 1516 2868; x_wconf 88' lang='lat' dir='ltr'><strong>qui</strong></span> <span class='ocrx_word' id='word_1_502' title='bbox 1540 2835 1604 2868; x_wconf 87' lang='lat' dir='ltr'><strong>pro</strong></span> <span class='ocrx_word' id='word_1_503' title='bbox 1630 2824 1890 2870; x_wconf 85' lang='lat' dir='ltr'><strong>hypothesibus</strong></span> 
     </span>
     <span class='ocr_line' id='line_1_47' title="bbox 100 2881 1891 2927; baseline -0.003 -4"><span class='ocrx_word' id='word_1_504' title='bbox 100 2888 243 2923; x_wconf 84' lang='lat' dir='ltr'><strong>usitatis</strong></span> <span class='ocrx_word' id='word_1_505' title='bbox 269 2886 504 2923; x_wconf 88' lang='lat' dir='ltr'><strong>defendendis</strong></span> <span class='ocrx_word' id='word_1_506' title='bbox 530 2887 676 2921; x_wconf 91' lang='lat' dir='ltr'><strong>nimium</strong></span> <span class='ocrx_word' id='word_1_507' title='bbox 701 2886 876 2920; x_wconf 87' lang='lat' dir='ltr'><strong>laborent.</strong></span> <span class='ocrx_word' id='word_1_508' title='bbox 912 2885 985 2926; x_wconf 90' lang='lat' dir='ltr'><strong>„De</strong></span> <span class='ocrx_word' id='word_1_509' title='bbox 1010 2885 1114 2918; x_wconf 86' lang='lat' dir='ltr'><strong>Luna</strong></span> <span class='ocrx_word' id='word_1_510' title='bbox 1140 2893 1231 2927; x_wconf 86' lang='lat' dir='ltr'><strong>quae</strong></span> <span class='ocrx_word' id='word_1_511' title='bbox 1259 2882 1402 2926; x_wconf 87' lang='lat' dir='ltr'><strong>scribis,</strong></span> <span class='ocrx_word' id='word_1_512' title='bbox 1429 2881 1546 2926; x_wconf 83' lang='lat' dir='ltr'><strong>pergit</strong></span> <span class='ocrx_word' id='word_1_513' title='bbox 1567 2882 1794 2925; x_wconf 87' lang='lat' dir='ltr'><strong>Maestlinus,</strong></span> <span class='ocrx_word' id='word_1_514' title='bbox 1820 2893 1891 2917; x_wconf 90' lang='lat' dir='ltr'><strong>non</strong></span> 
     </span>
     <span class='ocr_line' id='line_1_48' title="bbox 99 2940 1891 2992; baseline -0.004 -10"><span class='ocrx_word' id='word_1_515' title='bbox 99 2947 205 2992; x_wconf 87' lang='lat' dir='ltr'><strong>plane</strong></span> <span class='ocrx_word' id='word_1_516' title='bbox 231 2946 404 2991; x_wconf 86' lang='lat' dir='ltr'><strong>intelligo,</strong></span> <span class='ocrx_word' id='word_1_517' title='bbox 432 2945 596 2980; x_wconf 83' lang='lat' dir='ltr'><strong>existimo</strong></span> <span class='ocrx_word' id='word_1_518' title='bbox 622 2949 750 2988; x_wconf 86' lang='lat' dir='ltr'><strong>autem,</strong></span> <span class='ocrx_word' id='word_1_519' title='bbox 777 2943 834 2977; x_wconf 91' lang='lat' dir='ltr'><strong>hic</strong></span> <span class='ocrx_word' id='word_1_520' title='bbox 852 2952 872 2976; x_wconf 85' lang='lat' dir='ltr'><strong>a</strong></span> <span class='ocrx_word' id='word_1_521' title='bbox 891 2942 1008 2977; x_wconf 85' lang='lat' dir='ltr'><strong>causis</strong></span> <span class='ocrx_word' id='word_1_522' title='bbox 1033 2941 1191 2985; x_wconf 88' lang='lat' dir='ltr'><strong>physicis</strong></span> <span class='ocrx_word' id='word_1_523' title='bbox 1216 2940 1467 2975; x_wconf 84' lang='lat' dir='ltr'><strong>abstinendum</strong></span> <span class='ocrx_word' id='word_1_524' title='bbox 1493 2949 1572 2974; x_wconf 89' lang='lat' dir='ltr'><strong>esse</strong></span> <span class='ocrx_word' id='word_1_525' title='bbox 1599 2943 1634 2974; x_wconf 91' lang='lat' dir='ltr'><strong>et</strong></span> <span class='ocrx_word' id='word_1_526' title='bbox 1651 2941 1891 2975; x_wconf 88' lang='lat' dir='ltr'><strong>astronomica</strong></span> 
     </span>
     <span class='ocr_line' id='line_1_49' title="bbox 99 2997 1890 3049; baseline -0.004 -9"><span class='ocrx_word' id='word_1_527' title='bbox 99 3004 353 3049; x_wconf 68' lang='lat' dir='ltr'><strong>astronomiae,</strong></span> <span class='ocrx_word' id='word_1_528' title='bbox 386 3013 450 3049; x_wconf 86' lang='lat' dir='ltr'><strong>per</strong></span> <span class='ocrx_word' id='word_1_529' title='bbox 484 3013 609 3038; x_wconf 86' lang='lat' dir='ltr'><strong>causas</strong></span> <span class='ocrx_word' id='word_1_530' title='bbox 635 3007 671 3037; x_wconf 87' lang='lat' dir='ltr'><strong>et</strong></span> <span class='ocrx_word' id='word_1_531' title='bbox 695 3001 914 3047; x_wconf 87' lang='lat' dir='ltr'><strong>hypotheses</strong></span> <span class='ocrx_word' id='word_1_532' title='bbox 947 2998 1224 3042; x_wconf 85' lang='lat' dir='ltr'><strong>astronomicas,</strong></span> <span class='ocrx_word' id='word_1_533' title='bbox 1258 3009 1329 3033; x_wconf 88' lang='lat' dir='ltr'><strong>non</strong></span> <span class='ocrx_word' id='word_1_534' title='bbox 1358 2997 1547 3042; x_wconf 84' lang='lat' dir='ltr'><strong>physicas,</strong></span> <span class='ocrx_word' id='word_1_535' title='bbox 1579 3007 1658 3033; x_wconf 91' lang='lat' dir='ltr'><strong>esse</strong></span> <span class='ocrx_word' id='word_1_536' title='bbox 1688 2997 1890 3034; x_wconf 86' lang='lat' dir='ltr'><strong>tractanda.</strong></span> 
     </span>
     <span class='ocr_line' id='line_1_50' title="bbox 101 3055 1889 3101; baseline -0.003 -3"><span class='ocrx_word' id='word_1_537' title='bbox 101 3063 266 3099; x_wconf 88' lang='lat' dir='ltr'><strong>Calculus</strong></span> <span class='ocrx_word' id='word_1_538' title='bbox 293 3062 385 3096; x_wconf 90' lang='lat' dir='ltr'><strong>enim</strong></span> <span class='ocrx_word' id='word_1_539' title='bbox 410 3060 642 3097; x_wconf 87' lang='lat' dir='ltr'><strong>fundamenta</strong></span> <span class='ocrx_word' id='word_1_540' title='bbox 667 3059 906 3095; x_wconf 83' lang='lat' dir='ltr'><strong>astronomica</strong></span> <span class='ocrx_word' id='word_1_541' title='bbox 932 3068 975 3092; x_wconf 86' lang='lat' dir='ltr'><strong>ex</strong></span> <span class='ocrx_word' id='word_1_542' title='bbox 1001 3057 1193 3101; x_wconf 84' lang='lat' dir='ltr'><strong>geometria</strong></span> <span class='ocrx_word' id='word_1_543' title='bbox 1220 3061 1255 3091; x_wconf 87' lang='lat' dir='ltr'><strong>et</strong></span> <span class='ocrx_word' id='word_1_544' title='bbox 1281 3055 1503 3090; x_wconf 87' lang='lat' dir='ltr'><strong>arithmetica</strong></span> <span class='ocrx_word' id='word_1_545' title='bbox 1519 3055 1692 3100; x_wconf 84' lang='lat' dir='ltr'><strong>postulat,</strong></span> <span class='ocrx_word' id='word_1_546' title='bbox 1718 3066 1789 3090; x_wconf 91' lang='lat' dir='ltr'><strong>non</strong></span> <span class='ocrx_word' id='word_1_547' title='bbox 1806 3066 1889 3092; x_wconf 86' lang='lat' dir='ltr'><strong>con·</strong></span> 
     </span>
     <span class='ocr_line' id='line_1_51' title="bbox 95 3113 1888 3166; baseline -0.004 -9"><span class='ocrx_word' id='word_1_548' title='bbox 95 3121 255 3166; x_wconf 83' lang='lat' dir='ltr'><strong>jecturas</strong></span> <span class='ocrx_word' id='word_1_549' title='bbox 280 3119 460 3165; x_wconf 80' lang='lat' dir='ltr'><strong>physicas,</strong></span> <span class='ocrx_word' id='word_1_550' title='bbox 488 3129 579 3163; x_wconf 88' lang='lat' dir='ltr'><strong>quae</strong></span> <span class='ocrx_word' id='word_1_551' title='bbox 604 3118 774 3154; x_wconf 88' lang='lat' dir='ltr'><strong>lectorem</strong></span> <span class='ocrx_word' id='word_1_552' title='bbox 798 3116 911 3161; x_wconf 83' lang='lat' dir='ltr'><strong>magis</strong></span> <span class='ocrx_word' id='word_1_553' title='bbox 936 3116 1148 3162; x_wconf 85' lang='lat' dir='ltr'><strong>perturbant</strong></span> <span class='ocrx_word' id='word_1_554' title='bbox 1179 3125 1287 3160; x_wconf 88' lang='lat' dir='ltr'><strong>quam</strong></span> <span class='ocrx_word' id='word_1_555' title='bbox 1312 3113 1515 3150; x_wconf 86' lang='lat' dir='ltr'><strong>informant.</strong></span> <span class='ocrx_word' id='word_1_556' title='bbox 1565 3113 1635 3150; x_wconf 87' lang='lat' dir='ltr'><strong>Sed</strong></span> <span class='ocrx_word' id='word_1_557' title='bbox 1659 3124 1731 3150; x_wconf 85' lang='lat' dir='ltr'><strong>non</strong></span> <span class='ocrx_word' id='word_1_558' title='bbox 1756 3114 1888 3161; x_wconf 87' lang='lat' dir='ltr'><strong>dubito,</strong></span> 
     </span>
    </p>
   </div>
  </div>
 </body>
</html>
