2126 3388
989 155 1089 192 1600.
1762 131 1769 138 ’
1842 152 1925 199 725

125 276 160 315 si
191 276 277 326 quis
308 277 454 316 interea
487 277 532 316 de
563 289 623 316 me
655 289 768 316 casus
800 277 878 324 fiat,
912 276 1157 327 pollicebitur
1189 275 1242 313 M.
1278 279 1315 312 et
1347 273 1393 312 G.
1428 275 1476 312 D.
1510 274 1647 325 Tycho
1669 285 1780 312 meae
1813 275 1924 312 uxori

125 336 164 372 in
201 335 340 384 literis,
382 348 479 386 quas
512 336 560 375 ad
591 348 651 375 me
683 336 826 375 scribet
858 337 895 373 in
927 335 1116 385 Styriam,
1157 346 1198 372 se
1235 337 1473 379 curaturum,
1515 338 1557 371 ut
1594 332 1756 371 honeste
1787 331 1855 371 illa
1886 333 1925 370 in

126 392 294 444 Styriam
325 395 448 433 redire
479 396 614 445 possit,
649 406 811 444 eamque
843 394 892 432 ad
923 406 1002 432 rem
1035 397 1231 431 sumtuum
1264 396 1406 430 certam
1439 397 1586 441 partein
1618 391 1848 429 numerabit.

262 461 486 496 Praemissas
513 462 544 495 K
558 460 704 505 cpleri
731 460 957 496 conditiones
984 461 1074 495 haec
1099 462 1302 504 sequuntur
1327 457 1558 503 Tychonis
1585 461 1777 493 annotata:

267 520 367 565 Quae
401 520 445 554 ad
480 519 666 564 proposita
691 520 740 553 M.
766 519 914 564 Kepleri
946 518 1135 563 respondi,
1169 517 1254 552 mihi
1280 527 1301 551 a
1325 517 1368 552 D.
1390 516 1435 551 D.
1460 516 1516 551 J0.
1543 515 1710 551 Jessenio
1741 515 1778 550 in
1811 514 1926 561 ipsius

124 579 329 624 praesentia
354 577 578 623 praelecta*)
606 578 662 612 die
689 578 722 612 5.
748 578 834 621 Apr.
860 588 953 612 anno
981 578 1083 613 1600.

267 640 297 672 1.
326 637 380 671 Ad
406 636 558 681 primum
593 636 643 669 sic
668 636 855 680 respondi:
893 636 992 672 Scire
1017 636 1134 680 ipsum
1162 634 1375 679 Keplerum,
1413 632 1449 667 id
1475 633 1512 666 in
1537 642 1615 666 mea
1647 635 1829 676 potestate
1854 641 1926 666 non

126 705 205 730 esse
238 694 346 730 situm
377 695 530 740 ideoque
564 698 663 729 certo
697 694 907 738 promittere
941 705 1012 729 non
1043 704 1169 738 posse,
1205 692 1301 737 quod
1325 702 1439 736 penes
1465 701 1521 725 me
1555 701 1627 725 non
1653 695 1722 735 est,
1758 690 1927 725 daturum

129 751 361 788 nihilominus
388 763 545 797 operam,
572 756 612 786 ut
637 762 704 796 per
727 753 819 788 alios
846 758 880 787 et
908 763 1124 796 quacunque
1150 752 1290 787 ratione
1315 750 1350 784 id
1378 748 1457 784 fieri
1484 753 1603 793 queat,
1629 748 1698 783 hoc
1715 758 1734 782 a
1754 748 1926 793 Styriacis

125 811 288 847 Dominis
320 811 504 856 impetrari
536 811 667 855 possit,
701 810 810 845 etiam
835 810 1096 845 intercessione
1118 809 1362 854 superiorum,
1390 807 1420 841 si
1447 816 1538 851 opus
1563 805 1686 849 fuerit,
1724 806 1779 841 sin
1806 810 1927 841 autem

124 869 320 905 concedere
338 870 373 904 id
392 869 516 913 nolint,
543 879 599 904 me
617 879 843 913 nequaquam
863 879 1004 913 cupere,
1031 871 1071 902 ut
1089 878 1167 903 mea
1187 867 1230 902 de
1258 877 1366 902 causa
1392 866 1575 911 quippiam
1593 866 1660 901 sibi
1679 870 1776 901 creet
1793 866 1928 900 incom-

123 929 268 963 modum
293 934 355 964 aut
380 927 607 973 dispendium
633 929 742 963 faciat
773 926 825 961 rei
858 927 1058 962 familiaris.
1109 927 1197 961 Cum
1230 926 1349 971 potius
1381 926 1431 960 ibi
1457 929 1618 968 maneat,
1654 929 1689 959 et.
1715 925 1787 958 sint
1812 928 1852 959 ut
1877 924 1928 959 ait

126 986 227 1021 irrita
254 986 391 1031 omnia,
419 995 511 1031 quae
537 990 601 1021 aut
626 985 719 1021 inter
744 996 808 1021 nos
837 990 919 1022 acta
945 990 1048 1025 sunt,
1080 989 1143 1019 aut
1169 985 1205 1020 in
1231 988 1415 1030 posterum
1443 983 1486 1019 de
1511 983 1723 1028 migratione
1747 982 1783 1017 in
1809 981 1927 1017 Bobe-

123 1044 229 1079 miam
255 1044 313 1088 agi
337 1048 523 1088 poterunt.

260 1102 291 1136 ἱ).
318 1102 463 1138 Sumtus
489 1102 713 1146 itinerariOS,
741 1101 770 1135 si
796 1112 876 1136 cum
911 1100 1063 1145 conjuge
1089 1101 1284 1136 accesserit
1312 1105 1347 1136 et
1371 1101 1413 1136 iis
1441 1100 1484 1135 de
1511 1101 1640 1145 quibus
1666 1099 1842 1144 loquitur,
1870 1108 1926 1133 me

121 1160 367 1206 praebiturum
395 1161 470 1205 jam
503 1165 609 1196 antea
644 1160 775 1202 obtuli,
810 1160 846 1194 in
879 1170 950 1203 qua
985 1158 1178 1195 etiamnum
1203 1159 1433 1203 persisterem
1460 1159 1656 1203 sententia;
1692 1163 1728 1192 at
1754 1168 1834 1192 cum
1860 1166 1926 1200 ego

121 1220 296 1263 nesciam,
330 1219 415 1263 quid
441 1220 476 1254 in
502 1219 565 1254 tali
589 1220 716 1255 itinere
742 1217 993 1253 insumendum
1021 1218 1085 1261 sit,
1121 1222 1248 1261 utpote
1278 1217 1437 1252 locorum
1471 1216 1726 1259 hominumque
1758 1218 1794 1248 et
1821 1224 1927 1258 quam

120 1287 203 1312 care
227 1277 368 1312 vivatur
391 1277 547 1322 ignarus,
576 1287 637 1312 eos
656 1281 796 1312 sumtus
815 1276 1004 1311 aestimare
1023 1287 1094 1310 non
1119 1286 1283 1321 possem:
1316 1276 1438 1320 rogavi
1464 1276 1586 1318 itaque
1612 1278 1694 1308 ante
1713 1273 1788 1308 dies
1812 1272 1926 1307 festos

118 1335 325 1380 Keplerum,
351 1339 390 1370 ut
414 1335 568 1380 ipsemet
592 1335 628 1370 id
655 1335 883 1379 consignaret
909 1339 972 1370 aut
990 1335 1076 1370 mihi
1102 1338 1272 1370 oretenus
1299 1338 1507 1379 exponeret,
1537 1332 1632 1378 quod
1659 1335 1695 1366 et
1718 1342 1813 1367 nunc
1837 1330 1925 1366 libe·

121 1405 201 1428 rum
226 1394 296 1439 ipsi
319 1393 461 1439 reliqui.

261 1454 293 1486 3.
321 1451 426 1495 Quod
451 1451 703 1496 proposuerim
727 1452 782 1487 illi
807 1451 926 1486 locum
952 1451 1186 1487 habitationis
1212 1452 1384 1495 Pragam,
1420 1462 1527 1495 quam
1554 1450 1598 1485 ab
1624 1449 1725 1484 initio
1751 1446 1925 1490 nominat,

119 1509 311 1554 respondi,
345 1520 528 1553 nunquam
552 1509 589 1543 id
615 1520 636 1544 a
661 1520 718 1545 me
742 1510 877 1545 factum
904 1510 1058 1552 esse*‘),
1095 1510 1204 1554 idque
1232 1515 1354 1545 sancte
1381 1509 1574 1551 affirmavi,
1609 1518 1689 1542 cum
1714 1511 1750 1542 et
1773 1506 1927 1550 ipsemet

121 1568 278 1604 oblatam
303 1568 347 1602 ab
373 1568 473 1603 initio
499 1568 606 1603 isthic
630 1568 893 1604 habitationem
919 1568 1117 1611 renuerim,
1152 1569 1247 1613 quod
1274 1569 1450 1612 viderem,
1485 1577 1541 1602 me
1566 1565 1613 1600 ibi
1641 1565 1713 1600 otio
1739 1575 1811 1599 non
1837 1563 1926 1598 satis

121 1627 192 1662 frui
216 1637 325 1672 posse
349 1626 616 1671 philosophico,
642 1631 720 1661 tum
745 1637 890 1671 quoque
915 1627 996 1662 aliis
1024 1628 1068 1662 de
1095 1627 1224 1672 causis,
1253 1631 1288 1662 et
1313 1627 1433 1671 ipsum
1452 1624 1650 1670 Keplerum
1674 1623 1760 1658 mihi
1779 1622 1926 1665 dixisse,

120 1686 274 1733 Pragam
300 1696 380 1721 esse
405 1685 527 1720 multis
552 1685 898 1730 irrequietudinibus
918 1684 1209 1728 obnoxiam***).
1252 1684 1386 1720 Addidi
1405 1688 1440 1718 et
1458 1683 1536 1727 hoe,
1563 1682 1650 1717 mihi
1666 1681 1816 1726 perinde
1834 1690 1926 1724 esse,

121 1745 196 1778 sive
220 1744 359 1788 Pragae
385 1744 432 1778 sit
458 1744 533 1778 sive
557 1743 594 1778 in
621 1744 752 1789 Styria,
780 1744 809 1778 si
834 1743 922 1778 mihi
948 1743 1078 1778 adesse
1102 1744 1155 1778 illi
1181 1755 1253 1778 non
1278 1743 1432 1786 luberet,
1459 1742 1529 1777 imo
1549 1741 1656 1776 malle
1672 1750 1728 1775 me
1747 1751 1827 1775 eum
1845 1740 1924 1784 ipso

119 1803 155 1837 in
182 1802 300 1848 Styria
326 1813 426 1846 mea,
455 1812 547 1846 quae
572 1802 608 1836 in
635 1801 886 1837 astronomicis
913 1802 1040 1845 habeo,
1067 1813 1132 1847 per
1156 1802 1281 1838 literas
1309 1801 1582 1843 communicare,
1609 1810 1714 1844 quam
1739 1798 1769 1834 si
1786 1798 1926 1842 Pragae

121 1862 278 1905 degeret,
305 1861 408 1904 cujus
435 1860 485 1895 rei
511 1870 610 1895 meas
638 1860 812 1904 quasdam
838 1859 1009 1894 haberem
1034 1860 1204 1896 rationes.
1257 1860 1293 1894 Si
1317 1863 1438 1894 tamen
1466 1859 1609 1893 omnino
1635 1857 1688 1892 illi
1713 1861 1827 1892 staret
1845 1866 1925 1891 sen-

119 1919 250 1961 tentia,
288 1919 427 1962 Pragae
460 1929 539 1952 cum
566 1918 722 1962 conjuge
749 1917 933 1962 habitare,
969 1928 1034 1962 per
1059 1928 1115 1952 me
1142 1918 1177 1952 id
1202 1918 1255 1952 illi
1280 1917 1390 1952 licere
1417 1921 1452 1952 et
1477 1921 1618 1950 tantum
1643 1917 1790 1957 abesse,
1823 1919 1863 1950 ut
1887 1914 1925 1950 id

121 1979 228 2014 etiam
255 1979 283 2014 si
309 1989 454 2023 possem
487 1978 663 2022 impedire
688 1977 810 2021 velim,
845 1981 884 2012 ut
915 1977 1036 2021 potius
1070 1980 1244 2021 quantum
1278 1976 1315 2010 in
1340 1986 1396 2010 me
1424 1975 1470 2009 sit
1501 1975 1636 2019 ipsum,
1670 1978 1709 2008 ut
1734 1973 1808 2008 suis
1832 1972 1925 2007 votis

120 2038 189 2072 hac
213 2038 247 2071 in
275 2042 377 2081 parte
402 2035 575 2080 potiatur,
601 2046 681 2070 mea
705 2035 966 2070 intercessione
988 2034 1115 2079 juvare
1141 2034 1402 2076 constituerim,
1430 2032 1459 2067 si
1484 2032 1576 2067 forte
1603 2032 1734 2066 Caesar
1757 2030 1808 2065 illi
1833 2031 1925 2066 sala-

120 2096 210 2130 rium
235 2094 513 2130 clementissime
538 2094 738 2129 concedere
764 2094 872 2135 velit,
896 2103 967 2138 quo
994 2104 1033 2128 se
1059 2093 1245 2128 commode
1270 2092 1378 2127 isthic
1405 2096 1611 2128 sustentare
1638 2096 1759 2136 queat.
1807 2091 1856 2126 At
1882 2091 1926 2127 de

117 2164 197 2188 meo
224 2153 407 2198 quippiam
433 2152 505 2196 illi,
533 2152 617 2187 dum
644 2152 692 2186 ibi
718 2157 849 2195 manet,
876 2151 1103 2186 contribuere
1129 2152 1282 2186 necdum
1307 2152 1496 2191 statuisse,
1523 2151 1559 2187 id
1584 2155 1706 2186 tamen
1732 2150 1923 2194 facturum,

119 2212 179 2247 ubi
204 2212 313 2246 aedes
339 2211 432 2252 illas,
457 2221 548 2255 quas
576 2211 675 2245 Caes.
702 2210 789 2254 Mnj.
815 2210 903 2244 mihi
929 2210 1208 2245 clementissime
1233 2209 1397 2254 pollicita
1423 2215 1488 2254 est,
1514 2210 1564 2245 ibi
1589 2209 1642 2244 uti
1666 2219 1772 2254 spero
1798 2213 1926 2244 nactus

117 2270 237 2313 fuero,
272 2274 312 2304 ut
342 2269 454 2312 gratis
487 2270 523 2303 in
557 2268 606 2304 eis
640 2269 789 2304 habitet.
849 2269 899 2303 Et
924 2269 955 2303 si
980 2279 1073 2303 uxor
1098 2269 1176 2312 ejus
1209 2278 1302 2312 quae
1333 2268 1420 2304 dicit
1450 2273 1638 2314 praestare
1669 2267 1823 2303 voluerit
1863 2267 1924 2302 ubi

118 2338 306 2363 accessero
333 2327 463 2369 officia,
491 2328 653 2362 futurum
680 2327 715 2362 id
740 2327 828 2361 mihi
853 2331 1042 2371 acceptum
1068 2331 1104 2361 et
1129 2337 1222 2370 quae
1245 2327 1480 2370 requiruntur
1503 2328 1659 2362 libenter
1676 2326 1925 2362 subministra-

118 2390 247 2420 turum.
298 2386 346 2420 At
372 2385 456 2429 quia
482 2387 540 2420 vix
564 2386 642 2421 fieri
669 2390 804 2430 potest,
839 2391 880 2421 ut
905 2386 981 2420 sine
1009 2385 1198 2430 dispendio
1225 2390 1297 2419 tam
1324 2386 1514 2430 temporis,
1550 2396 1657 2429 quam
1684 2395 1807 2419 eorum
1833 2394 1925 2428 quae

118 2443 283 2479 facienda
308 2451 407 2484 sunt,
439 2449 579 2478 mature
606 2450 641 2479 et
665 2446 732 2480 rite
758 2449 996 2489 peragantur,
1031 2443 1100 2478 nisi
1134 2443 1239 2478 simul
1274 2453 1353 2477 esse
1384 2444 1565 2487 possimus
1598 2447 1707 2487 atque
1738 2443 1832 2476 inter
1857 2452 1924 2476 nos

120 2502 272 2536 subinde
290 2501 455 2536 conferre
473 2502 517 2536 de
536 2502 590 2546 iis,
618 2514 709 2547 quae
728 2502 962 2546 exsequenda
980 2506 1075 2546 sunt,
1093 2506 1169 2536 tum
1188 2512 1332 2546 quoque
1358 2502 1403 2536 ob
1431 2501 1741 2537 conversationem
1763 2504 1925 2533 mutuam

118 2561 225 2596 malle
253 2571 308 2595 me
334 2567 374 2594 ut
400 2561 458 2595 hic
485 2562 680 2597 Benaticae
707 2563 854 2606 degeret
880 2568 916 2596 et
943 2561 972 2597 si
997 2561 1059 2596 ille
1084 2561 1143 2596 hic
1168 2562 1203 2595 in
1229 2571 1311 2595 arce
1344 2560 1432 2594 mihi
1459 2559 1667 2594 cohabitare
1694 2557 1768 2592 suis
1794 2556 1924 2591 ductus

121 2619 321 2654 rationibus
348 2624 410 2653 aut
436 2620 542 2654 etiam
569 2620 837 2664 suspicionibus
861 2624 1053 2664 respueret
1079 2624 1115 2653 et
1140 2629 1303 2653 camerae
1329 2619 1413 2654 illae
1440 2628 1512 2652 una
1537 2627 1617 2651 cum
1642 2615 1807 2659 coquina,
1834 2623 1924 2658 quas

122 2677 222 2720 prius
247 2677 306 2711 hic
331 2687 396 2721 pro
423 2687 461 2711 se
486 2678 640 2721 ipsemet
665 2677 775 2721 elegit
800 2682 910 2722 atque
936 2676 1098 2721 expetiit,
1125 2687 1242 2720 neque
1269 2675 1370 2720 aliae,
1400 2684 1637 2719 quaecunque
1654 2673 1712 2707 hic
1738 2682 1817 2706 esse
1842 2682 1924 2715 pos-

121 2736 202 2780 sint,
230 2735 503 2770 commoditates
529 2735 685 2780 amplius
710 2736 761 2770 illi
786 2736 975 2780 placeant,
1007 2735 1101 2770 velle
1125 2745 1182 2770 me
1207 2735 1244 2768 in
1270 2734 1388 2769 vicina
1414 2733 1501 2767 urbe
1527 2731 1700 2766 Benatica
1725 2728 1769 2764 de
1794 2740 1924 2774 oppor-

124 2795 220 2829 tunis
247 2794 397 2828 aedibus
423 2793 475 2828 illi
500 2794 726 2838 prospicere,
760 2794 821 2828 ubi
847 2805 927 2829 cum
953 2793 1107 2838 conjuge
1134 2797 1169 2827 et
1197 2792 1271 2827 suis
1299 2791 1491 2836 tranquille
1517 2799 1657 2834 suoque
1681 2799 1779 2824 more
1804 2789 1924 2824 vivere

261 2944 298 2989 *)
324 2948 397 2979 Non
423 2947 579 2987 memini,
615 2946 780 2987 praelecta
804 2947 884 2977 haec
912 2956 981 2978 esse
1006 2945 1160 2985 Tychoni
1186 2954 1205 2976 a
1229 2944 1380 2976 Jessenio
1405 2945 1440 2975 in
1466 2953 1538 2974 mea
1562 2944 1759 2983 praesentia.
1809 2943 1920 2982 Tycho

123 2994 289 3037 quaedam
314 2994 487 3036 postulata
512 3003 583 3025 mea
609 2995 731 3035 partim
755 2995 837 3033 legit
861 2994 944 3035 ipse,
971 2993 1093 3033 partim
1118 2992 1273 3023 Jessenio
1300 2991 1438 3030 legenda
1465 2990 1567 3023 dedit.
1618 2991 1752 3032 Kepler.

262 3039 317 3081 *Ἴ
344 3042 415 3081 Ego
441 3051 517 3072 vero
544 3050 609 3071 non
635 3040 734 3071 aliter
760 3051 832 3071 sum
858 3049 1035 3081 persuasus
1062 3042 1093 3070 et
1118 3040 1166 3070 sic
1194 3042 1226 3069 et
1251 3039 1369 3078 scripsi
1395 3040 1429 3068 in
1456 3036 1611 3076 styriam.
1662 3038 1704 3070 Κ.

264 3085 340 3130 ***)
367 3090 490 3120 Si-hoc
516 3089 604 3125 dixi,
638 3097 705 3119 non
730 3088 796 3118 fuit
821 3088 861 3118 de
886 3097 957 3118 mea
985 3095 1140 3128 persona,
1175 3086 1232 3117 sed
1259 3086 1298 3116 de
1325 3086 1490 3124 Tychonis
1521 3085 1790 3123 intelligendum.
1839 3083 1922 3115 Dixi

123 3136 258 3179 quidem
287 3135 413 3177 Pragae
439 3136 549 3168 carius
576 3136 657 3170 vivi.
706 3136 748 3168 Et
772 3135 808 3166 id
834 3138 1024 3174 argumento
1050 3136 1110 3176 est,
1138 3134 1176 3167 de
1201 3133 1312 3172 Praga
1338 3132 1542 3175 disputatum
1568 3141 1638 3163 esse
1655 3133 1742 3163 inter
1758 3140 1833 3166 nos.
1874 3130 1920 3166 K.
