2126 3388
179 174 263 222 924
768 174 881 212 Amici
904 173 1051 220 Kepleri
1075 173 1120 209 de
1144 172 1223 218 ejus
1248 172 1356 210 obitu.

177 293 351 329 redimere
383 296 513 338 posset.
563 292 696 327 Verum
726 291 811 337 quia
842 291 893 326 sic
924 291 1002 326 fata
1035 289 1167 334 tulere,
1200 289 1295 324 vivat
1323 288 1398 333 jam
1430 287 1556 324 saltem
1589 287 1706 324 anima
1738 288 1824 325 felix
1853 298 1960 335 super

179 351 338 394 aethera,
365 352 420 387 cui
445 349 528 385 dum
553 349 713 384 mortalis
740 349 886 393 degeret
911 348 1000 383 adeo
1024 347 1186 391 ingentes
1211 348 1367 385 admovit
1391 347 1527 393 scalas,
1554 347 1661 392 digna
1682 347 1754 390 illa,
1780 359 1871 392 quae
1884 349 1960 393 jam

180 409 357 454 mysteriis
382 408 616 453 penitioribus
641 407 799 451 intersit,
831 407 955 451 digna,
989 416 1095 450 quam
1124 407 1199 451 jam
1230 407 1386 451 excipiat
1416 410 1452 442 et
1483 405 1661 451 compleat
1690 409 1811 441 tantus
1841 406 1903 441 ille
1926 412 1962 442 et

179 472 252 500 tam
278 466 390 501 dulcis
421 476 549 508 sonus,
583 464 628 500 ad
661 475 766 509 quem
797 464 1058 499 exaudiendum
1089 464 1169 509 ipsa
1198 465 1266 500 sibi
1292 465 1384 499 viam
1417 468 1517 500 tanta
1548 463 1778 499 contentione
1809 464 1959 509 aperuit.

182 523 251 559 Sed
277 523 371 567 quod
395 522 441 556 ad
465 533 531 557 nos
556 526 706 567 spectat,
734 522 862 566 dignus
889 521 1018 564 obitus,
1047 532 1152 566 quem
1169 522 1374 558 academiae
1395 522 1501 557 etiam
1517 522 1676 565 integrae
1692 520 1866 556 luctuosis
1884 532 1963 558 cum

181 580 339 615 vestibus
364 579 520 614 defleant
546 579 755 624 calculoque
780 583 857 614 atro
884 579 977 615 diem
1002 585 1138 624 notent,
1163 580 1233 616 nisi
1258 580 1354 625 quod
1378 579 1438 615 1116
1462 583 1564 624 parte
1590 579 1645 615 sui
1669 579 1815 614 meliore
1840 590 1963 625 super-

179 643 253 674 stes
279 638 408 682 jubere
442 637 596 682 videtur,
631 642 671 673 ut
703 649 804 673 nemo
837 638 925 674 fletu
955 639 1046 673 faxit
1075 638 1211 674 funera.
1260 639 1404 674 Potiore
1437 642 1533 673 certe
1554 638 1635 682 jure
1668 648 1773 682 quam
1804 638 1866 673 ille
1900 649 1964 683 per

183 698 286 732 docta
310 696 422 731 virum
448 696 612 732 volitabit
639 706 701 730 ora
728 697 878 741 ejusque
904 696 1028 732 laudes
1046 697 1249 741 posteritas,
1277 697 1346 732 nisi
1362 697 1511 741 ingrata,
1537 696 1754 732 conticescet
1770 706 1964 741 nunquam.

185 754 360 790 Videlicet
383 758 567 798 stuporem
592 754 738 798 creabit,
765 755 905 798 quoties
933 755 1012 799 quis
1036 755 1177 790 labores
1202 754 1390 790 herculeos
1415 754 1800 799 incomparabilemque
1825 754 1966 798 genium

184 812 248 847 viri
274 811 574 848 animadverterit.
624 812 779 856 Quidni?
811 824 890 848 cum
922 811 1090 848 admirari
1125 812 1288 858 quidem,
1322 812 1385 848 sed
1410 813 1582 857 consequi
1607 823 1677 847 non
1702 813 1822 857 liceat,
1857 823 1967 857 quan-

181 874 256 905 tum
279 870 376 906 illius
409 871 591 916 ingenium
626 876 824 906 ceterorum
859 871 1081 916 ingeniorum
1117 870 1259 906 dotibus
1290 870 1512 916 praecellens
1543 870 1686 914 aquilae
1715 871 1829 906 instar
1860 881 1969 914 supra

182 928 307 964 nubeis
333 929 489 964 volatum
511 930 634 974 jugem
659 929 826 965 tenuerit.
864 928 942 964 Nisi
966 928 1127 973 profecto
1153 928 1198 963 de
1222 929 1282 963 illo
1309 939 1431 963 verum
1456 939 1527 964 non
1543 928 1658 971 video,
1684 939 1788 973 quem
1813 939 1968 973 unquam

182 987 345 1023 Minerva
369 991 465 1024 artes
492 999 613 1024 omnes
639 988 805 1024 docuisse
830 987 985 1031 dicatur,
1013 991 1048 1022 et
1072 986 1215 1032 Jupiter
1241 987 1282 1023 O.
1310 987 1360 1022 M.
1386 986 1575 1021 admisisse
1600 986 1636 1020 in
1663 986 1850 1021 concilium
1876 987 1970 1020 Deo—

182 1057 270 1081 rum.
306 1047 418 1082 Nobis
437 1049 479 1083 ea
497 1047 648 1083 felicitas
666 1049 789 1090 restat,
809 1045 905 1091 quod
929 1045 1073 1080 tametsi
1092 1045 1272 1089 jacturam
1289 1049 1427 1080 tantam
1451 1044 1609 1090 reparari
1627 1055 1699 1079 non
1715 1054 1822 1089 posse
1840 1044 1969 1080 sentia-

183 1115 270 1146 mus,
298 1105 445 1150 gloriosi
469 1109 587 1140 tamen
620 1105 685 1141 viri
717 1114 804 1140 aevo
831 1103 986 1148 quadam
1013 1112 1057 1137 ex
1082 1106 1186 1146 parte
1218 1102 1427 1147 vixerimus,
1459 1107 1495 1139 et
1526 1114 1605 1138 cum
1639 1114 1705 1148 ego
1738 1103 1883 1147 quidem
1903 1103 1970 1138 ali-

184 1173 300 1208 quam,
326 1167 365 1198 tu
390 1163 466 1207 ipse
491 1162 681 1198 maximam
707 1173 787 1198 cum
811 1161 873 1196 illo
899 1161 1107 1197 societatem
1132 1159 1372 1196 habuerimus.
1415 1161 1584 1205 Ignosces
1605 1161 1701 1206 mihi,
1728 1161 1758 1197 si
1783 1161 1970 1206 epistolam

184 1221 284 1256 hisce
310 1221 413 1265 quasi
439 1220 625 1256 desideriis
664 1221 792 1266 capitis
817 1224 891 1255 tam
917 1219 990 1254 cari
1015 1218 1249 1264 perfundam,
1288 1219 1422 1264 quippe
1452 1230 1524 1254 non
1548 1229 1695 1264 possum
1720 1230 1790 1255 non
1817 1220 1912 1264 apud
1936 1224 1972 1255 16

181 1279 336 1314 animum
361 1290 478 1314 meum
504 1289 713 1314 exonerare.
763 1279 908 1314 Utinam
941 1288 1025 1313 vero
1059 1276 1111 1312 sic
1135 1285 1278 1321 possem
1310 1277 1378 1321 piis
1410 1281 1600 1321 parentare
1626 1278 1809 1320 manibus,
1840 1281 1880 1313 ut
1911 1277 1972 1312 ille

181 1348 322 1382 quoque
347 1337 571 1382 intelligeret,
597 1348 703 1383 quam
729 1336 815 1371 mihi
840 1337 886 1371 sit
910 1340 1095 1371 aeternum
1120 1334 1233 1379 ipsius
1258 1334 1460 1370 recordatio
1485 1339 1587 1378 grata
1611 1335 1744 1371 futura.

321 1396 465 1437 Scribis,
490 1397 666 1432 restitisse
697 1397 734 1432 in
758 1396 922 1431 manibus
955 1395 1044 1438 tuis,
1082 1392 1178 1438 quod
1208 1392 1458 1428 munusculum
1490 1392 1560 1437 ipsi
1585 1392 1814 1429 destinaram.
1864 1392 1973 1438 Quid-

182 1454 267 1499 quid
293 1453 337 1489 de
362 1453 423 1488 illo
450 1454 573 1498 egeris,
600 1454 690 1489 scito
716 1465 772 1489 me
798 1459 939 1500 gratum
964 1453 1179 1488 habiturum.

321 1511 548 1546 Diodatus
573 1512 805 1557 Genevensis,
833 1523 913 1548 cum
939 1521 1009 1556 quo
1035 1510 1148 1545 multa
1172 1519 1238 1555 per
1262 1507 1385 1544 literas
1420 1509 1493 1554 egit
1519 1509 1772 1554 Schickardus,
1798 1508 1854 1544 his
1880 1509 1973 1554 Kep-

181 1569 296 1604 lerum
320 1573 404 1605 tunc
430 1570 678 1616 superstitem,
713 1575 841 1615 postea
866 1579 949 1604 vero
974 1573 1153 1603 mortuum
1178 1571 1392 1612 prosecutus
1418 1572 1474 1602 est
1499 1568 1682 1603 laudibus:
1716 1568 1773 1603 En
1800 1567 1975 1603 Gassendi

184 1628 297 1662 nostri
322 1627 475 1672 epistola
499 1628 545 1662 ad
570 1629 765 1673 Keplerum
791 1628 882 1673 (VH.
907 1628 1007 1672 596);
1044 1637 1123 1661 cum
1147 1636 1217 1670 quo
1243 1625 1391 1661 literarii
1416 1626 1618 1662 commercii
1639 1626 1720 1670 jure
1745 1636 1975 1670 congressum

189 1686 257 1720 sibi
281 1686 417 1721 licitum
443 1697 522 1722 esse
547 1687 740 1731 pollicetur
765 1690 800 1721 61
827 1695 913 1720 suae
940 1695 1024 1730 erga
1048 1684 1167 1728 ipsum
1193 1683 1441 1719 observantiae
1473 1688 1740 1718 monumentum
1765 1682 1893 1718 edendi
1919 1693 1977 1718 oc-

186 1744 364 1778 casionem
399 1749 656 1789 opportunam,
690 1754 712 1778 a
735 1749 771 1779 te
795 1755 860 1789 pro
886 1749 949 1779 tua
974 1741 1225 1777 benevolentia
1250 1741 1319 1776 hoc
1343 1742 1568 1785 potissimum
1594 1746 1818 1786 exspectans,
1851 1746 1891 1776 ut
1915 1742 1976 1777 be-

187 1803 293 1846 nigna
318 1802 626 1838 commendatione
651 1802 697 1837 ad
715 1802 931 1837 Phoenicem
948 1800 1043 1836 hunc
1061 1799 1240 1843 astralem,
1267 1799 1534 1835 immortalitate
1560 1800 1815 1844 dignissimum,
1841 1799 1977 1834 aditum

188 1860 219 1895 ei
244 1865 461 1906 praestruas,
487 1863 545 1897 cui
570 1866 605 1897 et
630 1872 706 1906 ego,
733 1861 872 1896 virtutis
899 1864 934 1894 et
960 1860 1110 1894 nominis
1138 1858 1216 1902 ejus
1243 1858 1357 1894 cultor
1383 1858 1652 1901 devotissimus,
1679 1859 1804 1894 eodem
1828 1863 1890 1894 tuo
1916 1869 1977 1894 au-

190 1919 300 1962 spicio
325 1919 523 1964 indigetari‚
551 1925 586 1955 et
612 1920 691 1965 quis
717 1920 794 1964 ejus
813 1918 849 1953 in
867 1918 922 1952 his
940 1917 1093 1962 publicis
1119 1916 1384 1951 turbationibus
1411 1917 1458 1952 sit
1477 1921 1593 1953 status
1611 1922 1647 1952 et
1671 1918 1733 1953 ubi
1757 1928 1854 1952 nunc
1871 1917 1978 1961 degat

190 1986 254 2020 per
278 1982 313 2012 te
339 1977 429 2013 scire
455 1979 562 2014 ctiam
587 1982 696 2023 atque
722 1978 827 2013 etiam
854 1977 970 2021 cupio.
1018 1976 1140 2011 Habes
1169 1979 1205 2011 et
1229 1975 1287 2010 1116
1312 1975 1517 2020 adjunctam
1536 1977 1697 2020 ejusdem
1716 1976 1892 2011 Gassendi
1917 1976 1978 2011 ob-

190 2036 426 2071 servationem
451 2037 593 2081 eclipsis
620 2037 760 2078 solaris,
787 2046 832 2070 ex
857 2035 933 2079 ejus
959 2035 1004 2070 ad
1022 2045 1077 2069 me
1104 2034 1258 2079 epistola
1283 2038 1508 2079 excerptam3
1535 2034 1605 2069 duo
1630 2034 1742 2069 libelli
1767 2034 1843 2078 ejus
1861 2044 1978 2069 exem-

189 2092 320 2137 plaria,
352 2093 416 2128 tibi
443 2098 478 2129 et
503 2095 659 2139 Keplero
686 2094 822 2138 dicata,
857 2093 1014 2128 nondum
1048 2093 1182 2136 habeo,
1216 2092 1425 2137 propediem
1448 2092 1510 2126 illa
1535 2097 1714 2137 exspecto.
1762 2092 1919 2134 (Parisiis
1945 2092 1979 2139 (1Ο

188 2152 222 2186 3.
250 2150 348 2196 Sept.
379 2152 490 2197 1630.)
515 2173 558 2177 -—
582 2153 785 2188 Luctuosus
812 2162 916 2187 casus
942 2151 1130 2186 Phoenicis
1155 2151 1269 2186 nostri
1296 2150 1478 2194 Germani,
1504 2150 1625 2194 Magni
1648 2151 1793 2195 inquam
1817 2150 1976 2195 Kepleri,

189 2209 295 2243 alium
321 2221 392 2244 non
417 2210 532 2246 minus
557 2211 737 2246 funestum
764 2212 900 2255 (quem,
935 2210 1044 2252 faxit,
1077 2213 1215 2244 avertat
1239 2210 1351 2253 Deus)
1385 2219 1464 2243 cum
1498 2209 1645 2244 horrore
1678 2209 1764 2243 mihi
1796 2208 1978 2253 praesagit

190 2269 303 2304 ltalici
320 2269 452 2314 Lyncis
473 2269 633 2312 Galilaei,
660 2267 841 2313 praesenti
859 2267 992 2312 quippe
1009 2267 1169 2312 periculo
1194 2267 1307 2312 pestis
1333 2267 1381 2302 ibi
1399 2267 1594 2311 grassantis
1620 2272 1656 2303 et
1671 2267 1831 2302 cadentis
1849 2268 1977 2302 aetatis

190 2327 359 2372 expositi,
392 2328 435 2363 de
461 2339 530 2372 quo
554 2328 628 2372 jam
662 2328 799 2373 pridem
833 2327 924 2361 nihil
955 2325 1083 2361 audivi.
1132 2325 1237 2370 Quod
1271 2329 1455 2371 superest,
1490 2325 1591 2360 vobis
1618 2325 1765 2370 Kepleri
1797 2325 1918 2361 amicis
1943 2325 1979 2360 111

190 2385 225 2419 1(1
249 2386 525 2422 incumbendum
552 2391 665 2431 esset,
691 2390 730 2420 ut
756 2393 878 2419 sacrae
904 2383 1062 2419 defuncti
1087 2382 1227 2427 proles,
1258 2384 1510 2419 meditationes
1537 2396 1585 2420 sc.
1612 2385 1689 2429 ejus
1715 2390 1750 2420 et
1776 2386 1909 2430 scripta
1933 2386 1977 2420 ab

189 2444 336 2479 interitu
367 2444 634 2479 vindicarentur
659 2448 694 2478 et
721 2444 764 2478 ad
792 2444 949 2478 auctoris
984 2444 1114 2479 famam
1147 2442 1402 2487 publicumque
1433 2443 1564 2478 bonum
1596 2443 1667 2479 fido
1694 2443 1835 2479 custodi
1860 2444 1976 2479 trade-

190 2507 313 2537 rentur
338 2502 460 2546 sicque
486 2513 592 2546 quam
619 2502 877 2537 officiosissime
909 2503 977 2547 piis
1009 2502 1087 2546 ejus
1113 2501 1275 2536 manibus
1307 2505 1569 2545 parentaretur.
1617 2502 1831 2546 (Februario
1860 2503 1975 2547 1631.)

189 2560 296 2604 Vulgi
322 2561 365 2595 de
382 2561 540 2605 Keplero
566 2561 641 2596 viro
658 2559 927 2605 incomparabili
952 2563 1035 2594 ante
1061 2563 1097 2593 et
1122 2564 1205 2603 post
1231 2557 1366 2593 obitum
1389 2559 1481 2594 male
1506 2564 1667 2604 comptos
1686 2571 1775 2604 quos
1800 2571 1976 2596 memoras

192 2628 392 2661 sermones,
426 2618 546 2663 potius
581 2618 801 2663 spernendos
829 2629 933 2662 quam
959 2617 1195 2652 advertendos
1230 2616 1339 2660 duco,
1375 2627 1454 2651 cum
1487 2618 1618 2653 erudiri
1650 2619 1788 2655 nesciat
1811 2619 1916 2654 turba
1940 2623 1976 2654 et

192 2686 283 2719 quae
309 2687 380 2710 non
405 2676 590 2721 intelligit,
617 2677 778 2721 damnat3
815 2676 910 2711 unde
935 2676 978 2710 ab
1003 2675 1177 2720 imperitis
1202 2675 1325 2719 impeti
1349 2675 1542 2711 illustrium
1559 2676 1712 2712 virorum
1737 2676 1818 2711 fatis
1844 2676 1976 2711 adscri-

190 2732 344 2768 bendum
370 2738 434 2768 est.
478 2734 537 2769 Sic
563 2734 646 2769 olim
671 2746 751 2770 cum
775 2735 1002 2781 philosophis
1028 2741 1064 2771 et
1088 2740 1211 2770 nostro
1237 2733 1362 2770 seculo
1389 2744 1468 2769 cum
1486 2733 1663 2778 primariis
1681 2734 1845 2769 omnibus
1862 2733 1974 2768 scien-

192 2789 319 2825 tiarum
345 2795 381 2826 et
404 2791 565 2826 veritatis
590 2791 783 2828 luminibus
809 2797 928 2829 actum
953 2797 1018 2829 est.
1060 2793 1127 2837 (31.
1153 2791 1242 2836 Maji
1269 2792 1379 2834 1631.)

331 2848 429 2884 Haec
454 2854 554 2894 sunt,
589 2861 682 2893 quae
708 2851 877 2894 aequales
904 2850 948 2885 de
974 2850 1073 2886 obitu
1098 2849 1246 2894 Kepleri
1272 2849 1406 2893 scripta
1429 2848 1662 2892 reliquerunt.
1713 2850 1901 2894 Superest,
1935 2852 1974 2883 ut

193 2916 236 2941 ea
262 2917 352 2951 quae
377 2908 637 2952 posterioribus
663 2910 887 2953 temporibus
912 2915 1056 2953 reperta
1082 2912 1166 2942 sunt
1188 2907 1258 2942 illis
1284 2906 1533 2950 adjungamus.

329 2965 515 3009 Sepultum
540 2977 619 3002 esse
639 2967 834 3011 Keplerum
858 2966 1018 3002 referunt
1042 2965 1263 3001 Ratisbonae
1288 2965 1324 2999 in
1343 2965 1555 3000 coemeterio
1574 2965 1610 3000 S.
1626 2965 1722 3000 Petri
1745 2963 1972 3009 lapidemque

195 3021 382 3065 sepulchro
415 3023 620 3067 impositum
651 3025 695 3060 ab
726 3025 847 3061 amicis
872 3024 1204 3062 Ratisbonensibus.
1249 3023 1406 3058 Joannes
1434 3023 1616 3067 Ostertag‚
1649 3026 1768 3057 rector
1798 3023 1972 3067 gymnasii

195 3078 474 3126 Ratisbonensis‚
500 3081 769 3126 inscriptionem
794 3083 924 3127 lapidis
950 3094 994 3118 ex
1019 3082 1256 3118 monumentis
1281 3081 1446 3117 literariis
1471 3080 1614 3125 Georgii
1637 3079 1791 3125 Serpilii,
1815 3080 1971 3124 pastoris

195 3136 351 3183 primarii
366 3138 585 3176 Ratisbonae
603 3139 721 3183 (mort.
740 3141 860 3186 17:23),
887 3140 1084 3179 desumtam
1109 3141 1201 3177 hanc
1225 3140 1336 3177 fuisse
1353 3139 1497 3184 (dubius
1516 3137 1658 3188 quidem
1674 3148 1759 3174 num
1775 3137 1845 3173 fide
1864 3137 1971 3183 digna
