2126 3388
594 148 743 196 Kepleri
766 148 951 187 literarum
976 149 1096 188 studia
1120 153 1158 187 et
1180 150 1355 189 doctrina.
1764 156 1876 200 1015

75 281 146 320 ego
177 270 278 309 sicut
309 269 356 309 de
387 270 520 320 figuris
551 270 794 320 regularibus
826 269 981 319 disputo
1013 276 1091 308 non
1123 274 1203 308 tam
1223 274 1458 321 geometrice
1491 272 1582 325 (nisi
1611 274 1680 314 ubi
1711 273 1780 313 illa
1803 275 1876 314 ad-

74 329 150 367 huc
179 328 414 378 incompleta
453 330 539 367 visa
577 327 670 380 est),
714 339 831 378 quam
869 330 1129 367 astronomice
1172 333 1210 367 et
1248 331 1537 381 metaphysice,
1579 335 1636 372 sic
1677 334 1795 371 etiam
1828 334 1875 374 de

75 392 212 425 cantus
244 388 560 436 proportionibus
591 388 717 425 scribo
748 391 927 424 nontam
949 388 1106 434 musice,
1140 399 1256 436 quam
1277 392 1522 439 geometrice,
1555 391 1729 442 physice,
1764 391 1876 430 deni-

76 457 150 494 que
172 450 214 482 ut
234 446 340 494 prius
363 447 619 484 astronomice
637 451 676 483 et
697 445 982 495 metaphysice:
1016 447 1108 494 quia
1139 448 1238 483 sicut
1261 448 1485 495 corporibus
1517 452 1686 500 quinque
1717 450 1876 499 regula—

74 504 179 541 ribus
212 515 258 541 ex
289 505 521 553 geometria,
560 505 616 542 sic
649 505 765 542 etiam
796 504 1112 553 proportionibus
1154 508 1314 553 totoque
1346 512 1536 554 apparatu
1566 508 1792 546 harmonico
1825 521 1872 547 ex

74 563 223 600 musica
244 573 342 611 opus
364 562 491 600 habeo
513 561 562 600 ad
586 561 835 611 explicandas
868 573 1006 600 causas
1028 563 1288 611 proportionis
1313 564 1463 602 orbium
1486 566 1713 604 coelestium
1737 578 1876 605 eccen-

73 621 359 669 tricitatumque
392 626 429 659 et
460 625 634 658 motuum
666 622 703 656 in
726 620 940 669 apsidibus.
985 620 1118 658 Artem
1143 632 1233 658 vero
1266 623 1521 671 componendi
1557 630 1691 662 cantus
1724 637 1870 675 nequa-

74 690 190 727 quam
221 678 413 728 profiteor.
445 700 500 706 ——
1192 680 1200 695 ‘

213 737 378 785 Quarto
404 736 542 775 deinde
583 736 681 774 libro
719 735 914 785 Keplerus
954 736 1114 785 propius
1156 736 1205 774 ad
1246 738 1490 787 propositum
1532 751 1643 777 suum
1685 741 1873 781 accedens

74 795 203 832 varias
233 795 476 844 planetarum
507 796 605 832 inter
635 806 676 832 se
707 795 939 844 positiones,
973 794 1107 843 quales
1140 806 1163 832 a
1194 795 1314 834 Terra
1346 798 1645 847 conspiciuntur,
1676 799 1725 838 ad
1756 812 1875 850 supe-

72 854 183 891 rioris
215 853 487 903 disputationis
518 854 706 891 rationem
739 852 1030 890 accommodare
1062 852 1204 893 studet.
1255 853 1343 892 Hoc
1374 860 1503 893 autem
1533 857 1611 895 fere
1641 858 1756 896 modo
1789 871 1873 897 eam

73 923 153 949 rem
197 911 432 961 aggreditur.
492 911 542 949 Et
583 911 775 949 humanae
816 912 936 949 menti
979 915 1016 948 et
1047 910 1211 949 aliorum
1252 913 1479 951 animalium
1520 916 1658 953 animis
1700 919 1875 954 innatam

77 981 161 1008 esse
194 972 422 1019 quantitatis
460 971 672 1008 notionem.
737 968 998 1007 Geometriam
1040 970 1090 1007 ab
1123 975 1280 1008 aeterno
1314 973 1352 1007 in
1383 971 1477 1019 Dei,
1512 976 1693 1012 creatoris
1726 975 1872 1022 mundi,

73 1032 201 1066 mente
233 1027 372 1076 latere,
415 1033 532 1077 atque
565 1028 614 1066 ab
645 1027 712 1066 illo
754 1027 947 1065 humanae
980 1029 1099 1066 menti
1137 1029 1403 1077 ingeneratum
1443 1042 1527 1068 esse
1558 1031 1781 1070 facultatem
1812 1045 1874 1072 res

75 1087 322 1124 harmonicas
354 1087 404 1124 ab
436 1088 521 1135 ipso
555 1090 704 1125 creatas
736 1087 790 1124 ita
821 1085 1080 1135 percipiendi,
1122 1092 1162 1124 ut
1194 1089 1377 1126 creatoris
1410 1089 1603 1137 quandam
1637 1091 1803 1140 effigiem
1835 1094 1873 1128 in

73 1146 120 1182 iis
151 1150 378 1194 agnoscant.
431 1144 543 1183 Hanc
573 1144 798 1183 facultatem
831 1156 916 1182 cum
948 1144 1045 1182 alias
1076 1157 1273 1194 apparere,
1306 1150 1387 1183 turn
1421 1148 1456 1183 in
1489 1148 1732 1187 inferioribus
1754 1151 1874 1187 animi

74 1204 232 1251 viribuS,
267 1215 354 1242 cum
384 1204 562 1241 sensibus
594 1204 807 1241 arctissime
840 1202 1068 1252 conjunctis.
1113 1203 1221 1242 Licet
1253 1206 1353 1241 enim
1385 1217 1452 1254 per
1481 1217 1522 1244 se
1554 1218 1689 1244 sensus
1712 1207 1760 1245 ad
1781 1220 1873 1257 per-

73 1261 323 1300 fectissimam
355 1274 481 1300 rerum
514 1263 760 1300 intuitionem
790 1266 987 1310 nequeant
1019 1261 1144 1308 evehi,
1177 1267 1306 1300 tamen
1338 1263 1505 1312 exempli
1535 1267 1663 1313 gratia
1694 1265 1872 1303 auditum

72 1320 240 1358 naturali
273 1320 442 1369 quodam
484 1321 670 1358 instinctu
711 1331 894 1358 sonorum
934 1319 1135 1358 harmonia
1167 1323 1364 1359 concitari.
1425 1322 1539 1360 Hanc
1573 1325 1872 1362 concitationem

73 1378 336 1427 inexplicabili
369 1378 539 1428 quodam
570 1378 686 1416 modo
718 1380 821 1416 intus
851 1380 1082 1427 propagari,
1122 1390 1246 1428 eoque
1278 1379 1378 1427 fieri,
1417 1386 1459 1418 ut
1489 1381 1604 1419 homo
1645 1382 1872 1421 harmoniae

72 1438 279 1486 imaginem
311 1439 439 1475 animo
471 1442 666 1486 receptam
698 1438 736 1474 in
769 1442 896 1474 motus
928 1442 1174 1484 transvertat,
1208 1439 1274 1486 qui
1306 1450 1377 1477 seu
1398 1443 1513 1477 cantu
1536 1439 1650 1487 edito,
1683 1452 1752 1479 seu
1785 1452 1872 1479 cor-

73 1507 167 1545 pore
199 1497 347 1544 agitato
379 1498 497 1534 etiam
528 1496 767 1533 extrinsecus
809 1494 1066 1533 animadverti
1108 1497 1269 1544 possint.
1330 1496 1478 1535 Eodem
1509 1509 1601 1536 vcro
1633 1498 1748 1536 modo
1780 1499 1874 1537 har·-

74 1555 227 1592 monias
259 1556 376 1592 etiam
408 1555 647 1603 superiorem
679 1555 799 1591 animi
829 1552 998 1591 indolem
1029 1553 1182 1592 afficere
1205 1565 1289 1592 eam
1320 1556 1456 1604 ipsam,
1491 1568 1605 1604 quam
1627 1557 1742 1595 modo
1765 1569 1874 1595 com-

72 1614 390 1660 memoravimus,
435 1613 759 1661 geometricarum
790 1612 985 1649 rationum
1024 1613 1359 1661 percipiendarum
1389 1614 1614 1652 facultatem
1646 1617 1874 1654 excitantes.

75 1670 203 1719 Quum
244 1672 360 1720 igitur
399 1670 474 1708 duo
517 1670 616 1709 radii
655 1671 693 1707 in
737 1675 987 1719 conspectum
1020 1669 1163 1708 cadant
1194 1683 1216 1708 a
1249 1671 1401 1710 duobus
1442 1672 1632 1711 sideribus
1665 1674 1871 1723 (planetis)

72 1729 382 1778 proficiscentes,
426 1741 589 1778 quorum
622 1741 668 1767 ea
699 1731 748 1767 sit
778 1730 943 1778 positio,
987 1733 1030 1766 ut
1070 1741 1181 1767 arcus
1222 1741 1267 1768 ea
1300 1731 1537 1780 conjungens
1577 1731 1695 1770 latere
1727 1732 1874 1781 figurae

72 1787 261 1837 regularis
293 1790 331 1824 in
365 1787 506 1825 circulo
551 1788 756 1836 inscriptae
798 1788 1043 1832 terminetur,
1086 1789 1257 1825 animum
1288 1789 1456 1827 naturali
1488 1789 1655 1838 quodam
1686 1791 1872 1828 instinctu

71 1847 279 1895 percipere,
314 1858 429 1895 quam
451 1846 677 1884 harmonica
707 1847 757 1883 sit
779 1845 932 1883 illorum
964 1845 1156 1883 radiorum
1189 1852 1341 1898 natura,
1375 1859 1540 1897 eumque
1572 1859 1703 1886 arcum
1723 1849 1772 1887 ab
1796 1848 1873 1886 alio

74 1904 288 1942 discernere
321 1916 397 1942 non
431 1903 567 1942 eodem
597 1903 714 1942 modo
747 1904 940 1950 consecto,
986 1909 1024 1941 et
1066 1916 1302 1953 quamquam
1343 1907 1427 1954 ipse
1468 1906 1541 1943 sibi
1582 1906 1665 1955 ejus
1703 1908 1757 1945 rei
1795 1919 1874 1945 non

73 1965 197 2012 possit
238 1962 397 2001 reddere
437 1964 646 2010 rationem,
691 1969 820 2000 tamen
860 1962 1083 2000 harmoniae
1126 1963 1323 2011 effectum,
1366 1975 1390 2001 a
1420 1964 1576 2013 speculo
1618 1977 1874 2014 repercussae

74 2022 254 2070 imaginis
287 2022 408 2059 instar
438 2022 478 2057 in
510 2023 678 2059 animum
713 2021 949 2068 influentem,
982 2022 1122 2059 sentire
1154 2033 1278 2070 eoque
1311 2023 1494 2060 concitari
1528 2028 1644 2072 atque
1677 2023 1873 2061 delectari.

77 2080 214 2128 Neque
246 2091 338 2117 vero
369 2079 563 2117 humanus
594 2085 743 2117 tantum
776 2080 941 2125 animuS,
975 2080 1047 2125 ait,
1080 2079 1153 2117 hoc
1185 2080 1300 2118 modo
1331 2080 1563 2119 harmonicis
1594 2080 1712 2119 radiis
1744 2081 1871 2119 affici-

75 2144 147 2184 tur,
181 2138 250 2176 sed
273 2139 389 2176 etiam
414 2139 581 2186 „anima,
614 2137 856 2187 philosophis
879 2137 980 2174 dicta
1002 2142 1140 2175 natura
1159 2139 1392 2186 sublunaris,
1424 2151 1491 2188 per
1513 2144 1648 2177 totum.
1691 2139 1871 2186 Telluris,

75 2195 257 2234 alumnae
289 2202 454 2243 nostrae,
489 2208 628 2245 corpus
662 2195 802 2234 diffusa
832 2197 950 2244 inque
972 2196 1103 2244 aliqua
1124 2202 1228 2234 certa
1248 2202 1356 2246 parte
1376 2209 1452 2235 non
1473 2197 1584 2235 aliter
1606 2209 1722 2246 quam
1745 2199 1874 2236 anima

76 2255 250 2296 humana
281 2255 319 2291 in
352 2254 465 2292 corde
497 2255 690 2301 radicata,
725 2266 771 2292 ex
804 2265 880 2302 quo
913 2265 981 2292 ceu
1013 2254 1120 2302 foco,
1152 2254 1257 2293 fonte
1290 2254 1352 2293 vel
1384 2256 1574 2305 penetrali
1604 2267 1671 2305 per
1701 2257 1872 2305 speciem

78 2314 139 2350 sui
170 2314 249 2350 exit
279 2313 317 2349 in
349 2313 619 2352 circumfusum
652 2312 781 2350 Terris
814 2323 1002 2350 oceanum
1024 2318 1062 2350 et
1082 2313 1326 2362 superfusum
1348 2314 1518 2363 undique
1540 2317 1680 2352 ae'rem.
1727 2313 1874 2362 Quem-

76 2369 284 2409 admodum
317 2382 408 2408 vero
442 2373 509 2420 qui
540 2371 695 2408 melodo
728 2372 902 2408 suaviter
933 2372 1086 2408 canenti
1117 2372 1324 2419 auscultat,
1357 2373 1388 2410 is
1415 2372 1565 2410 laetitia
1586 2372 1731 2419 frontis,
1765 2384 1875 2419 voce,

75 2429 214 2480 plausu
246 2441 431 2466 manuum
463 2429 656 2478 pedumve
688 2428 737 2467 ad
769 2428 961 2466 melodiae
983 2440 1202 2466 mensuram
1224 2435 1478 2480 attemperato
1501 2434 1674 2478 testatur,
1708 2442 1748 2468 se
1772 2429 1875 2479 quod

77 2494 135 2525 est
166 2489 205 2524 in
236 2486 405 2524 melodia
425 2487 689 2525 harmonicum
713 2488 910 2536 percipere
932 2491 968 2524 et
991 2488 1219 2536 approbare,
1251 2499 1327 2526 non
1361 2490 1473 2527 aliter
1494 2494 1633 2527 natura
1655 2488 1876 2527 sublunaris

77 2546 336 2584 commotione
374 2546 515 2593 insigni
547 2551 585 2584 et
615 2545 786 2583 evidenti
825 2546 1015 2583 viscerum
1047 2545 1237 2593 Telluris,
1277 2546 1326 2584 ad
1369 2547 1457 2585 illos
1495 2548 1737 2596 potissimum
1780 2546 1875 2594 dies,

79 2604 221 2653 quibus
253 2603 382 2641 sidera
412 2604 529 2641 radiis
561 2604 640 2641 suis
672 2604 894 2642 harmonice
928 2603 1216 2652 configurantur
1247 2605 1286 2640 in
1318 2605 1467 2653 Terris,
1500 2610 1686 2652 testatur,
1725 2616 1767 2642 se
1798 2616 1876 2642 non

78 2663 205 2699 minus
238 2663 421 2699 instinctu
453 2661 621 2711 quodam
652 2661 821 2699 naturali
853 2660 982 2699 valere
1013 2661 1063 2699 ad
1096 2662 1384 2711 percipiendum
1413 2664 1683 2713 proportiones
1709 2663 1878 2711 angulo-

82 2732 165 2758 rum
197 2719 455 2765 harmonicas,
488 2731 604 2768 quam
634 2719 757 2769 pollet
786 2719 972 2757 facultate
1003 2720 1182 2767 naturali,
1218 2720 1345 2758 vitalis
1376 2726 1530 2760 nostrae
1561 2721 1688 2768 simili,
1721 2720 1771 2758 ad
1793 2732 1879 2759 cor-

79 2789 152 2827 pus
184 2777 352 2815 Telluris
385 2777 636 2826 officinasque
666 2778 939 2816 subterraneas
970 2780 1007 2814 in
1040 2779 1234 2816 montanis
1265 2780 1379 2816 certis
1410 2778 1694 2817 harmoniarum
1726 2784 1879 2828 tempo-

80 2837 185 2874 ribus
226 2835 509 2873 calefaciendas
551 2835 902 2884 exagitandasque,
945 2841 987 2873 ut
1017 2835 1107 2874 illae
1150 2848 1332 2885 magnam
1380 2848 1568 2886 vaporum
1610 2838 1759 2887 copiam
1805 2849 1876 2876 ex-

80 2894 224 2941 halent,
259 2906 307 2932 611
338 2905 417 2942 qua
447 2905 515 2942 per
546 2895 837 2942 antiperistases
869 2893 1020 2942 frigoris
1052 2895 1207 2943 superni
1239 2895 1362 2932 omnis
1396 2896 1546 2944 generis
1579 2900 1749 2934 meteora
1781 2907 1876 2934 con-

82 2949 334 2990 formantur.“

217 3010 292 3048 His
314 3015 443 3048 autem
466 3010 684 3058 principiis,
717 3007 756 3045 id
784 3007 889 3057 quod
910 3013 948 3047 et
967 3015 1083 3048 antea
1104 3009 1191 3059 plus
1213 3009 1332 3047 semel
1364 3011 1585 3048 notavimus
1617 3015 1656 3048 et
1685 3022 1752 3060 per
1781 3011 1882 3049 hanc

84 3069 327 3107 occasionem
357 3069 564 3117 repetitum
596 3066 799 3115 volumus,
832 3067 948 3105 etiam
981 3067 1191 3116 astrologia
1222 3067 1379 3117 Kepleri
1410 3070 1563 3116 nititur,
1609 3069 1719 3118 cujus
1758 3071 1882 3108 ratio-

82 3127 240 3166 nemin
272 3125 406 3166 eodem
445 3126 512 3164 illo
554 3130 692 3175 quarto
734 3124 833 3164 libro
871 3127 1040 3176 exponit.
1103 3125 1282 3165 Ceterum
1312 3131 1356 3165 ut
1395 3127 1526 3166 multis
1566 3125 1654 3166 aliis
1694 3127 1790 3168 locis
1827 3129 1882 3170 ita
