2177 3408
501 165 738 203 Summa-rium
762 165 944 204 Historiae
969 165 1220 204 Astronomiae
1246 166 1366 203 seculo
1392 166 1488 205 XVI.
1826 168 1908 215 629

108 288 252 327 Verum
284 292 341 327 est
374 290 472 326 inter
503 294 550 329 0²
580 292 618 326 et
640 289 707 335 [1,
741 293 780 325 at
812 289 849 324 in
881 297 929 331 0²
961 300 1007 331 0³0
1036 289 1120 337 ipsa
1153 289 1333 336 aequatio
1358 288 1567 339 epicyclica
1597 289 1677 338 jam
1710 292 1767 326 est
1798 290 1910 338 peni-

108 352 170 385 tus
203 347 395 394 absoluta,
429 349 466 384 in
489 348 548 393 OE,
583 349 655 384 etsi
687 346 872 384 distantia
894 344 948 400 Q
972 359 994 384 a
1022 347 1070 395 Θ
1104 359 1171 396 per
1195 343 1294 398 ‘2¹4⁰
1328 346 1455 384 deficit
1490 347 1551 385 vel
1585 345 1746 393 excedit,
1779 351 1910 385 tamen

107 406 180 443 hoc
212 405 307 442 nihil
339 406 473 452 efficit,
517 416 603 442 cum
637 405 720 453 jam
762 405 800 440 in
829 404 924 454 jugo
957 407 1077 442 simus
1119 404 1283 454 epicycli
1326 408 1511 443 menstrui
1545 410 1581 443 et
1613 406 1720 443 sinus
1762 406 1799 441 in
1832 405 1908 444 fine

109 463 334 513 quadrantis
366 475 441 500 non
474 468 668 500 mutentur
698 463 945 502 sensibiliter.
1008 463 1112 500 Inter
1137 476 1181 507 C‚0
1213 463 1280 509 []‚
1314 474 1361 507 0²
1390 464 1437 510 [l
1470 476 1595 512 pauca
1625 463 1809 512 scrupula
1840 475 1908 501 ac-

106 521 247 559 cedunt
287 521 350 560 vel
382 521 594 568 decedunt,
636 526 751 570 prout
783 533 875 560 vera
919 521 979 559 vel
1013 520 1227 571 epicyclica
1260 520 1445 559 distantia
1471 522 1518 570 Θ
1545 535 1566 560 a
1588 519 1642 574 Q
1667 523 1907 570 aequaveris.

105 579 154 617 Et
185 592 271 617 cum
303 580 400 618 alias
432 581 470 616 iu
501 580 574 617 hoc
605 581 680 618 situ
714 579 847 629 aliqua
877 579 1060 629 scrupula
1083 581 1119 616 in
1143 590 1268 617 errore
1291 581 1378 627 sint,
1412 580 1599 618 hactenus
1622 580 1793 618 nondum
1816 579 1909 618 duxi

106 639 367 677 necessarium
399 636 669 688 ἀκριβολογεωῑ

245 697 305 735 De
338 698 452 735 tertia
484 696 715 745 objectione.
773 695 849 733 Hic
877 697 999 745 primo
1036 695 1262 732 variationis
1294 694 1449 734 libratio
1482 698 1566 745 ipsa
1604 696 1907 746 reprehenditur,

105 754 275 794 secundo
308 754 580 804 inaequalitas,
615 756 727 792 tertio
760 754 942 791 identitas
975 753 1057 801 ejus
1090 755 1126 790 in
1161 753 1316 791 diversa
1348 754 1552 792 altitudine
1575 754 1709 792 Lunae
1732 767 1754 792 a
1777 755 1907 794 Terra.

104 813 215 851 Haec
255 818 345 851 suut
386 814 660 851 contrariarum
695 813 927 861 qualitatum
961 812 1212 860 objectiones.
1275 812 1436 860 Fateor,
1479 813 1650 850 noluisse
1683 813 1909 863 Tychonem

104 873 264 909 minima
306 873 422 909 etiam
465 872 603 909 sectari
642 875 679 908 et
718 871 862 908 nodum
894 872 930 906 in
964 871 1090 918 scirpo
1134 881 1319 918 quaerere
1335 874 1403 917 (p),
1438 871 1804 920 concedendumque
1838 876 1907 921 est,

107 932 138 969 si
172 931 337 968 variatio
370 929 573 968 mediocris
607 934 664 966 est
687 930 767 975 41¹,
801 931 1007 966 maximam
1040 939 1154 977 posse
1182 939 1266 965 esse
1292 930 1372 975 432
1406 930 1602 966 minimam
1637 932 1717 975 39‘,
1753 930 1908 977 quando

109 989 272 1026 variatio
304 1000 372 1037 per
404 988 545 1026 circelli
578 987 807 1024 diametrum
839 988 1071 1036 geometrice
1105 985 1401 1023 demonstratur.
1465 987 1516 1024 At
1548 988 1633 1036 ipsa
1664 987 1818 1025 libratio
1841 1000 1909 1036 per

107 1059 148 1086 se
181 1048 373 1085 contemni
403 1058 651 1095 nequaquam
684 1047 821 1094 potuit,
855 1057 940 1082 cum
972 1046 1021 1082 sit
1046 1047 1125 1091 41‘,
1161 1056 1260 1093 quae
1293 1045 1515 1082 observatio
1548 1045 1675 1094 prodit
1691 1050 1751 1092 (q).
1799 1045 1908 1085 Haec

104 1105 235 1155 palma
266 1107 304 1142 in
335 1105 463 1143 medio
496 1110 565 1151 est,
598 1104 792 1153 quomodo
827 1103 1036 1153 simplicior
1068 1102 1296 1153 hypothesis
1326 1103 1460 1141 haberi
1482 1105 1616 1152 possit,
1651 1116 1750 1153 quae
1773 1105 1910 1142 obser-

105 1164 330 1202 vationibus
363 1163 588 1201 satisfaciat.
651 1162 711 1200 De
744 1161 941 1212 inaequali
974 1166 1080 1199 motu
1113 1161 1229 1210 hujus
1262 1160 1403 1199 circelli
1436 1161 1521 1200 dico
1555 1162 1703 1210 eadem,
1737 1174 1837 1212 quae
1859 1162 1908 1201 ad

106 1223 363 1272 objectionem
396 1221 605 1260 secundam
633 1229 683 1272 (r)-

244 1279 424 1329 Objectio
457 1287 606 1329 quarta.
662 1279 857 1316 Refractio
890 1284 928 1316 et
959 1277 1168 1327 parallaxis
1210 1277 1402 1315 habentur
1433 1288 1501 1327 pro
1535 1278 1812 1327 accidentibus,
1847 1291 1910 1318 re-

105 1341 344 1388 stringuntur
375 1340 476 1376 enim
508 1338 557 1376 ad
590 1343 714 1375 certos
746 1337 852 1375 locos
886 1338 923 1373 in
956 1336 1099 1374 mundo
1133 1342 1170 1374 et
1201 1339 1298 1374 situs
1319 1336 1454 1374 Lunae
1486 1348 1620 1375 versus
1652 1338 1906 1377 horizontem.

105 1398 153 1435 Et
183 1398 253 1435 fuit
284 1397 347 1435 hic
370 1397 504 1447 Tycho
534 1397 793 1443 cautissimus,
826 1397 949 1445 primo
983 1397 1020 1432 in
1053 1395 1282 1444 recipiendis
1307 1395 1659 1444 observationibus,
1692 1408 1738 1434 ex
1767 1397 1909 1446 quibus

103 1456 332 1506 hypothesis
367 1461 424 1494 est
457 1459 662 1502 exstructa,
697 1453 835 1492 deinde
868 1456 904 1490 in
940 1453 1169 1492 calculanda
1201 1459 1363 1502 utraque
1396 1454 1611 1494 affectione.
1674 1454 1806 1502 Miror,
1840 1466 1907 1493 cur

103 1513 179 1552 hoc
210 1514 263 1551 illi
298 1513 526 1562 objiciatur,
571 1525 657 1551 curn
701 1514 740 1549 in
783 1512 920 1550 iisdem
953 1512 1096 1550 tabulis
1128 1511 1347 1550 Lunaribus
1385 1512 1603 1550 habeantur
1632 1518 1840 1563 praecepta
1871 1518 1909 1552 et

104 1572 262 1612 tabulae
291 1579 341 1615 (s).

243 1630 389 1679 Quinta
421 1630 604 1678 obJ‘ectio.
661 1629 747 1667 Non
779 1634 881 1668 recte
913 1630 1126 1667 instituitur
1158 1628 1395 1678 computatio
1428 1630 1673 1678 aequationis
1694 1630 1907 1679 maximae3

105 1690 239 1728 crescit
273 1690 430 1728 enimin
456 1689 502 1735 [l
529 1688 577 1737 G]
603 1699 679 1725 non
709 1699 777 1737 per
810 1689 1226 1737 appropinquationem
1260 1686 1489 1738 epieycliss),
1529 1699 1628 1736 quae
1660 1699 1752 1726 sane
1785 1688 1910 1737 maj0r

105 1748 187 1786 fieri
219 1760 295 1785 non
327 1752 460 1796 posset
492 1759 607 1796 quam
643 1744 687 1784 5⁰
721 1748 800 1792 13‘,
834 1746 902 1784 sed
935 1748 1071 1784 crescit
1103 1758 1170 1795 per
1201 1747 1488 1795 appositionem
1511 1746 1579 1783 AB
1614 1746 1789 1784 diametri
1824 1748 1908 1795 epi-

104 1806 202 1856 cycli
234 1806 284 1843 ad
315 1807 350 1843 A
373 1806 530 1843 Terram
564 1805 612 1842 ad
646 1803 726 1852 GC,
761 1804 834 1842 GD
866 1804 930 1843 vel
962 1805 1028 1841 BE
1062 1804 1291 1842 diametrum
1321 1804 1485 1853 epicycli
1517 1806 1553 1840 in
1588 1805 1906 1844 circumferentia.

104 1864 182 1902 Sed
215 1876 367 1911 moneo,
401 1863 519 1914 paulo
554 1863 698 1900 diutius
731 1868 768 1901 te
800 1875 978 1901 exerceas
1011 1863 1047 1899 in
1081 1862 1445 1913 comprehendenda
1465 1862 1663 1913 Tychonis
1686 1863 1907 1914 hypothesi,

104 1923 178 1961 hoe
209 1924 279 1960 tibi
313 1922 400 1972 plus
426 1922 607 1971 proderit,
641 1933 758 1970 quam
779 1921 897 1969 longa
921 1922 1005 1970 epi-

106 1981 220 2020 stola.
271 1981 439 2018 Tantum
461 1981 535 2018 hoc
556 1985 663 2027 tene,
701 1979 806 2028 quod
835 1980 902 2018 fol.
936 1983 1002 2018 Ο.5

102 2050 181 2077 non
202 2051 395 2089 expresse,
427 2043 469 2076 ut
492 2038 637 2085 debuit,
660 2039 828 2088 ponitur,
861 2038 1003 2076 lineam
1190 2029 1221 2077 1]

110 2098 178 2135 AF
210 2110 255 2136 ex
288 2098 321 2135 A
343 2098 464 2136 Terra
494 2109 562 2147 per
581 2097 612 2134 F
637 2101 808 2135 centrum
842 2096 1005 2147 epicycli
1115 2065 1432 2169 ίῗῖδζρκ
1783 2061 1808 2089 E

1252 2187 1269 2209 s
1480 2179 1489 2182 r

105 2155 209 2205 apud
232 2156 391 2194 Terram
421 2167 572 2204 semper
593 2167 748 2193 manere
777 2155 1004 2205 parallelam
1117 2151 1250 2272 (I

106 2214 232 2252 lineae
264 2214 456 2264 apsidum,
490 2218 527 2252 et
559 2225 645 2252 cum
679 2225 724 2252 ea
745 2214 817 2252 sub
844 2213 1004 2251 zodiaco
1392 2213 1403 2221 Χ

1064 2180 1506 2410 Q

1411 1965 1476 1997 Fig.
1500 1965 1542 1991 11.

105 2274 216 2311 annis
249 2273 303 2326 δὲ
336 2273 594 2319 circumirem.

243 2331 347 2369 Hae*
371 2331 526 2369 chartae
565 2335 732 2380 quatuor
766 2330 848 2380 jam
881 2330 1004 2379 septi-

105 2390 229 2427 manis
255 2390 461 2438 jacuerunt
501 2391 598 2427 inter
639 2393 768 2427 scruta
809 2400 896 2427 mea
927 2400 1004 2426 una
1666 2379 1798 2482 ἱ

107 2459 192 2486 cum
223 2450 298 2485 tuis
330 2447 450 2485 literis
473 2447 737 2486 absconditae.
778 2447 876 2485 Nam
899 2458 1004 2485 eram

106 2507 144 2542 in
177 2506 466 2555 typographicis
499 2507 820 2554 occupatissimus
848 2510 885 2543 et
908 2516 1003 2543 con-

106 2564 345 2610 fusissimus,
393 2563 456 2602 vel
497 2565 614 2612 igitur
655 2563 811 2602 tandem
850 2568 1003 2613 reperta

107 2624 231 2661 mitto.
292 2620 392 2659 Vale
421 2625 460 2659 et
489 2633 550 2660 me
583 2623 750 2660 Domino
782 2622 982 2660 Praetorio
1015 2619 1256 2659 commenda.
1309 2619 1350 2657 Si
1382 2617 1476 2668 quid
1508 2616 1613 2667 quod
1646 2627 1788 2665 operae
1818 2626 1909 2664 pre-

108 2682 204 2719 tium
237 2680 306 2718 erit
338 2679 481 2717 dixisse
513 2680 648 2718 videor
677 2680 796 2728 idque
829 2679 1087 2729 explicatione
1119 2679 1280 2716 clariore
1311 2676 1514 2724 indigebit,
1548 2676 1695 2725 petenti
1727 2674 1797 2711 tibi
1830 2673 1909 2711 alio

109 2744 281 2788 tempore
313 2750 390 2776 non
423 2737 637 2787 denegabo.
698 2737 849 2785 Pragae
881 2737 916 2775 d.
952 2742 1016 2775 30.
1050 2737 1264 2786 Septembr.
1302 2738 1425 2773 1606.

249 2797 294 2836 Ρ.
319 2796 358 2836 S.
391 2796 450 2833 Sit
481 2795 672 2841 B³ssflg.1·2)
704 2801 875 2833 centrum
908 2796 1110 2834 eccentrici
1142 2793 1267 2831 ovalis
1301 2793 1447 2838 Lunae,
1482 2790 1510 2828 C
1543 2790 1758 2839 aequamus,
1792 2789 1826 2826 A
1858 2790 1908 2827 sit

109 2855 229 2893 Terra
248 2856 287 2892 in
320 2853 469 2904 copulis
492 2858 528 2892 et
550 2852 620 2890 AB
644 2854 918 2893 eccentricitas.
960 2854 991 2890 E
1012 2855 1063 2890 sit
1084 2852 1202 2890 Terra
1224 2853 1262 2889 in
1294 2849 1450 2900 quadris
1483 2852 1520 2887 et
1541 2849 1607 2885 ΕΒ
1629 2848 1907 2887 eccentricitas.

248 3015 283 3058 ²³²)
308 3012 621 3058 Appropinquatio
650 3011 801 3057 epicycli
824 3021 895 3045 non
916 3011 1039 3053 datur,
1065 3009 1211 3064 quando
1227 3010 1263 3044 in
1289 3009 1515 3045 concentrico
1543 3007 1722 3053 epicyclus
1740 3007 1906 3043 volvitur

113 3061 183 3097 Sed
209 3061 317 3106 dicas,
344 3060 591 3096 concentricus
617 3059 654 3094 in
684 3063 718 3098 [l
749 3069 820 3094 non
845 3062 977 3102 manet,
1003 3069 1083 3094 cum
1109 3057 1155 3092 sit
1181 3057 1259 3100 ejus
1283 3062 1446 3092 centrum
1470 3056 1505 3090 in
1523 3055 1580 3090 B?
1618 3055 1766 3091 Verum:
1793 3059 1831 3089 at
1855 3054 1907 3090 sic

110 3109 232 3155 potius
263 3108 449 3157 elongatur
473 3105 657 3152 epicyclus
683 3107 727 3142 ab
753 3105 805 3150 A;
831 3105 931 3146 ΑΒΕ
958 3085 1125 3156 a’equatio
1150 3104 1304 3140 maxima
1328 3103 1364 3138 in
1389 3102 1629 3152 quadraturis.
