2126 3388
209 181 294 228 970
880 181 962 218 Vita
986 181 1137 218 Joannis
1161 181 1318 228 Kepleri.

207 302 390 340 luctando
422 310 537 339 esses,
597 298 775 337 Praemia
816 299 909 337 mihi
949 300 1104 338 decreta
1135 312 1158 338 a
1190 300 1356 339 Caesare
1387 299 1600 349 impediunt
1629 311 1710 348 me,
1753 311 1830 349 quo
1861 300 1986 337 minus

208 361 467 409 Marpurgum,
499 361 542 394 ut
573 356 839 406 Landgravios
871 359 968 395 inter
1000 363 1037 395 et
1067 369 1127 396 me
1159 360 1359 405 convenit,
1393 357 1601 395 concedere
1633 359 1790 407 possim.
1852 358 1986 395 Lincio

209 419 411 465 ejiciuntur
440 415 592 464 patroni
623 416 710 462 mei,
745 415 834 452 aula
865 415 1112 465 Imperatoris
1143 416 1328 463 ambulat,
1363 416 1535 464 inquieta
1566 420 1635 453 est.
1698 415 1885 453 Bohemia
1915 416 1987 452 ab-

209 481 315 512 sente
348 474 512 511 Caesare
543 483 603 509 ine
635 483 709 509 non
742 473 824 519 fert,
856 472 918 510 lex
950 473 1028 511 lata
1061 473 1106 511 dc
1138 475 1407 511 non-romanis
1440 473 1691 513 exercebitur.
1734 473 1919 521 Superest
1940 485 1987 509 ex

208 531 414 569 ditionibus
446 530 623 567 Caesaris
654 531 768 567 unica
800 529 954 578 silesia,
995 542 1065 568 nec
1097 531 1163 569 illa
1192 532 1276 568 sine
1314 536 1419 568 metu
1459 542 1529 568 nec
1560 536 1654 571 tuta.
1716 529 1830 578 Quod
1860 535 1987 567 autem

210 588 453 626 Fridlandius
487 587 581 624 haec
612 587 795 625 alimenta
835 588 929 625 mihi
960 587 1148 635 decrevit,
1182 600 1300 626 causa
1331 593 1408 636 est,
1449 590 1540 637 quia
1571 595 1660 626 ante
1692 589 1897 626 triennium
1929 600 1988 626 me

207 646 417 694 impedivit,
450 651 490 681 ut
522 644 570 681 ad
604 646 894 683 observationes
925 646 1122 696 Tychonis
1155 646 1425 695 imprimendas
1459 647 1759 695 Noribergenses
1780 658 1802 684 a
1825 645 1989 683 Caesare

209 703 430 752 compellati
463 707 572 740 4000
603 703 697 740 mihi
729 715 803 741 non
835 701 1069 742 solverent.“
1135 704 1215 742 Has
1246 704 1396 753 Pragae
1429 704 1538 742 datas
1569 704 1699 742 literas
1730 708 1818 752 post
1849 715 1989 741 annum

205 761 463 810 sequebantur
494 760 626 804 literae
659 761 814 810 Kepleri
847 762 988 811 Sagani
1019 763 1201 812 scriptae:
1239 762 1319 814 „Et
1345 763 1528 810 prodesse
1562 763 1700 800 volunt
1737 767 1772 799 et
1802 761 1990 798 delectare

203 823 352 868 poetae.
414 819 474 855 Tu
518 830 672 867 quoquc
705 821 877 868 impenso
918 826 984 857 tuo
1025 819 1153 857 studio
1192 820 1283 857 1111111
1323 819 1590 858 commodandi
1634 819 1708 857 dici
1749 831 1825 857 non
1864 823 1992 868 potest

210 882 395 925 quantum
427 888 486 913 mc
521 878 557 913 in
591 877 663 914 hac
695 877 915 915 turbulenta
946 889 1032 916 mea
1062 877 1270 916 solitudine
1312 890 1472 916 recrees,
1533 878 1719 916 Nimirum
1753 884 1790 915 et
1820 876 1989 914 solitudo

208 940 276 982 est,
310 946 408 983 quae
442 946 501 988 me
533 936 744 983 sepositum
775 936 823 972 ab
856 935 1014 973 urbibus
1056 937 1204 985 imperii
1245 937 1373 984 angit,
1418 948 1502 973 cum
1542 936 1643 974 lente
1676 940 1714 972 et
1744 946 1830 973 cum
1861 940 1989 972 sumtu

205 1004 344 1042 magno
378 998 595 1030 commeant
626 992 780 1039 literae,
815 997 852 1031 et
882 993 1017 1031 turbae
1048 994 1349 1040 reformationis,
1390 1005 1449 1031 me
1482 993 1636 1042 quidem
1668 994 1811 1030 intacto
1844 997 1883 1030 at
1914 1003 1999 1036 non¹

205 1062 326 1099 aeque
365 1049 540 1098 neglecto
580 1051 617 1086 in
662 1051 836 1098 occulto,
882 1050 1057 1100 exempla
1099 1056 1226 1090 tamen
1273 1056 1309 1090 et
1340 1052 1528 1100 imagines
1571 1052 1697 1089 tristes
1731 1055 1907 1088 statuunt
1938 1050 1987 1087 ob

205 1109 352 1156 oculos,
383 1107 473 1145 dum
495 1109 587 1155 noti,
620 1110 746 1156 amici,
779 1110 942 1158 proximi
965 1109 1253 1155 subvertuntur,
1287 1109 1376 1146 dum
1397 1110 1582 1147 sermonis
1605 1109 1872 1146 commercium
1903 1119 1989 1145 cum

203 1166 481 1216 perterrefactis
513 1172 614 1203 metu
647 1167 923 1216 intercipitur.“
959 1189 1011 1194 ——
1045 1167 1088 1203 In
1122 1167 1255 1205 iisdem
1287 1167 1407 1204 literis
1439 1166 1488 1204 ad
1512 1167 1826 1219 „Astronomiam
1858 1166 1991 1203 Luna—

207 1223 310 1263 re1n“
346 1235 535 1269 reversus,
568 1224 721 1262 scribit:
759 1224 886 1271 „Sane
909 1225 971 1273 qui
995 1224 1173 1274 pellimur
1204 1227 1324 1271 terris,
1358 1226 1542 1263 viaticum
1565 1225 1638 1262 hoc
1660 1224 1849 1262 conducet
1879 1235 1991 1273 pere-

205 1282 445 1331 grinantibus
487 1286 554 1318 aut
592 1283 844 1331 migrantibus
882 1284 918 1319 in
953 1282 1140 1320 Lunain.“
1206 1284 1260 1320 Ea
1291 1294 1390 1332 quae
1421 1283 1612 1332 Keplerus
1654 1282 1743 1320 hinc
1781 1281 1868 1319 inde
1912 1282 1992 1330 egit

211 1353 295 1379 cum
329 1340 572 1388 Berneggero
605 1339 650 1377 de
682 1339 760 1377 filia
791 1340 979 1386 Susanna,
1011 1341 1279 1389 praemisimus
1309 1352 1398 1390 pag.
1433 1345 1512 1379 913
1547 1352 1597 1377 ss.
1633 1363 1682 1369 —-

341 1397 499 1446 Kepleri
530 1399 659 1444 verba,
694 1398 834 1446 quibus
866 1400 902 1435 in
936 1398 1099 1447 epistola
1130 1399 1179 1437 ad
1211 1399 1495 1447 Berneggerum
1527 1400 1646 1436 missa
1676 1394 1838 1451 (Martio
1862 1408 1992 1435 mense

206 1456 296 1493 anni
333 1458 460 1503 1624)
493 1457 609 1493 utitur
644 1455 918 1507 „quotidianus
950 1457 1070 1505 ipsius
1102 1469 1186 1494 sum
1217 1454 1398 1506 hospes“‚
1433 1457 1558 1494 dicere
1579 1457 1726 1503 volunt,
1760 1455 1886 1504 qualis
1909 1455 1992 1504 ejtis

206 1525 289 1550 cum
323 1513 475 1551 Barone
509 1512 555 1551 de
588 1513 833 1562 Staremberg
864 1526 957 1551 usus
989 1514 1102 1552 fuerit
1132 1521 1169 1553 et
1199 1517 1421 1555 necessitas.
1472 1514 1562 1552 Jam
1595 1519 1711 1552 antea
1744 1513 1888 1551 dictum
1922 1518 1991 1560 est,

204 1571 304 1608 1111110
336 1573 458 1608 virum
491 1572 652 1620 primam
686 1583 844 1610 causam
888 1573 1027 1620 fuisse,
1071 1584 1136 1610 cur
1168 1572 1232 1611 ille
1264 1585 1286 1610 a
1317 1573 1534 1622 Superioris
1567 1573 1748 1610 Austriae
1781 1570 1990 1609 Ordinibus

204 1629 379 1666 Lincium
412 1634 573 1667 vocatus
605 1630 675 1675 sit,
714 1631 797 1668 sine
830 1629 946 1667 dubio
980 1641 1077 1667 uxor
1108 1632 1223 1668 etiam
1255 1631 1528 1679 Starembergii
1567 1631 1782 1668 intercessit
1813 1640 1880 1678 pro
1913 1628 1992 1666 Su-

203 1699 323 1724 sanna
355 1687 608 1736 Reuttiugera
639 1687 806 1736 Keplero
839 1690 1082 1726 matrimonio
1115 1689 1323 1738 jungenda.
1386 1688 1513 1736 Quum
1555 1699 1686 1726 omnes
1717 1687 1874 1736 Kepleri
1907 1688 1991 1735 epi-

203 1745 326 1782 stolae
368 1745 416 1782 ad
457 1744 780 1795 Starembergium
816 1745 928 1784 datae
967 1748 1188 1794 periissent,
1231 1746 1324 1784 solis
1363 1759 1409 1784 ex
1449 1746 1564 1794 hujus
1606 1747 1799 1795 responsis
1840 1744 1886 1782 de
1925 1744 1992 1781 illa

204 1805 371 1840 virorum
404 1802 681 1841 consuetudine
718 1802 864 1852 aliquid
907 1804 1037 1852 colligi
1074 1810 1215 1854 potest.
1278 1803 1364 1852 Quo
1396 1810 1565 1853 tempore
1596 1803 1787 1853 Keplerus
1818 1802 1992 1840 81310111-

205 1861 336 1909 bergio
371 1866 485 1898 notus
518 1873 601 1899 esse
635 1863 816 1910 coeperit,
849 1863 1036 1900 incertum
1070 1868 1145 1909 est,
1180 1874 1225 1900 ex
1257 1862 1330 1900 hoc
1363 1867 1510 1908 autem,
1544 1862 1647 1911 quod
1678 1862 1744 1899 ille
1775 1860 1914 1898 librum
1945 1860 1992 1898 de

203 1920 361 1956 cometis
399 1931 434 1956 a.
481 1923 601 1957 1607.
645 1921 826 1968 scriptum
859 1919 1002 1957 Baroni
1045 1920 1299 1967 dedicaverit,
1346 1922 1539 1969 sequitur,
1584 1921 1618 1957 ci
1645 1920 1726 1968 jam
1768 1921 1992 1968 priusquam

202 1977 377 2014 Lincium
419 1979 581 2015 transire
621 1979 870 2025 cogitaverit,
915 1989 1000 2015 curn
1033 1977 1320 2028 Starembergio
1359 1977 1676 2016 consuetudinem
1718 1978 1991 2014 intercessisse.

202 2035 331 2072 Prima
363 2035 635 2084 Starembergii
671 2036 836 2084 epistola
868 2047 969 2073 armo
1006 2040 1128 2075 1611.
1161 2036 1210 2074 ad
1241 2036 1450 2085 Keplerum
1484 2036 1574 2073 data
1606 2041 1682 2083 est,
1724 2036 1763 2071 in
1796 2046 1872 2083 qua
1904 2046 1990 2072 cum

203 2094 434 2130 amicissime
466 2098 504 2131 et
536 2094 734 2131 verissime
768 2093 813 2130 dc
835 2093 991 2142 Kepleri
1025 2095 1170 2142 primae
1203 2096 1333 2132 uxoris
1364 2094 1523 2132 decessu
1555 2094 1708 2140 diceret,
1737 2093 1819 2141 jam
1851 2092 1992 2130 diutius

207 2152 425 2188 interiorem
458 2153 554 2188 inter
585 2150 671 2188 illos
705 2151 1020 2189 consuetudinem
1053 2152 1170 2190 fuisse
1203 2152 1391 2201 conjicere
1420 2152 1523 2189 licet.
1585 2151 1661 2189 Sed
1694 2151 1786 2199 quid
1818 2151 1991 2188 Starem-

206 2209 361 2257 bergius
396 2209 441 2245 de
473 2208 642 2257 chlero
671 2208 914 2257 judicaverit,
949 2222 994 2247 ex
1026 2210 1085 2247 his
1118 2210 1244 2248 elucet
1274 2211 1423 2248 verbis:
1469 2209 1572 2261 „Sed
1596 2208 1696 2258 vquid
1729 2209 1990 2246 Christianum

203 2272 241 2304 et
272 2266 546 2315 philosophum
578 2279 759 2315 magnum
791 2267 904 2313 solor,
939 2269 1003 2316 qui
1036 2269 1118 2317 ipse
1149 2269 1365 2317 praeceptis
1387 2267 1657 2317 philosophiae
1678 2268 1884 2304 instructus
1907 2266 1993 2303 aliis

202 2330 410 2373 praecepta
442 2323 717 2362 consolationis
750 2324 840 2362 dare
872 2331 910 2362 et
940 2327 1201 2375 praescribere
1231 2326 1389 2374 potest‘.>
1431 2326 1584 2363 Amoris
1617 2329 1674 2362 est
1697 2325 1829 2362 hocin
1860 2330 1896 2361 te
1919 2326 1993 2361 mei

201 2388 466 2430 argumentum
500 2387 535 2419 et
549 2382 738 2420 ‘indicium
768 2383 974 2432 singulare.
1016 2383 1117 2421 Novi
1141 2385 1358 2432 ingenium,
1391 2385 1515 2433 pietas
1548 2384 1689 2421 eximia
1719 2382 1810 2419 mihi
1845 2387 1912 2420 tua
1933 2387 1993 2420 est

202 2445 411 2489 perspecta.
475 2439 574 2477 Cura
605 2442 741 2489 igitur,
775 2443 825 2477 mi
858 2441 1046 2490 Kephere,
1088 2447 1128 2478 ut
1158 2441 1366 2479 liberorum
1398 2446 1435 2479 et
1466 2442 1520 2478 rei
1552 2440 1752 2478 familiaris
1785 2441 1994 2478 constituta

201 2510 291 2535 cura
323 2510 438 2546 quam
468 2499 632 2546 primum
662 2498 709 2535 ad
741 2509 811 2535 nos
844 2498 979 2536 redeas
1002 2499 1136 2537 salvus
1159 2505 1196 2537 et
1218 2498 1460 2538 incolumis.“
1510 2498 1620 2536 Haec
1643 2497 1691 2535 ad
1711 2497 1872 2547 Kepleri
1902 2510 1994 2546 pro-

201 2558 356 2593 missum
378 2557 582 2606 pertinent,
616 2558 680 2604 qui
704 2568 818 2605 quam
847 2558 1065 2594 maturrime
1099 2557 1294 2606 pollicitus
1317 2562 1420 2595 esset
1450 2569 1490 2595 se
1514 2557 1640 2606 Praga
1662 2556 1839 2593 Lincium
1870 2556 1994 2594 demi-

201 2619 398 2660 graturum
431 2619 468 2650 et
499 2613 716 2662 Superioris
751 2615 931 2652 Austriae
965 2614 1173 2652 Ordinibus
1205 2615 1334 2652 officia
1364 2627 1434 2652 sua
1468 2614 1684 2653 dediturum
1717 2625 1814 2652 esse.
1878 2614 1992 2651 Anno

203 2671 338 2708 deinde
376 2676 496 2709 1613.
530 2672 720 2720 Keplerus
752 2673 903 2721 scripsit
936 2684 1026 2710 suas
1059 2672 1105 2710 dc
1135 2673 1250 2711 rebus
1273 2673 1416 2710 divinis
1440 2674 1654 2722 opiniones,
1674 2668 1850 2720 'quarum
1875 2683 1993 2709 causa

203 2730 235 2765 ei
269 2741 353 2766 cum
393 2731 518 2767 caecis
550 2727 799 2768 Lutheranae
840 2730 929 2768 fidei
970 2731 1226 2768 sectatoribus
1271 2732 1535 2768 controversia
1576 2735 1635 2768 est
1673 2734 1776 2767 nata.
1839 2728 1990 2776 Quibus

204 2786 321 2823 literis
355 2786 584 2824 duodecimo
619 2788 742 2836 Aprili
776 2787 948 2836 ejusdem
981 2790 1070 2825 anni
1103 2801 1125 2826 a
1156 2789 1442 2836 Starembergio
1474 2799 1700 2837 responsum
1733 2792 1804 2834 est,
1837 2787 1902 2835 qui
1932 2787 1991 2823 his

203 2844 330 2881 verbis
369 2845 525 2893 incipit:
573 2845 725 2896 „Video
758 2851 794 2883 te
827 2851 868 2882 111
898 2845 1174 2895 philosophum
1215 2848 1332 2884 animi
1365 2848 1620 2884 constantiam
1653 2851 1690 2883 et
1722 2843 1992 2882 firmitudinem

207 2903 322 2938 etiam
356 2903 392 2937 in
427 2902 561 2940 aulicis
594 2903 772 2952 procellis
805 2903 1081 2941 fluctuantibus
1113 2906 1331 2950 retinuisse,
1364 2916 1487 2952 neque
1520 2905 1593 2941 mei
1625 2904 1846 2940 memoriam
1878 2901 1993 2951 plane

206 2958 408 3005 abjecisse.
471 2960 592 3009 Perge
624 2963 659 2997 in
693 2966 889 3009 posterum
923 2972 992 2997 nos
1025 2973 1166 3008 amare,
1201 2962 1301 3000 idern
1324 2961 1370 3000 de
1391 2974 1452 2999 me
1485 2973 1638 3010 quoque
1673 2960 1741 2998 tibi
1772 2959 1994 3008 pollicearis

206 3027 327 3063 neque
360 3016 570 3065 quidquam
613 3018 658 3055 de
691 3030 776 3056 meo
808 3020 844 3055 in
878 3025 915 3056 te
947 3030 1075 3057 amore
1119 3019 1313 3058 dubites.“
1377 3019 1703 3067 Starembergium
1736 3016 1870 3054 eadem
1901 3029 1993 3055 sen-

205 3073 300 3109 sisse
334 3085 417 3110 cum
450 3075 619 3124 Keplero
653 3081 689 3112 et
720 3087 805 3113 cum
838 3078 1061 3125 episcopum
1085 3077 1372 3126 Spalatrensem
1397 3078 1606 3115 Antonium
1638 3075 1684 3112 de
1711 3074 1889 3113 Dominis
1921 3075 1992 3113 ad-

205 3130 404 3168 miraretur
443 3131 555 3170 fidem
597 3132 827 3171 catholicam
871 3133 1181 3185 emendaturum,
1219 3142 1256 3173 et
1301 3147 1387 3173 cum
1427 3134 1474 3173 de
1506 3132 1868 3183 praedestinationis
1900 3133 1993 3178 doc-
