2157 3398
221 166 306 210 630
625 165 865 202 summarium
889 164 1071 201 Historiae
1095 164 1346 201 Astronomiae
1373 164 1497 200 seculo
1523 164 1617 200 XVI.

1197 283 1230 322 Ο
1250 285 1299 322 sit
1321 285 1439 322 Terra
1460 285 1497 320 in
1521 283 1705 322 distantia
1725 297 1749 323 a
1770 284 1909 334 copula
1933 281 2018 333 45⁰,

1195 342 1213 378 1
1237 344 1286 379 sit
1307 342 1425 380 Terra
1447 344 1484 378 in
1509 341 1692 379 distantia
1711 355 1734 380 a
1749 343 1888 392 copula
1908 340 2019 383 135⁰.

1193 399 1252 438 Sit
1277 400 1359 449 jam
1381 401 1411 437 E
1435 399 1552 438 Terra
1573 405 1804 447 constanter,
1838 400 2021 439 distantia

1193 462 1216 495 O
1249 463 1307 496 est
1340 458 1374 495 A
1405 459 1442 494 in
1475 458 1528 505 E,
1569 457 1752 496 distantia
1793 457 1865 496 45⁰
1896 465 1954 497 est
1986 458 2019 497 O

1191 517 1230 552 in
1262 517 1310 563 E,
1345 516 1528 553 distantia
1561 520 1612 554 90
1654 521 1711 553 est
1743 516 1772 553 E
1804 518 1841 552 in
1875 516 1925 563 E,
1960 516 2019 553 di·-

1190 576 1334 611 stantia
1374 578 1452 612 135
1497 579 1554 611 est
1596 574 1613 610 I
1645 576 1682 610 in
1715 574 1758 612 E.
1830 573 1918 611 Hoc
1963 581 2021 612 est

1191 632 1261 668 BA
1286 643 1331 669 ex
1352 632 1381 668 E
1405 643 1471 680 per
1493 630 1586 669 IAO
1609 633 1795 671 circumit.
1839 632 1940 680 Ergo
1970 633 2019 670 ab

1196 693 1274 728 135
1306 701 1374 738 per
1408 693 1486 727 180
1528 691 1565 726 in
1601 692 1652 728 45
1694 694 1821 727 motus
1852 690 1922 727 BA
1963 695 2021 728 est

714 737 739 768 C
1193 747 1282 785 OEI
1315 747 1458 794 tardus,
1491 747 1558 785 sed
1591 759 1613 784 a
1637 750 1687 785 45
1710 759 1777 796 per
1800 751 1852 785 90
1876 749 1913 784 in
1939 751 2017 786 135

710 822 739 853 Β
1191 811 1319 843 motus
1351 806 1420 842 BA
1453 817 1520 854 per
1550 804 1642 843 IAO
1678 805 1801 843 velox.
1847 804 2018 854 Uterque

703 882 733 911 A
1193 875 1284 901 vero
1316 868 1521 912 utrumque
1545 863 1646 910 facit,
1680 863 1830 901 Lunam
1871 869 1907 901 et
1937 868 2017 901 tar—

619 941 647 974 0
703 914 763 987 §I
1192 922 1280 959 dam
1301 926 1338 959 et
1361 921 1548 959 velocem.
1590 921 1688 959 Nam
1710 933 1777 970 per
1800 920 1888 959 OEI
1910 921 2020 959 Luna

699 1007 725 1038 Ε
1077 957 1115 1047 s
1191 982 1228 1016 in
1261 980 1296 1016 D
1329 980 1370 1016 fit
1401 979 1524 1024 tarda,
1557 981 1594 1015 in
1626 980 1656 1016 F
1691 979 1819 1018 velox.
1857 979 1932 1017 Sed
1954 991 2021 1028 per

1061 1049 1077 1072 s
1191 1038 1283 1075 ΙΑΟ
1306 1038 1418 1075 Luna
1439 1039 1476 1073 in
1499 1038 1533 1074 D
1556 1038 1597 1074 fit
1620 1037 1745 1083 velox,
1778 1039 1816 1074 in
1839 1038 1869 1075 F
1893 1037 2014 1075 tarda.

1000 1074 1060 1147 s
1190 1096 1234 1132 In
1266 1107 1386 1144 parva
1417 1096 1699 1133 eccentricitate
1720 1095 1894 1133 tardatur
1923 1107 2021 1144 apo-

981 1149 998 1164 ”
1189 1165 1300 1201 gaea,
1325 1154 1558 1191 acceleratur
1579 1155 1773 1202 perigaea.
1816 1154 1859 1190 In
1879 1165 2021 1202 magna

559 1247 587 1256 N
697 1232 725 1261 p
781 1216 907 1262 sss
1191 1211 1428 1250 acceleratur
1459 1223 1656 1261 apogaea,
1700 1212 1872 1251 tardatur
1916 1213 2022 1261 peri-

1193 1282 1292 1318 gaea
1313 1274 1371 1316 (υ).

362 1334 419 1368 Ad
445 1335 594 1379 Kepleri
628 1338 900 1380 responsionem
926 1340 1133 1374 Praetorius
1172 1339 1280 1373 dubia
1314 1349 1379 1374 sua
1405 1342 1440 1372 et
1467 1337 1626 1383 objecta,
1662 1349 1768 1382 quam
1804 1337 2020 1372 brevissimis

228 1391 348 1426 verbis
376 1394 590 1438 conscripta,
618 1394 773 1430 Odontio
799 1396 989 1432 tradidisse
1016 1398 1178 1439 videtur,
1207 1398 1266 1440 qui
1292 1397 1352 1432 illa
1379 1397 1536 1441 Keplero
1562 1396 1768 1438 transmisit,
1797 1396 1888 1430 forte
1916 1395 2021 1430 etiam

226 1449 288 1484 illa
313 1450 498 1484 Herwarto
517 1451 682 1496 tradidit,
710 1464 789 1487 cum
816 1454 1007 1497 subjuncta
1039 1455 1109 1489 sint
1136 1454 1296 1498 epistolis
1323 1454 1497 1489 Herwarti
1523 1459 1558 1488 et
1583 1453 1730 1497 Kepleri
1754 1453 1904 1497 mutuis,
1933 1463 2020 1497 quas

226 1506 384 1541 continet
409 1508 478 1541 vol.
506 1508 568 1544 IX.
595 1520 680 1546 mss.
706 1511 1008 1547 Pulkoviensium.
1057 1513 1266 1547 Notavimus
1291 1512 1326 1546 in
1354 1512 1550 1555 praemissa
1578 1510 1725 1555 Kepleri
1753 1511 1905 1554 epistola
1929 1511 2019 1554 loca,

225 1563 355 1606 quibus
380 1565 571 1610 adscripsit
588 1567 794 1603 Praetorius
813 1571 1064 1605 annotationes
1092 1581 1186 1613 suas,
1213 1570 1326 1604 literis
1346 1581 1378 1610 a,
1399 1571 1429 1613 b,
1449 1582 1466 1604 c
1484 1596 1489 1602 .
1512 1596 1519 1604 .
1541 1597 1560 1613 .,
1588 1569 1679 1603 sicut
1706 1570 1810 1603 etiam
1829 1574 2020 1613 sequentes

224 1622 476 1665 responsiones
494 1624 639 1668 Kepleri
658 1626 701 1660 ad
720 1627 894 1661 Praetorii
912 1627 1121 1670 marginalia
1147 1628 1272 1663 iisdem
1292 1628 1414 1671 literis,
1441 1628 1526 1662 item
1553 1638 1571 1662 e
1595 1638 1678 1662 mss.
1698 1628 1803 1662 Pulk.
1824 1627 2020 1662 desumtas.

365 1681 434 1715 Hic
458 1681 565 1725 igitur
591 1684 692 1726 quasi
718 1685 879 1729 dialogus
906 1686 994 1720 haec
1020 1686 1145 1720 habet:

369 1733 425 1768 Ad
451 1745 490 1768 a:
527 1735 675 1770 Nullum
711 1742 808 1772 certe
836 1739 1102 1773 Astronomum.
1154 1735 1346 1784 Kepler
1359 1747 1432 1772 us:
1464 1735 1549 1772 Nisi
1580 1734 1860 1783 Ptolemaeum,
1896 1735 2020 1774 Alba-

227 1790 397 1838 tegnium
430 1795 468 1827 et
499 1790 797 1839 Epliemeridum
829 1796 1034 1842 scriptores
1067 1805 1211 1831 omnes.

365 1857 421 1891 Ad
448 1858 488 1892 b:
518 1857 651 1892 Dubito
670 1869 713 1892 an
734 1859 855 1903 Tycho
873 1860 979 1895 talem
1000 1860 1208 1894 numerandi
1225 1860 1400 1894 rationem
1425 1860 1460 1893 in
1487 1869 1551 1893 suo
1578 1858 1757 1893 volumine
1783 1859 1829 1894 sit
1855 1864 2019 1905 secutus;

228 1908 351 1951 utique
377 1920 448 1942 non
475 1911 686 1946 observasse
712 1917 848 1946 certum
874 1918 938 1947 est..
990 1910 1268 1958 Keplerus:
1300 1910 1388 1947 Non
1422 1921 1518 1957 opus
1552 1910 1741 1946 dubitare.

365 1962 422 1996 Ad
448 1973 480 1997 c:
509 1963 665 2006 Ipsemct
693 1965 832 1999 confert
860 1965 1037 2000 calculum
1064 1976 1166 1999 suum
1186 1975 1264 1999 cum
1287 1964 1472 2008 Cepernici
1491 1969 1526 1997 et
1545 1964 1639 2006 dicit,
1667 1964 1863 2007 Copernico
1881 1964 2020 1999 Lunam

231 2023 310 2048 esse
335 2013 370 2047 in
395 2013 458 2048 ⁴270
484 2014 614 2055 36¹1]
667 2013 928 2063 Keplerus:
972 2015 1057 2052 Non
1090 2015 1278 2063 exprobro
1311 2014 1576 2061 collationem,
1609 2014 1677 2051 sed
1707 2013 1801 2061 hoc,
1835 2014 1940 2062 quod
1971 2027 2018 2052 cx

233 2068 434 2118 Copernici
467 2069 614 2107 calculo
647 2071 909 2121 Tychonicun}
944 2074 1079 2110 erroris
1111 2073 1307 2119 arguebat.

368 2135 424 2169 Ad
451 2136 493 2171 d:
521 2136 599 2171 Hoc
623 2142 710 2181 puto
738 2149 782 2172 ex
808 2139 939 2173 tabulis
966 2139 1166 2173 Prutenicis
1192 2149 1262 2172 non
1290 2138 1402 2182 sequi⁷
1428 2137 1492 2172 sed
1517 2137 1667 2172 multum
1695 2138 1832 2179 abesse,
1861 2142 1901 2172 ut
1928 2144 1962 2173 et
1988 2139 2024 2173 in

239 2187 333 2223 Solis
358 2193 467 2223 motu.
515 2186 786 2235 Keplerus:
830 2189 886 2225 Ex
918 2189 1098 2236 Magino,
1131 2189 1338 2226 Maestlino
1370 2188 1482 2226 facile
1515 2193 1595 2225 erat
1626 2189 1851 2236 exscribere,
1886 2188 1942 2226 illi
1974 2200 2020 2226 ex

229 2241 446 2281 Prutenicis
479 2243 712 2283 derivarunt.
775 2248 1028 2284 Astronomus
1060 2258 1136 2284 non
1167 2252 1289 2296 putat,
1322 2246 1389 2283 sed
1422 2250 1630 2294 computat.

365 2308 421 2343 Ad
447 2319 478 2344 e:
507 2310 789 2354 Aequationibus
816 2312 952 2346 dicrum
971 2324 1061 2357 opus
1089 2323 1178 2354 esse,
1202 2323 1305 2346 nemo
1324 2313 1448 2354 nescit,
1476 2312 1686 2356 praesertim
1706 2316 1854 2356 propter
1870 2313 2019 2358 Lunam,

230 2367 333 2410 cujus
358 2372 475 2402 motus
501 2368 657 2403 velocior
682 2374 754 2413 est,
782 2370 878 2414 quod
904 2376 1023 2404 autem
1050 2371 1119 2405 alia
1145 2371 1191 2405 sit
1216 2370 1351 2404 dierum
1377 2370 1543 2414 aequatio
1569 2369 1605 2403 in
1626 2370 1708 2404 Sole
1735 2381 1839 2414 quam
1864 2370 1899 2405 in
1917 2372 2021 2406 Luna

230 2418 334 2460 (dicit
358 2430 485 2464 nempe
512 2421 603 2455 Solis
630 2422 795 2465 aequatio
823 2427 876 2457 est
902 2424 969 2466 2⁰),
996 2424 1063 2458 hoc
1090 2428 1145 2457 est
1171 2423 1477 2458 absurdissimum.
1554 2420 1833 2468 Keplerus:
1876 2420 2021 2469 Pungit

633 329 697 360 Fig.
722 329 765 353 12.

232 2472 469 2522 Tychonem,
504 2478 568 2524 qui
599 2476 741 2514 alicubi
774 2477 880 2524 dixit,
913 2484 1108 2526 praestare
1141 2483 1182 2515 ut
1214 2484 1335 2514 totum
1369 2479 1566 2526 negotium
1599 2479 1807 2524 omittatur,
1841 2491 1956 2527 quam
1978 2486 2020 2517 ut

230 2542 331 2568 error
364 2535 385 2570 5
421 2533 482 2571 vel
517 2538 536 2571 6
571 2536 800 2572 minutorum
834 2538 1104 2574 committatur.
1167 2536 1327 2583 Scripsit
1369 2538 1442 2573 ista
1483 2536 1668 2584 feroci0r3
1708 2542 1845 2585 postea
1887 2536 2020 2574 multi-

230 2588 393 2636 plicibus
415 2590 547 2629 Lunae
569 2593 911 2640 inaequalitatibus
935 2596 1134 2640 exercitus,
1169 2594 1292 2631 factus
1325 2600 1382 2630 est
1414 2595 1649 2631 mansuetior
1681 2600 1718 2632 et
1741 2595 1894 2632 omnino
1924 2606 2019 2632 con-

233 2648 366 2694 cessit,
410 2660 523 2696 posse
564 2650 712 2699 aliquid
755 2656 791 2688 et
833 2651 1024 2688 tantillum
1066 2651 1220 2700 quidem
1262 2652 1394 2689 deesse
1438 2663 1507 2688 suo
1548 2652 1711 2690 calculo.
1771 2652 1857 2689 Non
1891 2654 2020 2690 omisit

236 2706 504 2751 aequationem
537 2710 739 2756 temporis,
774 2708 842 2745 sed
874 2715 1021 2758 partem
1054 2710 1148 2758 ejus.
1212 2709 1420 2747 Consundit
1451 2721 1490 2747 se
1521 2711 1649 2759 ipsum
1680 2709 1900 2748 Praetorius
1934 2723 2018 2747 am-

236 2760 426 2808 biguitate
458 2766 564 2802 vocis
599 2767 853 2814 „aequatio“;
887 2771 924 2804 et
945 2767 1012 2804 Sol
1033 2767 1149 2805 habet
1170 2769 1441 2816 aequationem
1472 2774 1612 2815 motus,
1647 2767 1693 2805 de
1717 2780 1793 2816 qua
1814 2768 1910 2806 haec
1931 2781 2018 2807 mea

235 2823 369 2856 notata
407 2823 545 2869 verba,
589 2830 626 2861 et
656 2824 758 2861 Solis
799 2829 926 2862 motus
967 2825 1015 2862 ad
1048 2830 1196 2874 tempus
1239 2831 1446 2874 aequatum
1489 2832 1545 2863 cst
1577 2825 1869 2874 computandus.
1930 2826 2016 2864 Non

234 2875 366 2923 ignaro
399 2878 593 2928 Tychone,
628 2882 695 2918 sed
727 2893 811 2919 cum
842 2882 1013 2920 nondum
1043 2883 1225 2932 liqueret,
1258 2884 1532 2921 transeundum
1564 2889 1644 2921 erat
1675 2884 1748 2921 hoc
1778 2883 2014 2932 paradoxon.

371 2942 425 2976 Ad
448 2945 481 2987 f:
519 2945 595 2979 Hoc
629 2957 699 2980 non
731 2947 901 2991 intelligo.
948 2949 1129 2984 Fortassis
1156 2954 1191 2984 et
1215 2949 1342 2994 reliqui
1375 2949 1542 2993 planetae
1575 2949 1707 2992 singuli
1736 2949 1898 2994 proprias
1931 2959 2015 2984 suas

235 2992 417 3028 habebunt
450 2996 586 3030 dierum
612 3000 869 3041 aequationes‘?
917 2999 1184 3048 Keplerus:
1228 2999 1313 3036 Hoc
1355 3004 1412 3036 est
1455 2999 1557 3048 quod
1600 3010 1747 3048 queror.
1820 2998 2013 3047 Aequatio

234 3049 415 3096 temporis
447 3049 542 3089 duas
563 3054 802 3100 potissimum
826 3056 943 3094 habet
966 3068 1122 3095 causas:
1156 3057 1350 3106 obliquam
1382 3058 1646 3094 ascensionem
1677 3055 1865 3105 graduum
1894 3056 2015 3105 eclip-

235 3106 334 3145 ticae
364 3111 401 3145 et
430 3108 744 3165 inaequalitatem
773 3118 900 3152 motus
933 3113 1033 3152 Solis
1064 3126 1133 3154 seu
1165 3115 1248 3164 ejus
1279 3117 1561 3164 aequationem.
1609 3113 1682 3154 Illa
1711 3119 1820 3167 parte
1842 3125 1935 3153 usus
1957 3119 2014 3153 est
