2157 3398
231 159 313 205 592
638 159 872 195 Summarium
898 158 1077 195 Historiae
1102 157 1351 197 Astronomiae
1376 160 1498 197 seculo
1523 160 1619 198 XVI.

230 277 410 321 Martium,
436 275 604 321 Aprilem,
629 275 766 319 Maium
791 278 826 309 et
851 275 1013 318 Junium,
1042 278 1187 312 secutus
1211 276 1408 313 Romanam
1436 275 1614 321 quandam
1638 275 1825 320 rationem,
1851 275 2016 320 coniecit.

232 335 268 376 3)
296 336 324 369 A
351 335 465 379 prima
490 331 699 378 Olympiade
731 343 845 378 usque
869 333 905 367 in
930 334 1083 377 primum
1108 333 1201 369 diem
1228 335 1397 379 Quintilis
1422 335 1526 380 primi
1557 334 1641 369 anni
1667 334 1802 369 Juliani
1834 333 2017 369 dimidium

231 394 314 430 anni
338 407 396 428 του
422 405 558 426 κυνικου
584 390 840 434 Aegyptiorum
872 395 1057 434 peractum
1082 391 1167 438 fuit,
1201 393 1259 438 qui
1285 394 1443 428 continet
1474 403 1587 428 annos
1613 392 1808 437 Aegyptios
1830 393 1929 435 1451,
1953 391 2018 426 Ju-

229 453 344 487 lianos
375 455 512 485 tantum
537 449 638 484 1460.
688 449 746 482 Ex
779 448 833 483 his
868 449 1095 494 perspicuum
1129 454 1201 495 est,
1236 452 1331 496 quod
1360 450 1572 495 principium
1605 450 1741 485 ε1111111111
1774 450 1858 484 anni
1888 459 2018 495 magna

231 509 376 545 solertia
407 508 535 552 partim
561 506 606 541 ad
632 506 823 553 Graecum,
857 508 986 551 partim
1017 507 1063 541 ad
1087 508 1303 554 Aegyptium
1328 520 1460 544 annum
1485 509 1592 543 fuerit
1617 508 1923 545 accommodatum
1948 512 2015 543 etc.

366 567 664 609 Praeceptum
690 565 733 599 de
757 565 1012 610 coynoscendis
1034 566 1138 609 feriis
1161 565 1396 602 hebdomadis
1426 567 1478 601 310
1505 567 1709 602 exorditur:
1747 567 1832 602 Ideo
1857 567 1955 601 Deus
1982 569 2018 600 et

230 624 388 660 condidit
412 634 522 668 genus
548 623 742 656 humanum
767 627 802 656 et
827 621 998 657 infinitam
1025 633 1124 658 suam
1151 624 1372 668 sapientiam,
1394 623 1585 668 justitiam,
1612 624 1812 659 bonitatem
1829 630 1865 658 et
1882 623 2018 658 miseri-

230 681 386 716 cordiam
417 680 604 725 patefecit,
642 685 680 715 ut
711 685 927 723 agnoscatur
960 685 994 714 et
1027 680 1226 716 celebretur
1252 693 1273 715 a
1298 691 1428 725 genere
1459 681 1615 716 humano
1646 682 1681 716 in
1716 682 1784 717 hac
1817 682 1889 717 vita
1923 687 1958 716 et
1983 683 2017 715 in

231 740 324 775 omni
350 739 576 775 aeternitate.
618 738 845 783 Quapropter
869 737 1020 773 ecclesia
1037 738 1105 772 Dei
1130 739 1174 773 ab
1199 738 1300 772 initio
1325 739 1448 773 mundi
1473 749 1587 784 usque
1612 740 1648 775 in
1674 740 1771 776 hunc
1789 740 1881 775 diem
1900 745 2018 774 servat

230 800 365 834 dierum
391 797 646 842 hebdomadas,
672 797 854 832 institutas
881 806 899 830 a
925 795 1047 839 primis
1073 795 1246 840 patribus,
1274 800 1312 830 ut
1329 797 1499 832 memoria
1517 798 1706 832 creationis
1732 808 1848 832 rerum
1867 802 1902 832 et.
1919 802 2017 842 pate-

230 858 396 893 factionis
421 856 489 891 Dei
514 855 558 890 ad
584 865 722 890 omnem
748 855 997 899 posteritatem
1031 857 1300 898 propagaretur.
1349 855 1439 889 Nam
1470 856 1575 900 primi
1598 860 1719 901 patres
1745 857 1790 891 ad
1816 856 2018 901 exemplum

228 915 417 951 creationis
451 913 526 948 dies
553 914 573 948 6
600 913 824 947 destinarunt
854 913 970 956 operis
1002 913 1143 948 rusticis
1178 918 1213 948 et
1243 915 1498 957 oeconomicis,
1536 913 1727 958 septimum
1760 924 1887 949 vacare
1923 913 2018 948 omni

230 984 338 1019 opere
363 972 551 1008 voluerunt
575 976 762 1015 totumque
787 972 864 1005 Deo
891 976 926 1006 et
953 971 1079 1007 divinis
1105 972 1211 1007 rebus
1239 983 1378 1007 sacrum
1416 983 1495 1008 esse
1500 999 1622 1009 .....
1672 973 1757 1007 Ideo
1784 977 1819 1007 et
1845 973 2018 1017 septimus

229 1032 304 1067 dies
330 1031 468 1075 accepit
493 1029 631 1064 sabbati
655 1039 784 1064 nomen
810 1039 830 1062 a
856 1029 989 1073 quiete,
1021 1033 1061 1063 ut
1092 1029 1363 1074 admoneamur,
1397 1030 1532 1065 relictis
1567 1030 1645 1064 aliis
1677 1031 1784 1066 rebus
1819 1034 1855 1064 et
1879 1029 2017 1073 studiis,

230 1100 319 1135 quae
344 1093 427 1124 sunt
452 1088 652 1133 praesentis
678 1087 788 1132 vitae,
822 1091 919 1122 certa
952 1091 1113 1131 tempora
1145 1089 1252 1122 etiam
1277 1088 1345 1132 piis
1378 1088 1667 1124 meditationibus
1702 1093 1737 1124 et
1762 1088 1949 1133 colloquiis
1976 1087 2020 1122 de

231 1149 308 1183 Deo
336 1158 377 1183 ac
402 1147 445 1182 de
470 1146 591 1180 futura
616 1146 687 1180 vita
711 1144 900 1180 tribuenda
926 1155 1025 1188 esse,
1060 1150 1095 1180 et
1128 1145 1255 1190 reliqui
1282 1147 1301 1181 6
1328 1146 1402 1181 dies
1429 1147 1473 1181 ad
1500 1146 1688 1182 sabbatum
1713 1147 1809 1182 velut
1834 1150 1941 1191 caput
1965 1156 2019 1180 re-

228 1206 402 1250 feruntur,
428 1208 599 1240 vocantur
625 1204 716 1239 enim
742 1203 857 1248 prima
875 1203 1025 1246 sabbati,
1054 1205 1220 1249 secunda,
1245 1205 1352 1239 tertia
1377 1209 1457 1249 etc.,
1483 1210 1522 1240 ut
1548 1205 1699 1250 septimo
1717 1206 1794 1240 loco
1821 1205 2020 1246 sabbatum,

230 1266 328 1300 velut
354 1263 639 1300 antecedentium
668 1262 923 1297 consummatio
959 1262 1117 1297 accedat.
1165 1263 1217 1297 Ac
1242 1262 1404 1304 sequitur
1427 1275 1522 1298 nunc
1547 1264 1636 1299 haec
1661 1270 1843 1308 postrema
1868 1263 2021 1299 ecclesia

228 1325 375 1360 eandem
400 1327 539 1368 patrum
567 1322 857 1358 consuetudinem
882 1326 1056 1365 perpetuo
1083 1331 1271 1364 consensu,
1297 1320 1365 1355 nisi
1391 1321 1485 1366 quod
1506 1321 1606 1365 justa
1633 1322 1676 1357 de
1702 1332 1809 1357 causa
1834 1321 2020 1356 sabbatum

229 1384 345 1428 impiis
372 1394 412 1418 ac
437 1382 656 1427 blasphemis
681 1380 840 1424 Judaeis,
866 1390 987 1414 verum
1013 1379 1182 1414 Messiam
1209 1379 1468 1423 aversantibus,
1497 1379 1665 1424 relinquit
1690 1385 1725 1415 et
1750 1380 1829 1415 loco
1856 1379 1932 1424 ejus
1950 1380 2019 1424 pri-

227 1453 318 1477 mam
346 1441 468 1476 feriam
494 1440 662 1484 celebrat,
688 1449 793 1483 quam
819 1448 986 1473 vocamus
1013 1437 1226 1472 dominicum
1254 1438 1365 1481 diem,
1403 1439 1496 1483 quod
1523 1449 1564 1473 eo
1591 1439 1647 1473 die
1675 1439 1836 1474 Christus
1862 1449 1883 1472 a
1907 1444 2020 1473 morte

227 1500 480 1545 resurrexerit3
507 1498 589 1534 inde
614 1503 803 1542 sequentes
831 1497 906 1532 dics
931 1500 1035 1531 vocat
1060 1506 1123 1530 suo
1150 1495 1273 1531 ordine
1299 1496 1501 1540 secundam,
1528 1496 1670 1531 tertiam
1697 1500 1764 1532 etc.
1789 1495 1927 1531 feriam.

366 1559 481 1602 Saepe
506 1557 614 1601 igitur
638 1556 697 1601 fit,
732 1567 811 1590 cum
838 1555 913 1590 dies
940 1554 1068 1599 aliquis
1094 1554 1129 1588 in
1156 1565 1249 1589 anno
1276 1555 1507 1599 proponitur,
1533 1558 1572 1588 ut
1596 1554 1726 1598 gestiat
1750 1555 1889 1589 animus
1915 1554 2017 1597 scire,

227 1618 261 1652 in
287 1628 392 1662 quam
417 1616 542 1651 feriam
573 1614 806 1649 hebdomadis
839 1613 973 1647 incidat
1007 1618 1075 1648 etc.
1126 1612 1331 1656 (Triplicem
1362 1613 1531 1657 proponit
1556 1612 1777 1648 Reinholdus
1812 1613 2019 1648 methodum

228 1674 428 1710 inveniendi
452 1673 652 1719 quaesitum
677 1683 720 1707 ex
749 1672 914 1714 „Canone
939 1671 1156 1714 fel'iar11n1“).

364 1733 615 1776 Praecepto
657 1732 699 1766 de
739 1731 876 1765 calculo
918 1730 1130 1775 apparentis
1179 1730 1443 1774 maym'tudim's
1484 1731 1615 1775 tropici
1655 1731 1760 1773 anili,
1806 1729 1895 1764 haec
1934 1728 2020 1773 legi-

227 1802 321 1826 mus:
359 1789 553 1835 „Tropicus
580 1799 694 1824 annus
721 1793 776 1823 est
800 1798 941 1831 semper
966 1792 1040 1822 tum
1065 1787 1179 1821 minor
1206 1798 1297 1822 anno
1326 1787 1481 1827 sidereo,
1516 1793 1590 1822 tum
1616 1788 1723 1823 etiam
1749 1787 1803 1823 sui
1838 1787 2018 1822 dissimilis

228 1854 375 1894 propter
398 1849 417 1882 4
445 1858 582 1891 causas,
610 1858 697 1893 quas
723 1847 858 1891 primus
884 1847 962 1881 Nic.
990 1846 1207 1889 Copernicus
1234 1845 1448 1880 dexteritate
1475 1851 1510 1881 et
1535 1845 1680 1881 solertia
1706 1857 1770 1881 sua
1796 1845 1940 1881 tandem
1961 1846 2019 1880 de·

228 1909 423 1952 prehensas
457 1906 666 1941 enunciavit.
715 1906 792 1940 Hae
820 1909 901 1939 sunt
932 1903 1130 1949 inaequalis
1162 1904 1365 1947 praecessio
1400 1904 1705 1948 aequinoctiorum
1738 1904 1792 1939 vel
1824 1905 2020 1939 sectionum

229 1964 550 2011 aequinoctialium,
577 1963 752 1998 anomalia
777 1969 892 1998 mo‘us
919 1962 1012 1997 Solis
1036 1962 1072 1995 in
1095 1961 1252 2006 zodiaco,
1278 1962 1427 1997 mutatio
1455 1962 1606 2006 denique
1630 1966 1705 1997 tum
1733 1962 2018 2004 eccentricitatis,

230 2029 304 2060 tum
329 2022 490 2067 apogaei,
518 2032 535 2056 e
563 2022 690 2066 quibus
717 2021 832 2056 causis
859 2021 935 2055 sola
960 2020 1147 2061 anomalia,
1173 2030 1238 2063 per
1262 2030 1300 2054 se
1325 2030 1396 2054 non
1423 2019 1542 2064 magni
1567 2020 1752 2064 momenti,
1788 2021 1930 2064 cognita
1954 2020 2021 2054 fuit

227 2083 444 2117 Ptolemaeo.
488 2082 715 2126 Quapropter
740 2085 817 2114 tota
841 2079 1031 2123 posteritas
1058 2083 1159 2123 grato
1179 2078 1295 2113 animo
1317 2078 1503 2121 Copernici
1530 2088 1659 2112 nomen
1686 2078 1892 2121 celebrabit,
1918 2078 2020 2122 cujus

229 2143 348 2178 labore
374 2148 410 2177 et
435 2141 552 2177 studio
579 2140 741 2176 doctrina
764 2140 844 2183 ipsa
869 2138 1076 2177 coelestium
1102 2142 1271 2180 motuum,
1295 2135 1552 2180 propemodum
1579 2135 1750 2180 collapsa,
1775 2136 1902 2171 iterum
1918 2136 2019 2171 resti-

229 2205 307 2236 tuta
333 2204 387 2235 est
412 2206 448 2235 et
471 2209 600 2242 magna
625 2199 701 2242 ejus
729 2206 869 2243 quoque
894 2195 956 2230 lux
981 2206 1132 2231 accensa
1158 2196 1309 2230 inventis
1337 2199 1371 2228 et
1397 2194 1587 2237 patefactis
1615 2195 1658 2229 ab
1686 2205 1727 2228 eo
1752 2194 1891 2235 multis,
1927 2204 2019 2238 quae

227 2260 272 2295 ad
297 2259 388 2294 hanc
420 2268 532 2303 usque
563 2261 716 2292 aetatem
749 2256 804 2290 vel
838 2257 961 2301 ignota
985 2255 1145 2298 fuerant,
1182 2254 1237 2288 vel
1270 2254 1432 2289 obscura.
1493 2253 1593 2287 Circa
1624 2264 1772 2295 annum,
1806 2264 1874 2298 quo
1902 2253 2018 2288 Ptole-

227 2328 348 2353 maeus
381 2317 465 2351 anni
496 2315 774 2359 magnitudinem
805 2319 972 2349 accurata
1004 2313 1253 2348 observatione
1287 2312 1523 2347 consideravit
1549 2312 1633 2353 (140
1658 2322 1690 2355 p.
1720 2311 1812 2356 Ch),
1844 2310 1911 2345 fuit
1936 2312 2019 2345 anni

227 2384 402 2420 apparens
434 2372 639 2417 magnitudo
669 2372 775 2415 juxta
800 2376 960 2406 nostrum
993 2370 1166 2404 calculum
1192 2370 1222 2404 d.
1250 2371 1315 2404 565
1341 2370 1375 2404 h.
1402 2371 1435 2404 5.
1472 2370 1526 2404 53¹
1559 2370 1642 2413 58⁴¹,
1681 2374 1814 2414 quanta
1845 2368 1918 2403 fere
1950 2369 2020 2403 hoc

226 2438 348 2468 nostro
373 2437 532 2477 tempore
556 2441 696 2464 rursum
722 2430 851 2464 existit.
893 2430 982 2464 Nam
1008 2429 1100 2473 quod
1126 2429 1350 2463 Ptolemaeus
1377 2427 1458 2461 anni
1482 2427 1758 2470 magnitudinem
1784 2427 1892 2472 paulo
1909 2427 2018 2470 majo-

227 2503 299 2526 rem
333 2501 398 2526 sua
430 2493 548 2524 aetate
581 2488 728 2523 tradidit
762 2492 797 2521 et
828 2487 969 2532 quidem
1003 2488 1196 2522 arbitratus
1223 2491 1293 2529 est,
1330 2496 1470 2530 semper
1502 2496 1644 2520 manere
1672 2486 1820 2521 eandem
1846 2486 1920 2521 sine
1945 2486 2019 2520 ulla

227 2548 432 2592 mutatione,
458 2545 622 2581 videlicet
649 2546 682 2582 d.
702 2547 767 2581 :365
796 2546 829 2580 h.
849 2548 879 2579 f).
907 2547 976 2581 55¹¹
996 2547 1071 2587 12¹,
1101 2545 1135 2579 id
1162 2556 1262 2579 suam
1288 2545 1533 2579 exusationem
1559 2544 1678 2588 habet,
1705 2544 1748 2579 de
1775 2555 1845 2589 qua
1869 2545 1914 2579 ab
1940 2544 2019 2579 aliis

228 2607 363 2642 erudite
389 2606 561 2650 scriptum
588 2609 650 2639 est.
693 2605 856 2640 Ceterum
882 2605 1040 2648 tropicus
1066 2614 1179 2638 annus
1205 2603 1373 2648 aequalis,
1401 2603 1460 2646 qui
1486 2601 1637 2638 refertur
1662 2602 1706 2636 ad
1723 2603 1878 2637 medium
1896 2602 2017 2645 aequi—

230 2666 395 2710 noctium,
423 2670 476 2699 est
497 2664 602 2708 juxta
620 2663 886 2698 observationes
913 2668 945 2696 et
966 2661 1149 2706 Copernici
1176 2661 1394 2706 hypotheses
1422 2661 1454 2696 d.
1475 2662 1539 2697 365
1567 2661 1600 2696 h.
1621 2663 1650 2695 5.
1672 2660 1728 2695 49¹
1749 2661 1825 2705 16¹¹,
1852 2659 2016 2704 quemad-

230 2721 370 2756 modum
388 2727 422 2756 et
439 2722 682 2767 Alphonsinae
700 2722 774 2757 fere
792 2720 1047 2755 tradiderunt.“
1068 2741 1111 2745 —

368 2780 559 2815 Reinholdi
591 2780 746 2825 aequalis
781 2780 928 2824 ejusque
963 2778 1158 2823 discipulus
1194 2780 1421 2822 Casparus
1456 2779 1681 2814 Peucerus
1715 2778 2017 2822 (.,praeceptorem

231 2838 299 2873 sibi
325 2838 545 2872 carissimum
572 2843 606 2873 et
630 2842 805 2882 perpetua
829 2837 1044 2880 gratitudine
1070 2837 1340 2872 celebrandum“
1372 2838 1455 2873 dicit
1480 2839 1660 2873 Peucerus
1677 2835 1927 2878 Reinholdum)
1946 2846 2017 2869 non

232 2899 369 2931 tantum
395 2895 631 2930 astronomiae
655 2896 759 2930 laude
784 2895 917 2940 floruit,
944 2896 1006 2930 sed
1034 2896 1139 2930 etiam
1164 2896 1199 2930 in
1225 2897 1302 2931 aliis
1330 2897 1511 2931 doctrinae
1537 2896 1727 2941 generibus
1754 2898 1912 2933 versatus
1938 2893 2015 2927 fuit.

232 2953 519 2988 Mathematicam
547 2953 695 2989 docebat
719 2954 934 2999 Vitebergae
960 2954 1003 2988 ab
1031 2965 1122 2989 anno
1146 2955 1232 2990 1554
1259 2955 1294 2988 in
1319 2955 1426 2998 1576,
1460 2965 1552 2989 anno
1570 2954 1659 2989 1586
1693 2952 1850 2987 medicus
1876 2955 2017 2986 creatus

233 3017 287 3048 est
311 3012 481 3056 principis
508 3012 698 3045 Dessaviae
726 3014 902 3056 [mortuus
929 3018 983 3047 est
1008 3013 1201 3048 Dessaviae
1226 3023 1319 3047 anno
1344 3012 1446 3053 1602,
1473 3022 1602 3046 annum
1629 3021 1737 3056 agens
1756 3012 1878 3054 77¹¹m);
1916 3019 2018 3044 socer

233 3069 521 3106 Melanchthonis
547 3081 626 3105 cum
651 3070 859 3113 theologicis
887 3082 924 3106 se
950 3072 1164 3106 immisceret
1190 3070 1520 3116 disceptationibus,
1546 3080 1611 3114 per
1640 3070 1680 3104 10
1705 3078 1817 3103 annos
1842 3068 1946 3113 (1576
1971 3066 2016 3102 ad
