2126 3388
203 143 287 189 874
873 150 957 188 vita
979 151 1003 188 J
1005 152 1131 189 oannis
1155 152 1312 199 Kepleri.

201 270 285 311 post
308 266 431 312 longas
455 270 594 305 moras:
638 267 829 308 Fervebat
859 271 1055 320 proelum,
1087 272 1272 321 surgebat
1301 282 1398 321 opus
1430 270 1627 309 doctrinae
1650 270 1871 318 theoricae,
1911 281 1980 309 cu-

201 330 323 361 ratore
354 325 436 372 ejus
466 325 650 373 legitimo,
684 338 798 375 quem
829 330 866 365 in
890 330 1140 378 praeambulo
1163 330 1358 368 doctrinae
1390 328 1613 377 sphaericae
1635 329 1745 378 tetigi
1777 333 1847 371 (VI.
1876 332 1980 376 115.),

202 383 397 429 antiquum
430 383 642 430 obtinente,
676 384 905 424 dormitante
945 399 993 424 an
1032 390 1198 425 animam
1235 388 1362 425 forsan
1395 388 1579 435 agitante,
1612 392 1739 436 partes
1774 398 1862 424 vero
1895 387 1979 436 ejus

202 439 400 487 supplente
445 439 674 479 liberalitate
719 446 871 491 patroni
913 447 1205 484 eminentissimi
1246 447 1408 490 (Abbatis
1446 447 1490 482 de
1522 446 1825 490 Cremsmnnster,
1858 457 1888 480 v.
1924 449 1978 490 s),

205 508 287 532 cum
337 507 421 534 ecce
472 497 562 534 mibi
612 510 766 537 causam
806 502 973 540 subitam
1014 502 1280 553 proficiscendi
1320 505 1370 546 (in
1400 504 1752 547 Wurttembergiam)
1808 514 1981 552 opusque

201 554 513 602 interrumpendi,
560 568 635 604 quo
690 560 774 607 ipso
824 565 994 609 tempore
1044 567 1081 599 et
1127 562 1210 610 typi
1251 560 1364 598 finem
1403 559 1490 596 libri
1532 561 1657 608 quarti
1697 561 1906 609 attigerant
1945 565 1983 597 et

201 610 390 650 nundinae
440 613 779 654 Francosurtenses
824 617 1013 657 adessent.
1095 618 1252 664 Incidit,
1310 618 1520 655 rectissime
1574 618 1762 664 futur-um,
1809 619 1842 655 si
1885 618 1982 656 liber

201 674 379 717 quartus,
422 673 486 719 qui
524 676 776 712 communiter
816 682 894 713 tarn
935 677 1105 727 physicis
1137 688 1250 725 quam
1294 676 1522 713 astronomis
1554 676 1718 724 scriptus
1757 681 1832 723 est,
1875 686 1982 713 seor-

201 728 272 763 sim
313 729 427 765 etianr
472 729 667 778 ederetur,
717 738 758 770 ut
798 745 866 782 pro
904 736 1061 772 arbitrio
1109 736 1265 772 enitoris
1303 735 1511 771 astronomi
1555 733 1617 771 vel
1659 731 1783 771 omitti
1821 733 1881 771 vel
1921 735 1983 769 in-

202 785 275 821 seri
315 787 436 833 possit
467 789 504 824 in
536 788 722 837 reliquam
755 793 961 840 epitomen.
1026 794 1154 830 Confer
1180 806 1260 830 cum
1286 792 1353 837 his,
1379 804 1471 837 quae
1497 803 1605 838 supra
1637 793 1695 835 (ad
1721 804 1852 828 annum
1877 793 1980 835 1619)

204 842 246 876 de
273 844 427 880 editione
452 846 667 883 Harmoniae
693 855 759 886 etc.
785 854 1056 896 proposuimus,
1083 853 1211 896 quibus
1235 852 1324 886 haec
1349 851 1575 894 adjungimus
1601 850 1709 886 verba
1734 851 1891 895 Kepleri,
1914 851 1984 885 Ne-

199 912 321 946 perum
356 904 588 949 alloquentis:
628 905 713 942 Hoc
755 907 839 955 ipso
870 906 978 944 Julio
1019 918 1149 944 mense
1181 907 1355 944 Lincium
1396 905 1516 942 allato
1561 906 1768 956 exemplari
1809 906 1896 945 libri
1927 908 1982 943 tui

200 958 372 1001 (Canonis
385 962 502 1006 Log.),
536 968 577 999 ut
607 963 656 999 ad
689 963 753 1001 fol.
792 968 842 1002 28
877 964 1040 1014 legendo
1072 967 1251 1013 perveni,
1285 963 1526 1002 considerare
1559 966 1668 1013 coepi
1699 976 1791 1001 num
1821 965 1984 1002 sortasse

200 1018 474 1062 aequationum
507 1020 662 1058 tabulae
693 1023 847 1070 penitus
878 1025 1028 1071 possint
1066 1024 1211 1068 omitti,
1252 1024 1396 1071 quippe
1435 1033 1534 1070 quae
1575 1024 1689 1060 meris
1722 1022 1984 1061 additionibus

201 1071 263 1110 vel
293 1076 620 1115 subtractionibus
654 1079 834 1118 facillime
865 1081 1122 1130 perficiantur.
1190 1082 1310 1128 Atqui
1341 1091 1400 1117 res
1431 1079 1548 1117 habet
1579 1080 1697 1129 paulo
1729 1080 1849 1118 aliter.
1898 1081 1983 1118 Non

201 1133 324 1169 omnis
359 1133 537 1172 molestia
568 1137 722 1175 sublata
753 1144 830 1185 est,
871 1144 991 1177 restat
1028 1140 1238 1176 etiamnum
1276 1139 1438 1176 attentio
1473 1143 1510 1175 et
1541 1138 1715 1176 cautelae
1747 1140 1878 1176 variae
1911 1144 1983 1177 etc.

198 1188 314 1227 Ratio
349 1191 437 1229 talis
470 1193 562 1230 mihi
594 1196 665 1233 suit
696 1196 876 1244 ineunda,
909 1203 950 1234 ut
982 1196 1080 1234 duae
1103 1203 1231 1234 essent
1253 1207 1318 1245 pro
1342 1195 1595 1244 unoquolibet
1625 1196 1782 1246 planeta
1813 1197 1982 1244 tabulae,

200 1246 321 1285 altera
354 1250 491 1288 indicis
523 1255 781 1301 proportionis
814 1254 989 1292 datorum
1022 1254 1184 1293 laterum
1217 1266 1390 1291 summae
1423 1253 1472 1291 ad
1505 1253 1758 1292 differentiam
1781 1256 1838 1302 (in
1861 1256 1982 1292 trian—

200 1305 291 1352 gulo
323 1308 420 1345 inter
452 1309 629 1357 T·eiram,
673 1312 803 1349 Solem
835 1319 872 1350 et
903 1313 1137 1362 planetam),
1180 1312 1302 1350 altera
1333 1312 1464 1359 anguli
1497 1313 1775 1362 (elongationis
1807 1324 1829 1350 a
1860 1312 1981 1363 Sole).

199 1362 307 1401 Haec
344 1365 410 1403 illa
450 1379 538 1416 pars
583 1375 640 1406 est
672 1370 910 1408 Tabularum
943 1370 1314 1419 (Rudolphinarum)
1358 1370 1406 1407 ad
1445 1375 1532 1407 tuos
1571 1370 1822 1419 logarithmos
1862 1371 1982 1411 refor-

199 1422 336 1460 manda
341 1451 479 1463 .....
546 1427 603 1464 [ta
642 1427 863 1476 logarithmi
902 1430 955 1466 tui
995 1430 1211 1467 necessario
1253 1440 1341 1477 pars
1382 1427 1474 1465 fient
1505 1428 1743 1466 'labularurn
1773 1428 1982 1478 Rudolphi,

199 1481 302 1528 prius
335 1487 462 1520 tamen
494 1485 530 1520 in
565 1485 718 1524 officina
750 1498 836 1524 mea
867 1488 1010 1534 recusi,
1043 1488 1191 1536 eritque
1223 1498 1289 1524 cur·
1319 1486 1393 1523 sibi
1424 1486 1665 1534 gratulentur
1694 1489 1905 1525 astronomi
1938 1487 1983 1525 de

199 1540 313 1576 moris
345 1543 439 1578 meis
473 1544 524 1588 [d.
551 1545 666 1580 Linzii
692 1557 813 1582 mense
839 1549 1002 1590 Augusto
1033 1548 1152 1591 1619).

335 1606 482 1642 Aestate
509 1610 594 1645 anni
619 1610 704 1645 belli
729 1610 904 1646 tumultus
938 1612 973 1645 in
998 1611 1178 1646 Austriam
1203 1611 1423 1655 superiorein
1449 1610 1669 1653 ingruerunt.
1718 1610 1985 1646 Maximilianus

200 1662 371 1697 Bavariae
397 1664 470 1700 dux
497 1666 529 1701 d.
557 1668 611 1704 24.
638 1668 726 1703 Julii
750 1669 911 1704 Lincium
940 1669 1127 1713 occupavit
1154 1674 1190 1703 et
1215 1669 1357 1703 ordines
1383 1669 1608 1712 Austriacos,
1641 1669 1712 1704 huc
1737 1680 1851 1714 usque
1877 1670 1985 1714 impe-

198 1719 288 1754 rium
314 1721 563 1768 detrectantes,
591 1727 732 1770 subegit
756 1727 864 1771 inque
890 1738 1018 1762 nornen
1044 1727 1269 1771 imperatoris
1294 1725 1514 1761 Ferdiuandi
1539 1727 1662 1770 jurare
1689 1728 1804 1770 coegit
1828 1729 1898 1771 (10.
1915 1728 1986 1762 Au·

199 1779 320 1824 gusti),
358 1782 490 1818 Literis
516 1794 559 1818 ex
577 1785 884 1830 Wnrttembergia
904 1786 1061 1830 Keplero
1087 1785 1335 1828 nunciabatur,
1363 1785 1398 1818 in
1424 1784 1527 1828 pejus
1550 1784 1639 1818 verti
1663 1795 1720 1819 res
1745 1785 1868 1820 matris
1893 1795 1986 1820 eam-

198 1847 267 1880 que
291 1838 325 1872 in
351 1841 549 1876 custodiam
575 1842 695 1878 datam
722 1854 801 1879 esse
829 1849 863 1877 et
889 1843 933 1877 ad
960 1849 1133 1878 torturam
1159 1843 1390 1887 postulatam,
1418 1843 1547 1886 quibus
1564 1848 1682 1877 motus
1700 1843 1796 1877 filius
1813 1843 1848 1877 in
1868 1844 1988 1878 Wart-

199 1895 426 1940 tembergiam
460 1900 645 1942 profectus
680 1907 751 1946 θεῖ,
788 1908 827 1936 ut
859 1906 1009 1936 matrem
1041 1912 1161 1936 coram
1191 1900 1314 1945 judice
1345 1899 1564 1935 defenderet.
1613 1900 1737 1934 Amico
1762 1901 1986 1945 Berneggero

198 1953 375 1998 Keplerus
403 1957 434 1992 d.
462 1958 517 1994 29.
544 1960 699 2003 Augusti
725 1961 885 2005 scripsit:
918 1958 957 1997 S.
983 1957 1024 1994 P.
1051 1957 1098 1994 D.
1131 1957 1231 1994 Mira
1255 1961 1292 1993 et
1314 1956 1372 1993 his
1405 1957 1527 1993 turbis
1559 1957 1744 1994 inusitata
1765 1958 1828 1994 via
1848 1957 1983 1995 literae

199 2018 289 2048 tuae
323 2023 408 2049 curn
441 2012 645 2052 honorario
679 2017 769 2064 reip.
797 2017 1086 2064 Argentinensis
1118 2014 1391 2052 liberalissimo
1423 2014 1472 2051 ad
1495 2025 1554 2051 ine
1587 2021 1854 2063 perv.enerunt
1905 2015 1986 2053 Ta-

201 2069 384 2107 bellarius
408 2071 591 2109 Asclravii
624 2073 753 2111 literis
786 2074 872 2111 ill-is
897 2074 1014 2110 obvio
1047 2073 1163 2119 dedit,
1198 2084 1283 2110 cum
1316 2074 1397 2121 ipse
1430 2073 1553 2110 abiret
1584 2073 1778 2118 aliorsum,
1812 2073 1873 2110 hic
1904 2074 1983 2120 alii,

198 2127 351 2165 tandem
392 2134 518 2167 tamen
562 2130 720 2169 illaesae
761 2132 810 2170 ad
843 2144 901 2170 me
933 2136 1202 2180 pervenerunt
1265 2130 1326 2167 Sc
1319 2132 1409 2179 :ipsi
1448 2131 1657 2179 gratiarum
1700 2132 1891 2169 actionem
1934 2132 1983 2168 D

197 2185 371 2224 Storckio
405 2199 567 2236 eamque
599 2192 791 2227 transmisi
834 2191 915 2238 ejus
947 2189 1046 2235 filio,
1087 2189 1211 2226 Stirae
1245 2188 1418 2236 degenti,
1452 2188 1672 2226 curandam.
1735 2189 1792 2226 Ea
1822 2191 1854 2227 si
1887 2189 1984 2227 forte

197 2243 366 2282 nondum
399 2252 499 2283 esset
530 2246 682 2294 tradita,
716 2259 809 2297 rogo
842 2256 881 2284 tu
915 2248 1064 2285 interim
1098 2248 1279 2284 vicariam
1314 2258 1468 2294 operam
1500 2246 1623 2290 loces,
1657 2247 1985 2285 luculentissimas

197 2303 340 2350 gratias
372 2306 580 2352 protessus.
636 2305 694 2346 ΙΙΙ,
719 2306 766 2343 Ι).
792 2307 965 2344 Wotonii
996 2317 1072 2342 non
1106 2306 1228 2341 minor
1260 2315 1352 2350 erga
1384 2316 1443 2341 me
1465 2304 1687 2342 humanitas
1718 2307 1755 2342 in
1788 2305 1983 2343 visitando

177 2353 287 2407 *suit;
335 2361 457 2399 doluit
496 2374 776 2412 praeproperus
816 2364 899 2412 ejus
937 2365 1134 2400 transitus.
1194 2362 1381 2400 Hortatur·
1413 2367 1455 2399 ut
1487 2364 1524 2399 in
1559 2363 1741 2411 Angliam
1773 2369 1981 2402 transeam.

197 2417 293 2455 Mihi
325 2425 452 2458 tamen
485 2420 581 2458 haec
613 2422 735 2460 altera
767 2434 851 2460 inea
882 2423 1007 2470 patria
1029 2426 1182 2470 propter
1214 2422 1465 2469 ignominiam
1496 2422 1622 2468 istam,
1656 2433 1774 2470 quam
1805 2423 1982 2469 sustinet,

197 2475 405 2515 deserenda
437 2489 511 2514 non
545 2484 602 2516 est
633 2479 754 2524 ultro,
799 2481 870 2516 nisi
904 2480 1019 2516 velim
1064 2481 1235 2527 ingratus
1268 2478 1415 2515 haberi.
1478 2478 1635 2516 Interim
1667 2480 1760 2516 mihi
1793 2479 1985 2518 lamenta-

199 2534 272 2572 bile
304 2536 374 2573 iter
405 2538 440 2573 in
465 2536 802 2584 Wirtembergiam
824 2538 1021 2583 incumbit,
1055 2536 1159 2585 quod
1190 2536 1384 2585 ingrediar
1407 2537 1490 2574 Deo
1514 2536 1668 2575 volente
1691 2544 1779 2586 post
1800 2549 1985 2576 mensem.

198 2598 258 2627 Die
283 2599 336 2631 25.
356 2599 446 2639 Sept.
474 2598 675 2638 Ingolstadio
702 2601 783 2630 haec
808 2601 863 2630 dat
889 2600 1009 2630 eidem:
1055 2595 1114 2632 De
1157 2605 1242 2632 meo
1284 2595 1420 2632 itinere
1467 2606 1513 2632 cx
1560 2598 1697 2633 comite
1740 2594 1982 2643 Gringalleto

197 2652 389 2690 rescisces.
451 2653 509 2690 De
543 2665 658 2691 causa
700 2656 845 2692 itineris
887 2652 1105 2691 adhucdum
1137 2652 1201 2689 ille
1233 2654 1370 2697 nescit,
1417 2654 1564 2691 utinam
1604 2665 1649 2691 ne
1682 2653 1774 2702 quid
1805 2655 1987 2692 resciscat

199 2709 235 2744 in
268 2712 430 2748 transitu
463 2711 807 2759 Wirtcmbergiae‚
850 2711 988 2748 melius
1020 2722 1168 2748 mecum
1200 2717 1388 2759 ageretur.
1451 2711 1609 2748 Interim
1642 2717 1770 2749 tamen
1802 2713 1985 2749 iconem

197 2778 339 2804 ineam
386 2770 508 2809 mitto,
569 2771 609 2806 Si
644 2770 772 2808 bellici
805 2775 930 2807 motus
973 2780 1032 2806 me
1075 2780 1152 2806 non
1194 2768 1483 2817 impediverint,
1527 2770 1654 2818 cogito
1694 2769 1985 2807 Francosurtuni

197 2823 314 2863 adire.
376 2827 629 2875 Argentinarn
663 2840 860 2866 excurrere
893 2832 1154 2874 sumtuosum;
1190 2827 1330 2864 videbo
1363 2832 1503 2864 tamen.

335 2898 529 2943 Keplerum
555 2912 632 2935 cum
651 2901 799 2936 Jesuitis
816 2899 1166 2943 Ingolstadiensibus
1193 2900 1308 2942 egisse
1334 2898 1378 2933 de
1397 2898 1545 2933 edendis
1564 2898 1873 2943 Ephemeridibus,
1901 2900 1987 2935 dixi-

199 2964 276 2988 mus
302 2955 369 2990 vol.
397 2957 471 2991 VII.
496 2969 528 3002 p.
554 2959 621 2993 452
647 2969 692 3001 s.,
721 2968 868 3002 eamque
893 2957 986 2992 forte
1013 2959 1057 2991 ob
1084 2968 1228 2993 causam
1253 2957 1330 3001 ipse
1355 2956 1566 3001 Ingolstadii
1592 2956 1849 3001 aliquantisper
1873 2969 1987 2994 mora-

199 3011 313 3055 batur,
340 3013 471 3048 familia
489 3016 708 3051 Ratisbonae
732 3016 868 3051 relicta.
903 3016 1148 3061 Gringalletus
1177 3017 1372 3059 Augustam
1398 3025 1611 3060 percurrens
1632 3014 1706 3058 Jam
1733 3014 1789 3048 die
1816 3014 1869 3050 28.
1891 3015 1986 3060 Sept.

201 3070 344 3104 nunciat
368 3072 524 3115 Keplero
551 3074 593 3107 de
619 3074 761 3117 charta,
795 3085 899 3118 quam
925 3075 1108 3119 Augustae
1134 3074 1378 3118 procuraverit
1411 3074 1455 3109 ad
1481 3071 1760 3117 Ephemeridum
1785 3073 1987 3110 editionem.
