2126 3388
297 112 384 157 808
975 109 1058 146 Vita
1082 109 1232 145 Joannis
1256 108 1415 155 Kepleri.

433 227 670 272 Benjamin
693 226 890 261 Ursinus
922 225 1002 270 (cfr.
1030 225 1099 260 vol.
1125 225 1171 261 ΙΙ.
1206 237 1239 270 p.
1266 226 1352 271 572)
1389 226 1421 260 d.
1457 227 1488 261 7.
1515 225 1588 261 Cal.
1616 225 1713 261 Junii
1748 226 1864 269 Praga
1897 225 1986 262 haec
2017 225 2079 260 dat

294 286 469 331 Keplero:
495 285 576 320 Etsi
600 285 681 329 plus
711 285 797 320 satis
825 283 1018 328 doluerim,
1055 283 1151 327 quod
1176 295 1247 318 non
1271 284 1448 329 potuerim
1473 284 1537 319 tibi
1563 288 1598 318 et
1622 283 1692 319 tuis
1717 287 1801 319 ante
1827 283 1961 318 abitum
1983 283 2077 318 vale-

295 344 424 387 dicere,
451 343 612 386 gratulor
637 347 758 377 tamen
781 342 847 377 tibi
873 342 916 376 de
943 351 1062 376 errore
1087 340 1162 385 tali,
1189 341 1250 385 qui
1274 347 1311 377 te
1336 341 1387 375 illi
1406 341 1617 385 conciliavit,
1644 352 1737 386 quae
1762 342 1855 376 forte
1879 335 2078 376 lubentiore

293 402 409 437 animo
436 399 577 444 excepit
604 410 711 444 quam
737 410 802 444 ego
829 399 916 434 Vale
943 404 1053 433 tuum.
1102 400 1215 434 Miror
1239 401 1395 443 interim,
1425 411 1495 444 qua
1519 401 1659 435 ratione
1684 401 1737 436 tui
1760 400 1873 445 ipsius
1899 399 1986 434 adeo
2013 399 2075 433 ob-

295 460 379 494 litus
405 458 464 502 sis,
490 462 530 492 ut
557 468 634 492 eam
660 457 746 491 mihi
770 457 981 501 praeripias,
1008 469 1114 502 quam
1141 464 1257 502 antea,
1285 459 1370 494 dum
1396 458 1439 494 de
1464 464 1576 494 matre
1602 460 1834 504 cogitaveraS,
1860 458 1946 492 mihi
1971 458 2076 493 desti-

289 526 438 552 naveras
443 543 562 552 .....
612 517 666 550 De
691 515 906 560 perspicillis
933 516 1030 560 quod
1056 516 1191 560 scribis,
1217 517 1458 560 gratissimum
1483 517 1569 551 mihi
1594 521 1648 552 est
1673 517 1809 552 auditu.
1850 516 1965 550 Homo
1985 515 2075 549 enim

288 574 567 617 morosissimus,
601 573 829 608 instrumenti
866 574 1044 618 dominus,
1077 585 1147 608 nou
1183 575 1299 610 credis
1336 585 1443 618 quam
1475 580 1602 620 urgeat
1634 576 1751 630 ipffim
1782 575 2074 618 instrumentum3

287 633 501 669 solutionem
527 643 667 667 omnem
692 631 840 675 respuit.
890 632 1037 665 Interim
1063 642 1119 666 me
1144 632 1239 676 apud
1266 633 1518 678 Teuffelianos,
1547 642 1638 676 quos
1664 638 1747 667 ante
1773 632 1817 667 ob
1836 642 1989 680 amorem
2007 633 2075 668 scis

285 702 307 726 a
331 702 387 727 me
413 691 602 725 alieniores
629 700 729 734 esse,
756 690 924 725 distrahit
950 700 1084 734 eosque
1111 694 1237 725 contra
1262 701 1318 725 me
1344 695 1459 725 armat
1490 691 1693 735 animatque
1697 717 1815 727 .....
1864 691 2075 728 Teuffeliani

285 749 445 796 quotidie
471 749 603 783 domini
629 748 697 782 mei
724 759 828 783 aures
854 749 1023 783 vellicant
1048 748 1259 793 mendaciis,
1296 749 1619 783 obtrectationibus
1650 759 1705 783 me
1733 754 1768 784 et
1792 749 1939 784 herilem
1963 750 2074 785 filiam

284 809 478 844 lacessunt.
498 836 506 843 .
527 835 534 842 .
559 834 591 841 ..
642 806 757 842 Multo
785 807 905 851 potius
931 811 1050 842 tecum
1077 817 1156 841 esse
1181 806 1324 841 mallem
1353 812 1457 850 teque
1483 806 1632 841 doctore
1658 812 1692 842 et
1712 808 1856 843 ductore
1881 814 2073 852 penetra-re

281 867 317 900 in
342 866 522 901 abditiora
546 866 704 901 Uraniae
729 865 854 910 adyta,
891 876 997 908 quam
1020 869 1302 909 purpuratorum
1334 865 1483 899 istorum
1515 875 1658 899 somnos
1686 870 1720 899 et
1748 866 1890 901 cavillos
1916 867 2002 911 pati.
2028 888 2071 891 —

278 924 347 958 Die
371 925 403 959 7.
429 924 601 968 Augusti:
631 923 731 967 Quae
756 923 849 967 petis
877 923 919 957 de
945 922 1045 957 libris
1073 922 1276 958 coemendis
1310 922 1462 957 efficiam
1487 923 1695 967 propediem
1718 924 1866 968 ipseque
1891 924 1956 959 tibi
1986 924 2070 960 affe-

278 991 365 1018 ram.
393 1001 437 1005 —
462 981 585 1015 Idibus
612 981 777 1015 Sextilis:
804 980 918 1016 Plane
944 981 1060 1016 auimo
1088 981 1190 1017 sedet
1215 991 1304 1027 meo,
1332 986 1451 1015 tecum
1475 981 1605 1025 vivere,
1633 992 1738 1026 quam
1764 981 1823 1015 diu
1846 982 1945 1016 Deus
1971 986 2007 1017 et
2031 988 2070 1018 tu

280 1041 360 1085 ipse
385 1039 581 1075 volueritis.
631 1040 789 1084 Injurius
816 1039 879 1073 tibi
906 1049 1041 1083 essem,
1070 1039 1100 1074 si
1126 1050 1231 1084 quam
1260 1049 1358 1084 spem
1385 1039 1428 1073 de
1454 1050 1509 1073 me
1536 1040 1731 1084 concepisti
1757 1050 1799 1074 ea
1822 1043 1856 1074 te
1883 1040 2069 1075 defrauda-

277 1108 353 1132 rem
400 1107 467 1132 nec
492 1108 511 1132 e
535 1108 574 1132 re
599 1108 678 1132 mea
703 1104 773 1143 est,
811 1097 944 1132 diutius
970 1097 1029 1132 hic
1054 1097 1271 1141 subsistere,
1306 1097 1355 1131 ita
1381 1097 1488 1142 plane
1513 1097 1643 1133 studiis
1669 1098 1758 1133 meis
1784 1097 1907 1134 excidi.
1935 1119 1978 1123 —
2003 1099 2068 1133 Die

284 1156 336 1191 11.
365 1155 604 1199 Septembris:
630 1155 685 1190 Ad
711 1160 832 1190 ternas
864 1161 957 1195 tuas,
984 1165 1073 1200 quas
1100 1155 1206 1190 simul
1231 1155 1337 1190 hodie
1363 1156 1498 1200 accepi,
1524 1156 1593 1191 hoc
1617 1156 1827 1200 respondeo.
1849 1184 1856 1191 .
1875 1181 1882 1188 .
1901 1184 1909 1192 .
1965 1157 2069 1192 Dabo

279 1223 436 1258 operam,
464 1217 504 1247 ut
530 1223 636 1257 quam
662 1214 879 1258 cautissime,
907 1224 1013 1258 quam
1040 1213 1211 1248 citissime
1236 1225 1256 1248 a
1281 1224 1336 1248 me
1363 1219 1540 1249 curentur.
1581 1215 1668 1249 Heri
1693 1214 1744 1249 fui
1769 1225 1845 1248 cum
1861 1215 2066 1260 Wackerio,

279 1281 386 1316 aegre
411 1271 470 1305 ille
497 1271 567 1306 fert
591 1271 791 1307 absentiam
818 1277 926 1307 tuam.
978 1271 1089 1306 Dedit
1112 1272 1200 1311 mihi
1232 1272 1363 1307 librum
1396 1273 1572 1318 italicum,
1600 1273 1751 1308 Galilaei
1775 1284 1906 1307 novum
1933 1273 2066 1309 discur-

279 1341 358 1366 sum
383 1329 427 1364 de
452 1330 512 1374 iis,
547 1341 638 1375 quae
665 1331 728 1365 sub
768 1341 861 1374 aqua
892 1330 1060 1365 accidunt
1095 1341 1257 1374 quaeque
1291 1331 1328 1366 in
1361 1342 1403 1366 ea
1427 1336 1624 1366 moventur.
1675 1333 1776 1366 Hunc
1802 1342 1867 1376 ego
1893 1333 2065 1376 proximis

279 1388 404 1423 diebus
430 1388 599 1423 latinitati
625 1388 781 1424 donabo.
818 1389 964 1423 Interim
984 1399 1124 1433 semper
1149 1389 1323 1433 quasdam
1342 1390 1502 1433 pagellas
1528 1400 1592 1434 per
1617 1390 1762 1426 nuncios
1789 1401 1809 1424 a
1825 1401 1881 1424 me
1906 1390 2064 1425 habebis.

277 1445 428 1481 Absolvi
453 1447 741 1492 quaternionem,
777 1447 839 1482 sed
867 1447 910 1481 ob
937 1447 1107 1491 temporis
1133 1447 1334 1490 angustiam
1361 1447 1563 1482 describere
1589 1459 1660 1483 non
1692 1449 1781 1482 lieet.
1829 1448 1912 1483 Non
1938 1448 2064 1493 credis,

278 1515 384 1549 quam
410 1511 530 1549 optem
556 1510 674 1540 tecum
700 1516 788 1541 esse.
816 1526 858 1530 —
886 1506 990 1539 Brevi
1020 1510 1103 1549 post
1122 1505 1274 1540 Ursinus
1300 1506 1465 1540 Lincium
1491 1507 1673 1551 profectus
1701 1517 1775 1541 <sse
1800 1507 1957 1553 videtur,
1986 1519 2065 1543 cum

277 1563 462 1609 proximae
489 1574 580 1608 quae
607 1569 751 1599 exstant
777 1564 902 1599 literae
929 1563 1048 1599 Ursini
1074 1563 1178 1598 datae
1205 1564 1276 1598 sint
1299 1564 1415 1599 Lincii
1442 1565 1476 1601 d.
1503 1566 1555 1600 15.
1575 1565 1759 1600 Februarii
1787 1566 1873 1601 1613
1899 1565 1944 1601 ad
1968 1567 2064 1611 Kep-

276 1620 390 1655 lerum
415 1621 600 1656 absentem
628 1621 725 1665 (vide
750 1632 882 1656 annum
908 1623 1014 1666 seq.).

414 1678 470 1714 Ad
483 1679 604 1714 literas
623 1679 747 1714 Remi
772 1691 865 1714 anno
888 1682 969 1715 los-11
994 1680 1096 1715 datas
1113 1681 1299 1725 respondit
1317 1681 1495 1725 Keplerus
1515 1681 1547 1715 d.
1565 1682 1605 1716 18
1636 1681 1750 1715 linrtii
1773 1683 1858 1718 1612
1879 1684 2063 1730 (Pragae),

276 1737 387 1772 dubia
410 1737 506 1772 illius
533 1737 576 1772 de
602 1738 794 1782 hypothesi
814 1738 1059 1783 Copernicana
1084 1738 1210 1773 tollere
1237 1740 1383 1774 studens
1403 1741 1479 1784 (VI.
1499 1739 1571 1781 53).
1607 1741 1660 1774 De
1682 1740 1903 1782 Calendario,
1930 1743 2062 1787 scribit,

274 1805 353 1829 esse
380 1795 449 1831 sibi
474 1796 520 1831 ad
544 1806 670 1830 manus
690 1796 971 1840 manuscriptum
1000 1796 1224 1842 Colloquium
1249 1797 1371 1841 lingua
1397 1798 1581 1833 teutonica
1600 1798 1792 1842 (vannum
1810 1800 1903 1843 seq.)
1938 1800 2063 1835 Finem

274 1853 410 1888 faciens
438 1853 535 1897 dicit,
564 1853 606 1888 de
632 1858 732 1889 motu
759 1859 906 1888 octavae
932 1854 1106 1898 sphaerae
1133 1855 1221 1889 nihil
1247 1866 1285 1890 se
1311 1856 1443 1890 habere
1470 1866 1515 1890 ex
1533 1856 1607 1891 suis
1626 1856 1941 1903 observationibus,
1969 1859 2064 1904 quod

275 1911 386 1946 Remo
415 1912 649 1947 contradicat.
702 1914 809 1954 (Quae
836 1920 1019 1955 sequuntur
1044 1914 1199 1956 leguntur
1224 1925 1326 1957 supra
1351 1927 1384 1957 p.
1414 1917 1505 1957 797.)

414 1973 463 2003 Ex
490 1971 630 2014 epistola
656 1972 851 2013 Marquardi
876 1973 1052 2003 Freheri
1079 1972 1289 2004 Fraucofurti
1323 1975 1399 2004 data
1433 1975 1461 2005 d.
1491 1977 1547 2006 21.
1573 1975 1657 2016 Sept.
1693 1973 2061 2020 colligendum‚.,Kep—

273 2024 379 2057 lerum
405 2025 575 2064 scripsisse
601 2025 643 2055 ad
670 2025 764 2056 illum
791 2026 830 2055 de
855 2028 951 2056 rebus
979 2026 1240 2065 chronologici53
1274 2029 1394 2065 gratias
1427 2036 1526 2066 agens
1557 2038 1615 2067 pro
1645 2029 1787 2068 acceptis
1821 2029 1926 2060 literis
1952 2033 2060 2072 pergit

274 2076 452 2108 Freherus:
489 2078 559 2117 „De
585 2078 750 2108 Einhardo
778 2082 809 2109 et
833 2077 946 2108 ¹lar-ma
972 2080 1082 2110 videre
1108 2079 1200 2110 lusus
1226 2084 1299 2110 tuos
1326 2089 1417 2112 aveo,
1467 2081 1534 2118 Ego
1562 2089 1623 2110 nor
1645 2080 1745 2120 plane
1772 2084 1873 2112 totam
1901 2082 2059 2115 fabellam

276 2139 345 2160 esse
376 2139 510 2172 censeo,
544 2130 601 2161 sed
633 2130 765 2173 aliquid
798 2133 866 2162 veri
898 2133 1037 2165 inessefl
1098 2133 1262 2164 Marcus
1298 2134 1507 2164 Welserus
1541 2134 1622 2164 misit
1654 2133 1798 2174 Keplero
1831 2134 1861 2168 d.
1899 2138 1956 2170 22.
1985 2139 2057 2172 Oct,

278 2182 427 2224 „Apellis
452 2185 517 2215 mei
542 2185 691 2226 literas“,
715 2185 879 2225 Judicium
906 2186 1041 2227 Kepleri
1068 2184 1120 2227 (de
1147 2188 1286 2217 maculis
1312 2186 1486 2227 solaribus)
1515 2191 1676 2226 expetens,

411 2240 579 2285 Epistola
604 2240 650 2274 ad
677 2241 711 2276 S.
739 2242 937 2286 Marium,
965 2252 1070 2286 quem
1096 2252 1204 2286 supra
1230 2242 1395 2286 diximuS,
1422 2243 1506 2277 data
1532 2245 1586 2276 est
1604 2241 1744 2286 Pragae
1770 2243 1803 2279 d.
1829 2245 1883 2280 10.
1903 2246 1994 2283 Nov.
2021 2251 2057 2282 et

273 2302 416 2345 praeter
442 2309 501 2342 ea,
528 2309 619 2344 quae
648 2299 904 2343 „marginales“
933 2300 976 2334 ad
1004 2300 1225 2344 Dioptricam
1251 2301 1424 2343 attinent,
1458 2301 1547 2335 haec
1572 2299 1691 2335 habet:
1718 2299 1776 2337 De
1795 2312 1890 2350 pene
1906 2312 2055 2340 summo

274 2353 543 2392 circulatorum
573 2355 688 2393 ‚Jovis
720 2357 1051 2403 existimaveram,
1095 2368 1154 2393 me
1195 2356 1310 2406 paulo
1353 2359 1478 2394 minus
1511 2360 1533 2395 8
1569 2356 1640 2394 des
1674 2359 1868 2396 invenisse
1899 2360 1937 2396 in
1970 2361 2054 2409 ejus

271 2412 450 2463 periodo,
498 2418 538 2450 at
570 2415 733 2451 rariores
777 2414 1069 2451 observationes
1108 2414 1225 2451 habui
1269 2416 1317 2452 ob
1360 2415 1559 2452 oculorum
1592 2420 1620 2451 ct
1651 2417 1892 2454 instrumenti
1924 2417 2054 2456 defec-

273 2476 353 2507 tum
358 2497 500 2510 .....
562 2471 675 2519 Quod
707 2471 859 2509 tabulas
891 2473 1039 2518 attinet,
1072 2483 1225 2521 possem
1259 2479 1296 2510 ct
1327 2484 1399 2522 ego
1432 2474 1642 2510 Fabriciim
1674 2476 1838 2512 amicum
1872 2479 2060 2524 praever-'

273 2534 352 2566 tere
384 2527 532 2566 edendo
572 2529 677 2577 illas,
722 2541 818 2578 quas
850 2530 976 2568 habeo
1020 2535 1188 2580 paratas.
1251 2532 1302 2568 At
1334 2533 1394 2568 cui
1438 2531 1571 2568 bono?
1611 2531 1799 2569 Nimirum
1831 2540 1872 2570 ut
1903 2545 2052 2572 rursum

274 2585 465 2635 Origanus
498 2592 564 2625 aut
594 2587 775 2637 Maginus
816 2587 967 2636 aliquas
1000 2589 1138 2625 mixtas
1177 2589 1288 2626 nobis
1322 2589 1501 2626 obtrudat
1533 2590 1830 2639 Epnemeridas‘?
1881 2591 1999 2630 Petiit
2029 2605 2053 2631 a

271 2656 332 2682 me
363 2644 545 2694 Maginus
577 2651 664 2683 ante
697 2646 891 2683 biennium
923 2658 1027 2684 meas
1061 2645 1234 2693 tabulas,
1280 2652 1319 2685 at
1350 2650 1490 2695 negavi
1523 2649 1558 2685 ei
1586 2650 1619 2683 in
1657 2648 1758 2686 huuc
1792 2660 1924 2698 usum,
1959 2653 2050 2699 quin

272 2703 400 2753 potius
443 2703 565 2741 obtuli
603 2703 862 2741 conditionem
904 2704 1246 2754 computandarum
1285 2706 1322 2741 in
1363 2717 1562 2743 commune
1592 2706 1900 2756 Ephemeridum.
1960 2708 2049 2747 Ma-

273 2760 379 2798 culas
421 2760 524 2800 Solis
565 2761 652 2800 inde
692 2762 741 2800 ab
785 2773 886 2800 anno
926 2763 1132 2800 observavi
1173 2763 1438 2813 pulcherrime.
1508 2764 1684 2802 Existimo
1729 2776 1813 2803 esse
1857 2767 2050 2816 analogon

274 2820 471 2868 quippiam
492 2820 652 2858 nubium
675 2822 920 2868 terrestrium,
954 2820 1057 2870 quod
1080 2819 1181 2858 Solis
1202 2821 1355 2870 globus,
1387 2828 1526 2872 suopte
1559 2828 1657 2859 testu
1681 2829 1823 2870 coctus,
1858 2832 2045 2873 excernat,

272 2879 471 2915 materiam
502 2878 600 2915 sorte
631 2884 885 2924 cometarum,
920 2881 985 2927 qui
1016 2879 1113 2916 forte
1145 2890 1168 2916 a
1198 2879 1289 2917 Sole
1320 2880 1520 2930 prodeunt.
1546 2901 1587 2907 -
1608 2880 1699 2917 Vidi
1733 2885 1798 2918 30.
1820 2881 1917 2930 Maji
1951 2883 2046 2921 duos

274 2934 472 2973 colliculos
494 2936 532 2972 in
557 2937 727 2974 interiori
757 2938 899 2986 speciei
919 2937 1055 2974 solaris
1079 2936 1232 2984 circulo,
1266 2950 1380 2987 quem
1402 2938 1585 2976 formabat
1604 2938 1715 2976 Luna
1746 2949 1925 2990 corpore3
1958 2947 2047 2979 sunt

274 2992 388 3039 igitur
410 2995 526 3031 etiam
556 2995 593 3030 in
625 2994 929 3033 circumferentia
956 2995 1088 3033 Lunae
1120 3000 1282 3043 montes,
1316 2997 1455 3044 quibus
1487 3008 1592 3045 aege
1623 3008 1749 3035 carere
1780 3009 1822 3035 se
1847 2998 2045 3042 Galilaeus

274 3048 378 3087 haud
410 3051 570 3091 obscure
609 3053 903 3102 significaverat.
967 3055 1135 3100 (Reliqua
1170 3066 1263 3101 quae
1294 3057 1418 3093 insunt
1454 3057 1510 3093 his
1555 3057 1657 3093 literis
1697 3058 1864 3103 leguntur
1902 3060 1972 3096 vol.
1998 3061 2045 3097 II.
