2126 3388
935 178 1040 216 1627.
1068 176 1168 214 1628.
1854 175 1938 222 909

139 299 268 336 ceteris
297 298 419 335 nescio
445 307 537 344 quae
561 300 723 333 monstra
748 294 820 332 alia
844 294 1026 331 seditiosis
1066 293 1282 330 clamoribus
1317 293 1562 330 efformarunt.
1610 294 1664 330 De
1688 293 1941 329 reformatione

140 356 385 402 Supranisana
414 367 486 391 non
513 360 569 392 est
595 355 692 400 quod
716 353 967 399 conqueraris3
1001 353 1070 388 nisi
1094 354 1193 388 Deus
1225 352 1363 388 meliori
1397 362 1528 388 causae
1559 352 1772 398 propensior
1802 351 1941 395 fuisset,

139 414 421 450 turbulentiores
447 414 536 449 alios
561 414 753 458 magistros
777 411 874 447 nacti
906 411 1099 447 fuissemus
1127 413 1283 455 Turcas,
1318 412 1508 456 Tartaros,
1543 421 1632 456 quos
1657 410 1807 447 tribules
1832 410 1943 446 vestri

139 472 176 506 in
203 472 411 507 societatem
437 482 538 507 suam
564 476 599 506 et
624 471 812 515 imperium
838 473 1045 506 evocarunt.

281 530 381 565 Haec
407 530 495 564 mihi
518 534 569 572 tu,
597 529 645 563 mi
663 528 832 573 Keplere,
859 529 1006 564 cordate
1026 534 1061 564 et
1078 528 1190 564 libere
1209 528 1254 564 ad
1271 533 1308 564 te
1335 528 1504 564 scribenti
1523 539 1594 564 non
1613 528 1745 564 invitus
1762 528 1942 573 ignosces.

142 588 233 623 Amo
258 592 295 623 te
321 593 357 623 et
383 588 539 624 salutem
564 593 683 631 tuam,
720 597 791 621 non
817 597 964 631 possum
989 587 1057 622 tibi
1081 586 1234 622 blandiri
1260 587 1295 621 in
1323 589 1365 621 ea
1391 596 1520 631 causa,
1553 595 1659 631 quam
1693 586 1796 621 video
1823 586 1868 621 ad
1892 586 1944 620 in-

143 646 290 681 teritum
315 651 416 691 tuum
442 650 625 691 spectare,
652 646 689 680 in
715 645 844 680 ceteris
871 645 1075 681 admirabor
1098 651 1145 690 te,
1172 646 1207 680 in
1234 645 1361 680 ceteris
1387 643 1559 688 laudabo,
1586 644 1622 678 in
1646 643 1716 679 isto
1743 647 1862 679 autem
1889 653 1944 678 sa-

142 703 226 739 lutis
252 710 337 739 tuae
363 705 507 749 negotio
533 715 639 749 r0g0,
675 713 719 738 ne
745 703 885 746 ingenio
911 709 974 738 tuo
1000 708 1139 738 tantum
1165 703 1319 745 tribuas,
1354 707 1394 737 ut
1420 702 1533 736 solum
1559 707 1594 737 te
1621 702 1697 737 sine
1723 702 1831 744 duce,
1868 702 1945 737 sine

143 763 284 807 comite,
311 773 434 798 verum
459 768 609 808 tangere
635 771 743 807 posse
771 771 906 805 speres,
933 761 989 795 vel
1016 761 1050 795 in
1077 762 1146 796 ista
1171 761 1251 796 luce
1270 766 1303 795 et
1322 760 1496 795 societate
1514 764 1568 794 tot
1584 764 1838 805 tantorumque
1856 760 1946 796 side-

142 831 221 854 rum
248 831 368 856 errare
393 824 569 855 metuas&
596 841 638 844 —
664 819 732 855 Die
758 819 790 853 ὃ.
819 819 1056 864 Septembris:
1088 820 1215 864 Nuper
1243 819 1368 864 jussus
1402 831 1480 855 sum
1506 831 1551 855 ex
1576 825 1612 855 te
1639 831 1875 866 cognoscere,
1909 821 1946 855 in

145 883 234 922 quot
258 879 410 923 paginas
437 884 498 914 aut
523 879 780 923 quaterniones
814 877 961 921 scriptio
988 877 1051 911 illa
1077 877 1427 922 Anti-Scaligeriana
1462 879 1655 913 excurrat?
1696 878 1736 913 Id
1762 889 1867 923 spero
1889 889 1946 913 me

142 936 306 981 proxime
331 935 535 971 illecturum
562 940 599 971 et
622 946 715 980 una,
742 935 827 980 quid
854 936 899 969 ad
926 935 1208 970 controversiam
1234 938 1393 969 nostram
1419 945 1584 980 reponas,
1611 936 1647 971 in
1671 947 1742 981 qua
1768 937 1832 971 tibi
1856 936 1946 971 illud

145 1004 359 1038 persuasum
387 993 505 1038 cupio,
531 1004 603 1029 non
627 1005 684 1030 me
711 994 755 1029 de
780 993 930 1030 victoria
955 994 1080 1039 magis.
1107 1004 1213 1038 quam
1240 993 1284 1028 de
1302 993 1417 1029 salute
1434 998 1496 1029 tua
1515 994 1690 1031 dimicare.
1721 996 1791 1039 (Ex
1809 995 1946 1040 ultima,

144 1061 236 1096 quae
263 1056 440 1096 superest,
467 1052 622 1096 epistola
649 1053 793 1097 Curtii.)

281 1110 461 1155 Keplerus
482 1110 619 1156 Ulmae,
646 1111 808 1156 quamvis
828 1110 1126 1155 occupatissimus
1144 1115 1230 1156 typo
1249 1110 1470 1146 Tabularum
1487 1110 1796 1156 Rudolphinarum
1823 1116 1859 1146 et
1876 1111 1948 1156 epi-

145 1168 247 1204 stolis
263 1168 308 1203 ad
326 1169 469 1214 amicos,
495 1168 607 1204 filium
626 1174 661 1204 et
677 1169 859 1213 familiam,
885 1169 996 1204 nihilo
1015 1169 1132 1204 minus
1151 1169 1220 1203 alia
1237 1168 1413 1214 quaedam
1432 1169 1590 1213 suscepit
1616 1169 1744 1204 studia.
1786 1170 1818 1204 E
1837 1169 1949 1204 Curtii

145 1226 262 1261 verbis
280 1225 386 1261 modo
406 1226 523 1262 citatis
542 1232 703 1272 apparet,
731 1227 989 1271 conscripsisse
1015 1238 1096 1262 eum
1121 1232 1197 1262 tum
1220 1227 1392 1271 temporis
1419 1227 1547 1262 librum
1574 1231 1700 1262 contra
1717 1228 1949 1273 Scaligerum,

147 1296 251 1329 quem
277 1296 315 1329 p.
335 1285 401 1320 273
428 1285 694 1330 proposuimus.
734 1287 902 1331 Epistola
921 1286 966 1320 ad
985 1285 1208 1320 Terrentium
1235 1285 1437 1330 subscripta
1464 1290 1532 1320 est:
1563 1286 1802 1327 „Ratisbonae
1826 1296 1950 1321 mense

145 1342 335 1377 Decembri
364 1343 463 1378 162ῖ.
505 1343 546 1377 In
573 1344 702 1379 tabulis
727 1344 968 1389 Rudolphinis
1002 1345 1120 1389 capita
1144 1344 1320 1388 quaedam
1344 1345 1471 1388 partim
1499 1345 1724 1389 corrigenda,
1749 1347 1880 1391 partim
1907 1346 1951 1381 de

146 1411 238 1436 novo
265 1400 499 1445 concipienda
525 1407 626 1437 erant
644 1402 713 1445 (24.
730 1402 836 1446 Maji:
867 1402 1128 1444 „consideratio
1155 1401 1302 1437 tabulae
1326 1403 1740 1448 prosthaphaereseon“,
1767 1404 1823 1439 28.
1842 1404 1948 1447 Maji:

150 1458 374 1501 „Delineatio
401 1459 603 1495 anomaliae
629 1461 673 1495 ad
701 1461 844 1506 singula
869 1461 1006 1495 minuta
1031 1460 1258 1504 aequationis
1289 1461 1477 1505 primae“].
1528 1462 1588 1503 „ln
1619 1460 1703 1496 fano
1728 1461 1952 1497 Ulmensium

147 1517 321 1553 altissimo
347 1517 442 1553 circa
468 1517 663 1554 solstitium
687 1519 827 1554 radium
854 1519 947 1554 Solis
974 1529 1039 1563 per
1063 1518 1225 1553 foramen
1250 1519 1443 1559 intromisi,
1476 1524 1516 1555 ut
1540 1520 1752 1554 diametrum
1778 1530 1952 1565 apparen-

149 1580 222 1609 tem
249 1579 284 1610 et
302 1574 510 1611 altitudines
529 1575 624 1611 Solis
644 1576 849 1612 dimetirer“
871 1577 956 1620 (VII.
978 1578 1072 1622 645).
1109 1578 1139 1612 6.
1159 1577 1389 1613 Novembris:
1420 1579 1665 1620 „Constituam
1682 1589 1777 1613 nunc
1795 1579 1952 1623 epochas

151 1633 274 1668 mundi
299 1646 320 1669 a
345 1634 478 1679 priori“
507 1640 574 1670 etc.
622 1635 679 1671 23.
705 1636 794 1672 Dec.
821 1635 858 1670 in
884 1635 1197 1671 Waldmunchen:
1226 1636 1279 1670 De
1306 1635 1518 1679 obliquitate
1544 1636 1744 1680 eclipticae.
1778 1637 1951 1673 Mensura

149 1692 292 1728 senatui
315 1693 477 1728 Ulmensi
504 1694 692 1739 proposita
717 1694 774 1730 30.
798 1693 886 1728 Julii
913 1694 965 1737 (V.
995 1697 1060 1728 627
1087 1695 1157 1736 ss).

291 1751 569 1787 Observationes
596 1752 708 1788 aeris:
733 1752 861 1788 Ulmae
887 1762 1002 1796 usque
1028 1752 1064 1786 in
1092 1753 1147 1788 15.
1173 1751 1406 1796 Septembris,
1432 1753 1489 1789 16.
1517 1753 1561 1788 ad
1578 1752 1726 1798 Vilsam,
1757 1755 1805 1789 17.
1828 1753 1879 1789 18.
1901 1754 1954 1790 19.

150 1809 195 1844 ad
219 1810 431 1855 Neccarum,
457 1811 513 1847 20.
540 1811 596 1845 21.
624 1810 906 1854 Heidelbergae,
940 1821 961 1845 a
986 1810 1043 1845 22.
1070 1810 1168 1855 Sept.
1194 1810 1231 1845 in
1257 1812 1289 1846 5.
1317 1810 1397 1846 Oct.
1424 1810 1668 1853 Francofurti,
1700 1812 1838 1847 6.—19.
1864 1812 1954 1846 Puz·

149 1867 285 1911 bachii,
311 1868 369 1904 20.
395 1869 449 1904 21.
475 1868 530 1904 22.
558 1868 805 1914 Francofurti,
833 1869 997 1905 23.-26.
1023 1868 1254 1913 Moguntiae,
1281 1869 1340 1904 27.
1364 1869 1602 1913 Wormatiae,
1630 1869 1792 1905 28.—31.
1820 1869 1956 1913 Spirae.

150 1925 345 1961 Novembri
370 1927 404 1961 1.
430 1926 463 1962 2.
482 1926 689 1971 Brusselae,
714 1927 830 1962 4.—9.
847 1926 1050 1971 Esslingae,
1079 1926 1242 1962 10.-24.
1262 1927 1401 1972 Ulmae,
1427 1927 1585 1976 2552&
1606 1927 1796 1971 Dillingae,
1821 1928 1878 1964 29.
1899 1928 1956 1963 30.

150 1984 384 2020 Ratisbonae.
434 1985 626 2021 Decembri
651 1985 788 2022 1.—20.
814 1985 1046 2027 Ratisbonae,
1072 1985 1234 2020 21.—26.
1263 1995 1328 2029 per
1353 1984 1596 2020 Palatinatum
1615 1985 1799 2028 Bavariae‚
1823 1987 1878 2022 27.
1897 1987 1954 2022 28.

151 2042 337 2087 Pilsenae,
371 2043 416 2079 29
450 2054 496 2079 ss.
522 2044 673 2089 Pragae.
724 2044 842 2088 (Quae
874 2043 1056 2088 Keplerus
1091 2042 1135 2078 de
1171 2043 1452 2079 commoratione
1482 2043 1735 2079 Puzbachiana
1765 2044 1955 2079 Bartschio

152 2099 274 2143 refert,
298 2100 469 2146 leguntur
494 2101 573 2137 Vol.
600 2102 679 2138 VII.
704 2113 739 2147 p.
766 2102 859 2146 581.)

293 2171 352 2206 Ex
376 2170 468 2206 libro
492 2172 685 2207 memoriae
712 2173 907 2208 amicorum
932 2174 1094 2207 sacrato:

435 2244 661 2294 Impensum
692 2247 731 2283 in
763 2245 964 2284 dolabram
995 2250 1148 2295 tempus
1179 2244 1252 2282 fuit
1284 2249 1321 2283 et
1352 2244 1463 2283 labor
1495 2248 1532 2282 et
1562 2256 1635 2282 res.

436 2301 469 2340 O
503 2305 632 2342 curas!
666 2303 804 2355 Operis
837 2309 1024 2353 quantum
1057 2315 1078 2342 o
1112 2305 1304 2353 surgentis
1335 2302 1468 2341 inane!

293 2394 477 2434 Joarmes
507 2394 728 2445 Keplerus,
760 2397 860 2446 Imp.
882 2396 996 2436 Caes.
1018 2366 1254 2434 Ferdinandi
1276 2395 1317 2432 11
1357 2394 1610 2444 ordinumque
1634 2394 1814 2435 Austriae
1835 2394 1958 2445 Supr-
1990 2414 1996 2417 ·

159 2453 354 2492 Anisanae
385 2453 698 2493 Mathematicus.
761 2455 906 2505 Scripsi
938 2453 1077 2493 Ulmae
1108 2453 1208 2494 Non.
1240 2454 1334 2503 Apr.
1371 2457 1495 2493 1627.

304 2556 414 2598 1628.
448 2558 658 2597 Revolutio
691 2561 794 2598 anni.
858 2560 1009 2610 Pragae
1040 2560 1079 2596 in
1109 2559 1365 2608 patrocinium
1396 2557 1678 2608 Magnitudiuis
1710 2557 1958 2596 Fridlandiae

162 2616 337 2654 transivi.
410 2615 554 2654 Caesar
607 2617 712 2655 dedit
754 2621 877 2658 4000.
953 2618 1163 2666 Assignata
1207 2617 1301 2654 mihi
1344 2617 1448 2666 apud
1488 2616 1753 2654 Fridlandium
1801 2620 1954 2654 12000.

159 2675 330 2723 Magnus
361 2672 569 2713 Hetruriae
601 2675 679 2713 dux
710 2675 978 2713 Ferdinandus
1000 2706 1009 2715 .
1032 2703 1041 2712 .
1065 2705 1074 2714 .
1098 2707 1108 2715 .
1141 2675 1256 2713 dedit.
1315 2674 1569 2712 Ratisbonam
1602 2686 1776 2712 reversus
1807 2674 1930 2723 Majo.

300 2732 507 2770 Decembri
530 2735 645 2779 (1627)
671 2734 820 2783 Pragae
843 2734 1081 2772 Tabularum
1113 2732 1350 2782 exemplaria
1371 2733 1597 2782 Imperatori
1618 2731 1863 2771 Ferdinando
1886 2733 1952 2780 IL,

164 2793 226 2830 cui
259 2789 540 2838 dedicaveram‚
574 2791 742 2829 exhibui.
804 2792 1054 2841 Imperatoris
1093 2791 1183 2828 aula
1215 2791 1384 2828 fautores
1417 2790 1660 2838 cultoresque
1690 2801 1862 2829 mearum
1894 2803 1958 2829 ar-

166 2851 262 2887 tium
295 2848 469 2887 exhibuit
501 2850 791 2898 exspectatione
823 2861 910 2887 mea
941 2849 1090 2898 plures,
1123 2859 1284 2898 quorum
1317 2848 1716 2886 commendationibus
1746 2854 1953 2897 provectus

168 2914 206 2946 et
238 2907 395 2945 Caesari
428 2918 525 2955 opus
557 2906 778 2945 dedicatum
808 2907 1032 2945 felicissimo
1064 2918 1243 2944 successu
1267 2907 1482 2954 approbavi
1514 2905 1731 2955 dignusque
1758 2906 1958 2955 judicatus

163 2966 231 3012 fui,
269 2966 335 3014 qui
367 2963 413 3002 de
444 2963 525 3002 ΜΨι
547 2964 650 3003 Suae
682 2963 944 3003 munificentia
976 2964 1089 3002 ditior
1118 2963 1296 3002 redderer
1328 2969 1364 3001 et
1396 2965 1632 3001 exercituum
1665 2963 1954 3013 Caesareorum‚

167 3034 265 3073 quos
295 3025 579 3072 suspectabam,
612 3022 802 3061 Praefecti
835 3022 1126 3061 Generalissimi
1149 3022 1270 3060 Ducis
1292 3021 1539 3059 Fridlandiae
1571 3027 1608 3059 et
1639 3021 1785 3071 Sagani
1808 3023 1958 3062 Alberti

166 3082 328 3131 gratiam
361 3087 591 3120 consecutus
622 3093 720 3119 sum.
763 3080 837 3129 Qui
869 3080 997 3119 locum
1029 3082 1202 3130 quietum
1223 3079 1406 3129 Sagani
1437 3081 1636 3128 concessit,
1669 3091 1838 3119 annuum
1859 3083 1954 3120 sub-

170 3139 311 3179 sidium
342 3139 515 3190 reliquae
546 3139 856 3190 magnificentiae
887 3150 981 3178 suae
1013 3143 1312 3178 consentaneum
1344 3139 1601 3189 nuncupavit,
1633 3138 1808 3190 proelum
1839 3141 1956 3180 etiam
