2126 3388
285 197 368 242 994
956 192 1039 228 Vita
1061 192 1084 228 J
1087 194 1212 230 oannis
1234 193 1394 238 Kepleri.

284 315 410 363 recepi
442 316 479 350 et
509 313 546 348 in
579 321 655 359 quo
685 321 752 359 per
783 309 900 348 hosce
932 321 1066 357 annOS,
1094 312 1178 360 jam
1197 311 1247 350 ad
1269 322 1447 350 occasum
1471 311 1574 348 vitae
1596 314 1809 359 vergentes,
1841 310 2063 348 harmonica

284 374 359 410 ista
389 376 427 408 et
458 380 555 418 quae
588 367 667 405 alia
695 367 768 404 sub
799 368 977 406 manibus
1008 368 1134 407 habeo
1168 371 1302 408 enitor.
1351 370 1509 406 Frustra
1540 380 1587 406 ex
1619 368 1789 406 themate
1820 367 2062 417 genethliaco

284 440 419 468 causas
461 430 621 475 quaeret
659 425 878 474 astrologus
915 427 1158 465 inventarum
1190 439 1213 465 a
1243 439 1304 465 me
1344 438 1443 464 anno
1480 429 1601 464 1596.
1640 427 1930 475 proportionum
1967 428 2063 463 inter

288 488 399 525 orbes
432 484 633 534 coelestes,
665 495 765 521 anno
801 488 924 521 1604.
957 484 1113 522 modum
1147 484 1322 532 videndi,
1355 495 1455 522 anno
1487 484 1560 521 hoe
1595 487 1717 522 1618.
1752 495 1974 531 causarum,
2015 483 2063 521 ob

288 555 384 592 quas
417 542 576 580 cuilibet
606 541 785 590 planetae
817 543 979 591 contigit
1008 547 1117 581 tanta
1139 544 1413 589 eccentrieitas‚
1446 553 1516 580 nec
1546 543 1670 580 minor
1699 553 1770 580 nec
1791 542 1924 590 maj0r,
1956 542 2065 579 annis

281 600 515 638 intermediis
560 599 842 638 demonstratae
885 600 1072 650 physicae
1118 600 1297 638 coelestis
1347 599 1629 649 modorumque
1677 600 1818 649 quibus
1860 605 2064 637 moventur

281 659 461 707 planetae
493 669 746 705 verorumque
777 663 950 695 motuum
972 659 1153 707 ipsorum,
1188 657 1352 707 denique
1383 658 1721 696 fundamentorum
1751 656 1946 695 efficaciae
1973 667 2064 695 coe-

283 717 388 754 lestis
421 718 458 752 in
490 716 585 753 haec
616 716 795 753 inferiora
824 716 1187 766 metaphysicorum.
1240 716 1327 755 Non
1358 717 1589 754 influxerunt
1619 717 1696 753 ista
1727 726 1813 753 cum
1845 714 2063 753 charactere

282 773 378 812 coeli
410 775 445 810 in
481 772 714 810 flammulam
753 773 858 811 illam
897 774 1092 812 facultatis
1125 773 1254 812 vitalis
1294 786 1415 824 nuper
1445 776 1623 813 incensae
1666 775 1782 822 inque
1814 778 1943 810 actum
1973 782 2065 821 pro-

286 831 435 878 ductae,
469 831 538 869 sed
568 833 704 880 partim
738 832 838 869 intus
870 833 907 868 in
939 832 1180 881 penitissima
1213 833 1363 871 animae
1395 834 1562 871 essentia
1593 831 1785 878 latebant,
1817 831 1957 880 partim
1988 830 2066 867 alia

283 891 367 936 via,
411 901 477 938 per
517 890 650 926 oculos
688 889 884 937 nimirum,
928 891 1133 928 introrsum
1173 896 1328 940 recepta
1366 895 1467 930 sunt.
1528 889 1621 928 Sola
1653 894 1690 928 et
1727 890 1843 927 unica
1883 888 2064 926 thematis

283 947 516 996 genethliaci
549 959 665 996 opera
697 947 768 985 fuit
799 949 884 995 ista,
919 948 1023 996 quod
1055 954 1093 986 et
1115 951 1286 987 emunxit
1317 948 1404 987 illos
1436 949 1582 997 ingenii
1609 948 1825 997 judiciique
1846 946 2064 996 inguieulos

283 1010 320 1043 et
361 1005 562 1053 instigavit
611 1006 779 1043 animum
821 1005 870 1043 ad
908 1005 1079 1044 laborem
1127 1006 1360 1045 indefessum
1406 1008 1590 1055 auxitque
1633 1005 1862 1044 desiderium
1906 1003 2063 1043 sciendi.

282 1063 475 1100 Breviter:
519 1074 608 1100 non
653 1064 926 1112 inspiravit
967 1065 1201 1110 animum,
1244 1076 1333 1102 non
1375 1064 1530 1102 ullam
1573 1064 1826 1102 dictarum
1857 1061 2064 1100 faculta-

281 1127 393 1168 tum,
426 1120 511 1158 sed
544 1119 766 1162 excivit,“
802 1143 855 1149 -—

417 1178 490 1216 Illo
526 1179 641 1227 igitur
680 1181 717 1215 in
757 1179 891 1217 libello
940 1179 1132 1228 Keplerus
1173 1182 1343 1229 priorum
1395 1182 1563 1218 rationes
1611 1178 1861 1229 astrologieas
1900 1177 2066 1228 diligen-

280 1242 337 1274 ter
378 1240 534 1274 secutus
574 1248 619 1274 ex
659 1237 898 1286 planetarum
936 1239 1019 1286 ipso
1071 1244 1252 1276 nascente
1292 1238 1660 1288 configurationibus
1706 1248 1781 1275 non
1830 1235 1944 1274 modo
1986 1237 2065 1273 for-

285 1299 418 1332 tunam
450 1306 572 1341 suam,
606 1295 730 1343 qualis
761 1296 970 1344 posteriore
1003 1302 1173 1345 tempore
1205 1297 1332 1334 futura
1364 1298 1431 1343 sit,
1463 1296 1531 1334 sed
1563 1297 1679 1334 etiam
1701 1301 1738 1334 et
1757 1306 1906 1332 morum
1938 1299 1975 1332 et
2004 1295 2066 1330 in-

287 1354 391 1402 genii
421 1355 676 1402 proprietates
710 1353 897 1391 deducere
929 1359 1090 1391 conatus
1123 1360 1192 1392 est.
1246 1353 1374 1392 Utitur
1405 1359 1535 1393 autem
1565 1365 1668 1392 mere
1699 1355 1867 1402 priorum
1898 1351 2066 1390 astrolo-

289 1422 424 1459 gorum
455 1422 634 1448 sermone
666 1416 701 1449 et
734 1412 881 1457 verbis,
925 1423 1023 1459 quae
1056 1411 1105 1449 ad
1138 1412 1287 1449 literam
1319 1414 1490 1462 accipere
1532 1423 1607 1450 non
1648 1412 1738 1449 licet
1769 1412 1961 1461 (naturam
1992 1410 2066 1448 sibi

283 1480 320 1508 v.
353 1479 384 1506 e.
421 1466 651 1517 „caninam“
686 1470 819 1506 tribuit
850 1471 953 1517 ete).
1014 1469 1130 1506 Initio
1164 1470 1337 1518 quidem,
1373 1471 1522 1508 omissis
1554 1470 1798 1518 astrologicis
1829 1469 1998 1507 terminis
2029 1472 2067 1505 et

280 1525 630 1574 significationibus
673 1527 767 1565 haec
807 1527 852 1565 de
884 1535 1021 1565 natura
1048 1533 1085 1564 et
1116 1528 1286 1566 moribus
1325 1530 1404 1566 suis
1436 1533 1473 1566 et
1505 1529 1658 1577 ingenio
1700 1528 1864 1576 profert:
1912 1526 2065 1579 „Homo

281 1585 352 1621 iste
383 1584 456 1621 hoc
486 1584 565 1621 fato
597 1590 711 1622 natus
744 1590 819 1631 est,
862 1590 904 1621 nt
936 1585 1161 1634 plerumque
1199 1587 1313 1625 rebus
1348 1586 1567 1623 difficilibus
1599 1591 1750 1634 tempus
1780 1590 1899 1631 terat,
1932 1597 1955 1622 a
1977 1585 2066 1633 qui-

285 1642 358 1679 bus
390 1642 455 1679 alii
487 1642 708 1681 abhorrent.
769 1643 816 1680 In
846 1645 1011 1691 pueritia
1041 1644 1112 1680 fuit
1143 1649 1348 1681 metrorum
1380 1646 1569 1682 rationem
1600 1655 1803 1693 aggressus
1835 1648 1923 1680 ante
1955 1648 2066 1680 aeta—

281 1705 372 1737 tem.
424 1699 596 1738 Conatus
629 1706 687 1739 est
718 1701 884 1738 scribere
908 1701 1142 1748 comoedias,
1177 1702 1348 1751 psalmos
1372 1701 1488 1751 elegit
1510 1702 1801 1751 prolixissimos,
1835 1712 1932 1750 quos
1953 1712 2066 1738 man-

282 1757 390 1795 davit
419 1760 639 1797 memoriae.
702 1757 986 1797 Grammaticae
1018 1759 1143 1797 Crusii
1187 1762 1315 1798 omnia
1357 1760 1532 1809 exempla
1573 1760 1742 1798 ediscere
1782 1760 1961 1797 tentavit.
2021 1758 2066 1795 In

281 1816 513 1854 carminibus
553 1817 662 1854 initio
704 1828 860 1865 operam
901 1817 1006 1855 dedit
1037 1815 1284 1869 ιέκροστιχισι,
1317 1818 1495 1868 gryphis,
1529 1818 1924 1867 anagrammatismis3
1956 1820 2066 1866 post-

281 1885 397 1922 quam
429 1873 500 1911 hos
532 1886 578 1912 ex
609 1887 680 1912 suo
712 1876 846 1912 merito
880 1881 1121 1913 contemnere
1154 1879 1280 1924 potuit
1312 1876 1606 1914 convalescente
1643 1876 1814 1924 judicio,
1858 1886 2066 1924 aggressus

282 1936 339 1969 est
371 1933 479 1968 varia
511 1937 548 1969 et
581 1932 806 1970 difficillima
837 1933 1043 1982 lyricorum
1075 1945 1237 1982 genera,
1269 1935 1421 1983 scripsit
1454 1934 1574 1972 melos
1605 1934 1871 1980 Pindaricum,
1914 1934 2067 1981 scripsit

280 1988 575 2039 dithyrambica,
609 1992 786 2028 materias
820 1991 1040 2040 complexus
1072 1996 1130 2029 est
1161 1992 1391 2030 insolentes:
1427 1992 1471 2030 de
1503 1992 1605 2030 Solis
1638 1993 1786 2040 quiete,
1819 1997 1903 2029 ortu
1935 1991 2064 2028 flumi-

279 2059 382 2094 num,
417 2047 583 2085 Atlantis
615 2054 823 2098 prospectu
854 2050 890 2085 in
924 2049 1099 2087 nebulas.
1162 2051 1405 2099 Aenigmatis
1438 2050 1651 2088 delectatus
1683 2050 1764 2097 fuit,
1797 2049 1899 2088 sales
1930 2048 2066 2086 salsis-

281 2106 398 2142 simos
430 2108 644 2153 quaesivit,
687 2107 883 2155 allegoriis
914 2108 967 2144 ita
998 2107 1109 2153 lusit,
1152 2114 1193 2145 ut
1225 2120 1324 2157 quae
1357 2114 1445 2146 sunt
1477 2109 1734 2145 minutissima
1771 2111 2066 2157 persequeretur

281 2169 318 2200 et
342 2164 509 2200 crinibus
529 2164 708 2202 traheret.
750 2165 794 2201 ln
816 2164 1002 2202 imitando
1026 2166 1143 2203 verba
1165 2166 1243 2204 fere
1265 2166 1418 2215 singula
1439 2168 1600 2204 retinere
1632 2165 1778 2203 studuit
1810 2164 1995 2202 translata
2016 2163 2065 2201 ad

278 2233 387 2258 suam
419 2223 632 2261 materiam.
670 2222 712 2259 In
735 2222 983 2271 problematis
1006 2223 1217 2261 scribendis
1237 2224 1436 2272 paradoxa
1466 2223 1522 2260 illi
1554 2224 1752 2273 placuere:
1786 2223 1968 2273 gallicam
1989 2222 2065 2259 lin-

279 2290 395 2327 guam
426 2290 518 2328 prae
539 2291 678 2328 graeca
701 2280 934 2327 discendam,
967 2281 1096 2318 studia
1115 2281 1313 2319 literarum
1335 2294 1418 2320 esse
1440 2283 1591 2330 signum
1624 2283 1799 2319 interitus
1822 2280 2065 2319 Germaniae.

279 2336 325 2373 In
357 2337 587 2386 opponendo
619 2349 816 2386 nunquam
849 2340 1056 2387 quicquam
1099 2339 1203 2388 quod
1234 2351 1309 2377 non
1342 2341 1396 2378 ita
1437 2345 1611 2378 censeret
1641 2339 1782 2377 attulit.
1843 2339 1888 2376 In
1920 2338 2065 2377 deseri-

277 2394 412 2432 bendis
444 2396 522 2432 suis
554 2397 720 2433 inventis
752 2408 902 2445 semper
933 2397 1038 2434 aliud
1071 2397 1200 2434 intulit
1232 2399 1268 2434 in
1300 2397 1482 2435 mundum
1516 2409 1631 2446 quam
1674 2398 1747 2435 fuit
1776 2398 1813 2434 in
1845 2396 2065 2446 exemplari.

279 2451 523 2491 Mathemata
554 2465 644 2502 prae
677 2456 812 2491 ceteris
844 2454 982 2491 studiis
1015 2457 1172 2492 amavit.
1221 2455 1267 2492 In
1298 2455 1545 2505 philosophia
1577 2460 1720 2493 textum
1744 2455 1962 2493 Aristotelis
1984 2455 2066 2504 ipse

279 2509 384 2558 legit,
418 2514 665 2559 quaestiones
696 2513 922 2561 conscripsit
954 2513 990 2548 in
1023 2512 1210 2562 Physica,
1244 2513 1382 2551 Ethica
1413 2514 1488 2551 sere
1522 2514 1714 2563 neglexit,
1754 2515 1809 2551 sic
1840 2519 1877 2551 et
1908 2512 2065 2561 Topicis

282 2567 471 2616 neglectis
504 2568 710 2619 Analytica
740 2571 954 2618 posteriora
987 2573 1134 2608 sumsit.
1188 2571 1264 2608 Sed
1287 2571 1474 2609 Planerus
1505 2571 1560 2608 illi
1593 2572 1655 2609 hic
1687 2571 1846 2620 placuit.
1889 2570 1934 2608 In
1955 2570 2065 2619 Phy-

281 2627 362 2663 sica
384 2625 623 2675 Scaligerum
645 2629 839 2676 suspexit3
871 2629 907 2664 in
941 2628 1040 2665 libro
1073 2633 1208 2677 quarto
1231 2629 1491 2667 Meteororum
1514 2630 1680 2667 inhaesit
1701 2630 1907 2678 praecipue
1929 2628 2064 2677 dispu-

276 2683 407 2721 tando.
468 2684 512 2721 In
544 2684 761 2734 Theologia
792 2687 923 2723 statim
966 2687 1076 2724 initio
1110 2686 1156 2724 de
1187 2687 1542 2735 praedestinatione
1581 2689 1726 2736 incepit
1767 2691 1804 2725 et
1835 2689 1873 2723 in
1904 2686 2064 2723 Lutheri

276 2743 503 2780 sententiam
535 2742 581 2780 de
603 2754 714 2781 servo
737 2744 892 2781 arbitrio
925 2743 1078 2792 incidit;
1112 2748 1149 2782 et
1180 2746 1335 2791 mirum,
1368 2757 1552 2783 annorum
1586 2745 1768 2783 tredecim
1799 2745 1951 2793 scripsit
1981 2743 2064 2780 Tu-

277 2799 444 2848 bingam,
477 2806 518 2837 ut
549 2802 762 2838 mitteretur
794 2801 848 2838 illi
882 2801 1093 2850 disputatio
1127 2801 1172 2840 de
1204 2803 1568 2851 praedestinatione,
1601 2803 1702 2841 unde
1733 2804 1769 2839 in
1803 2802 2063 2850 disputatione

280 2857 436 2904 quidam
468 2869 554 2895 eum
587 2860 640 2896 ita
672 2861 850 2897 vexavit:
894 2859 1074 2907 Qactyant,
1118 2860 1188 2908 best
1219 2861 1298 2905 auci)
1341 2863 1575 2899 tentationes
1608 2861 1654 2899 de
1685 2859 2061 2910 praedestinatione!

276 2913 419 2952 Postea
450 2915 608 2953 Lutheri
641 2918 872 2954 sententiam
905 2918 988 2966 ejus
1028 2918 1149 2955 libelli
1188 2920 1344 2956 missam
1385 2919 1474 2957 fecit
1506 2924 1542 2957 et
1573 2931 1615 2956 se
1646 2919 1696 2956 ad
1727 2919 1933 2956 sanitatem
1976 2928 2062 2954 cum

277 2970 434 3010 Hunnio
467 2976 694 3022 composuit.
757 2975 900 3012 Verum
932 2977 1062 3012 statim
1094 2979 1376 3014 controversias
1408 2976 1506 3014 alias
1539 2977 1811 3014 Calvinisticas
1855 2986 2061 3024 aggressus

278 3039 318 3065 se
349 3029 516 3067 medium
549 3033 786 3080 interposuit,
821 3032 888 3070 tali
911 3033 1024 3070 modo
1046 3045 1211 3082 persona
1233 3034 1306 3072 Dei
1340 3034 1514 3082 conficta,
1549 3046 1659 3083 quem
1692 3035 1913 3082 ignoramus
1936 3032 2062 3081 qualis

279 3086 339 3133 sit,
370 3088 425 3125 sie
456 3089 492 3124 in
525 3090 644 3127 verba
685 3101 828 3128 coenae
872 3090 1132 3129 hebraismum
1175 3092 1402 3132 inducendo.
1464 3092 1561 3130 Cum
1599 3090 1809 3139 aliquando
1851 3090 2059 3141 contendit,
