2126 3388
930 163 1032 199 1613.
1786 164 1871 209 819

78 279 196 328 igitur
225 279 408 319 haberem
440 280 611 318 animum
644 279 823 329 volentis,
856 292 949 319 usus
979 293 1065 319 sum
1097 281 1225 319 verbis
1257 280 1424 319 nolentis
1446 293 1537 332 erga
1569 283 1872 330 intercessorem,

77 337 226 375 scilicet
255 339 395 377 misere
429 340 663 385 metuebam,
696 350 743 377 nc
774 350 849 377 non
883 345 986 377 esset
1017 351 1140 388 aeque
1172 340 1332 388 frugalis
1364 345 1400 377 et
1423 340 1578 379 humilis
1601 345 1723 388 sexta,
1755 345 1873 390 atque

79 394 125 432 de
158 397 293 444 quinta
335 398 552 445 sperabam.
612 397 688 434 Hic
731 396 920 435 divisione
964 399 1039 436 mei
1082 399 1202 447 ipsius
1243 400 1340 435 inter
1371 398 1564 437 volentem
1603 404 1640 437 et
1679 398 1874 436 nolentem

77 451 173 490 illud
205 454 360 503 quidem
395 456 485 493 boni
517 461 767 493 consecutum
799 461 866 503 cst,
901 460 942 492 ut
974 467 1098 493 essem
1131 457 1357 493 suasoribus
1390 458 1485 494 meis
1518 462 1744 504 accusatus,
1777 456 1874 494 illud

77 523 169 549 vero
201 513 314 560 mali,
359 519 401 551 ut
432 513 602 551 dolerem
645 514 766 551 veluti
806 514 852 552 dc
892 514 1059 562 repulsa.
1122 514 1287 552 Rursum
1320 514 1382 551 hic
1413 517 1529 552 animi
1562 517 1658 553 vitio
1690 526 1874 564 peccasse

77 569 232 607 videor:
266 577 307 608 ut
338 573 371 608 si
403 573 592 609 exercitus
625 571 765 620 aliquis
797 574 835 608 in
866 571 1017 610 hostem
1049 573 1241 620 mittatur,
1284 571 1385 610 male
1418 574 1746 612 consentientibus
1780 574 1876 610 inter

77 640 118 666 se
151 630 304 666 consilii
335 631 471 668 secreti
503 630 738 667 auctoribus.
800 630 953 667 Bonum
985 632 1162 669 evenisse
1197 631 1328 668 divina
1360 633 1497 679 gratia,
1531 633 1676 681 tuipse
1699 632 1875 669 conscius

78 698 124 724 ex
156 686 280 724 relatu
311 689 517 725 necessarii
550 688 626 724 tui:
669 700 757 725 narn
797 688 978 726 seminam
1019 689 1112 726 mihi
1151 688 1354 738 descripsit
1391 691 1546 727 minime
1578 692 1673 727 meis
1705 691 1875 728 moribus

77 746 250 794 meisque
284 747 417 783 usibus
450 748 485 781 in
519 757 557 783 re
593 745 805 783 domestica
836 746 1027 784 idoneam.

216 803 311 840 Cum
339 804 421 851 jam
453 805 588 852 quinta
620 816 706 841 mea
738 816 823 842 cum
855 804 1117 852 gratulatione
1158 803 1242 841 sola
1274 816 1394 853 penes
1427 806 1597 842 animuin
1629 805 1805 854 adeoque
1838 811 1876 843 et

76 872 194 909 penes
228 863 345 899 verba
377 874 462 899 mea
495 861 766 909 dominaretur,
799 863 927 900 subito
961 869 1093 900 coorta
1126 868 1183 900 est
1214 862 1266 898 illi
1291 874 1395 900 nova
1417 863 1581 909 aemula,
1616 875 1731 912 quam
1753 865 1876 912 septi-

77 931 178 972 mam
210 931 388 966 numero,
430 931 548 957 suasu
581 920 734 957 illorum
766 932 863 969 quos
903 922 1022 966 nosti,
1069 921 1133 969 qui
1174 920 1433 958 humilitatem
1473 924 1629 970 quintae
1662 921 1876 959 reddebant

77 976 318 1026 despectam,
353 980 388 1014 in
422 980 587 1027 septima
619 978 942 1016 commendabant
974 978 1236 1025 nobilitatem,
1277 980 1537 1027 frugalitatem
1572 981 1748 1029 utrinque
1780 991 1875 1017 ean-

78 1035 163 1073 dem
191 1036 410 1085 jactabant:
452 1036 565 1074 credo
608 1038 811 1085 septimam
844 1043 1061 1085 promotam
1095 1038 1314 1085 cupiebant.
1378 1037 1427 1074 Et
1458 1042 1538 1075 erat
1578 1037 1876 1087 physiognomia

77 1093 187 1140 talis,
234 1107 333 1143 quae
371 1096 491 1132 amari
533 1100 754 1133 mereretur.
816 1094 983 1132 Rursum
1015 1106 1087 1144 ego
1120 1101 1156 1132 et
1188 1097 1361 1144 quintam
1396 1097 1570 1133 omittere
1603 1102 1640 1133 et
1672 1097 1876 1144 septimam

78 1151 220 1200 eligere
253 1159 411 1202 paratus
445 1165 566 1199 eram,
609 1152 801 1202 siquidem
834 1165 926 1190 vera
958 1153 1174 1190 dicerentur
1206 1153 1252 1191 de
1284 1155 1471 1202 septima:
1517 1153 1554 1190 id
1596 1159 1636 1190 ut
1669 1154 1873 1202 diligenter

77 1216 288 1258 caveretur,
321 1213 499 1260 petitioni
530 1223 638 1248 meae
670 1218 748 1249 tam
781 1223 872 1259 erga
903 1217 1086 1260 patronos
1120 1223 1235 1260 quam
1268 1223 1359 1260 erga
1390 1211 1560 1260 puellam
1582 1213 1717 1249 miscui
1749 1213 1876 1249 moni-

76 1270 200 1307 tiones
233 1269 457 1318 explorandi
492 1281 609 1307 causa
642 1271 762 1319 ipsius
795 1272 978 1316 animum,
1011 1269 1078 1307 sed
1112 1270 1361 1307 dissuadendi
1396 1272 1472 1307 vim
1505 1271 1756 1316 continentes,
1790 1281 1875 1306 rur-

71 1339 156 1364 sum
189 1330 226 1364 in
260 1329 457 1366 volentem
489 1333 526 1365 et
557 1328 753 1365 nolentem
787 1327 947 1365 divisus.
991 1327 1093 1375 Quid
1126 1327 1232 1365 aliud
1264 1329 1373 1377 sequi
1395 1329 1532 1376 potuit,
1567 1340 1680 1377 quam
1708 1327 1873 1377 repulsa,

73 1386 182 1434 cujus
216 1387 297 1434 ipse
329 1386 451 1424 veluti
484 1398 620 1423 suasor
652 1385 789 1424 eram?
849 1386 1016 1422 Rursum
1049 1385 1138 1423 hiuc
1169 1391 1280 1435 parta
1312 1386 1360 1424 ad
1403 1397 1584 1424 suasores
1616 1397 1724 1423 meos
1756 1397 1876 1423 excu-

71 1445 184 1491 satio,
217 1445 309 1481 milii
343 1444 463 1491 dolor,
496 1445 703 1494 gynaeceis
737 1445 909 1481 materia.
954 1444 1137 1493 Agnosco
1162 1456 1362 1482 excessum
1394 1444 1468 1481 hoc
1501 1450 1672 1493 tempore
1704 1455 1875 1482 meorum

71 1502 291 1549 affectuum,
326 1510 362 1540 et
394 1503 430 1539 in
464 1515 508 1540 eo
534 1504 610 1539 vim
643 1502 740 1541 coeli
762 1502 1008 1539 stimulantis.
1056 1502 1143 1540 Alio
1177 1508 1348 1552 tempore
1378 1504 1554 1551 quietiori
1579 1503 1706 1539 animo
1730 1503 1875 1550 suscipi

42 1559 206 1606 ,debuit
244 1561 341 1598 baec
381 1561 622 1600 deliberatio.
689 1561 796 1599 Bene
836 1573 883 1597 an
926 1561 1025 1598 male
1071 1562 1250 1598 cessisset
1293 1561 1515 1609 conjugium
1566 1562 1710 1597 nescio.
1788 1559 1876 1597 Hoc

72 1630 148 1656 uno
189 1630 253 1656 ore
297 1631 429 1656 omnes
471 1620 614 1656 conscii
658 1618 849 1668 clamant,
893 1620 1049 1656 minime
1091 1619 1185 1656 mihi
1228 1620 1446 1657 consultum
1480 1631 1565 1656 cum
1597 1619 1669 1655 hac
1705 1629 1875 1667 persona

72 1677 242 1715 futurum
275 1677 408 1725 fuisse,
442 1677 643 1725 multoque
674 1677 800 1714 minus
833 1682 989 1726 propter
1019 1688 1266 1715 numerosam
1299 1685 1335 1715 et
1368 1679 1521 1726 inopem
1553 1676 1750 1714 familiam.

210 1736 371 1773 Famam
414 1737 545 1784 itaque
586 1741 867 1784 praeventurus
916 1740 984 1772 aut
1030 1747 1306 1784 oppressurus,
1354 1738 1484 1773 animo
1524 1737 1620 1772 irato
1665 1735 1873 1784 gynaeceis

73 1805 197 1843 eoque
229 1805 305 1831 non
338 1794 436 1832 bene
469 1794 681 1837 defaecato,
716 1793 765 1831 ad
798 1793 1006 1842 populares
1037 1805 1121 1831 sum
1155 1805 1376 1842 conversus,
1410 1796 1447 1830 in
1481 1793 1722 1831 nobilitatem
1747 1798 1874 1830 tamen

72 1854 233 1890 transire
265 1852 507 1899 meditantes,
542 1865 561 1890 e
585 1853 726 1900 quibus
759 1863 876 1888 suasu
910 1852 1023 1889 amici
1056 1852 1259 1901 cujusdam
1292 1858 1471 1890 octavam
1504 1851 1613 1899 elegi.
1672 1850 1763 1888 Jam
1796 1856 1876 1887 tum

73 1913 173 1949 enim
211 1912 353 1959 patuit,
397 1909 613 1949 exuendam
647 1923 693 1948 ex
725 1910 854 1947 animo
894 1909 967 1947 hac
1009 1911 1093 1948 viee
1132 1911 1453 1957 misericordiam,
1499 1910 1641 1958 proprii
1684 1909 1875 1945 commodi

72 1970 259 2007 rationem
292 1970 330 2006 in
363 1969 551 2007 electione
585 1969 761 2016 conjugis
793 1968 1013 2005 habendam
1046 1980 1141 2006 esse.
1183 1961 1258 2006 Hic
1290 1970 1327 2005 in
1360 1969 1630 2006 aestimatione
1662 1972 1742 2004 erat
1764 1966 1873 2004 locus

71 2039 180 2065 meus
213 2033 251 2065 et
282 2027 478 2075 conditi03
511 2028 632 2064 forma
656 2029 690 2062 iu
716 2026 782 2063 illa
805 2038 879 2063 non
904 2026 1018 2064 valde
1041 2026 1395 2074 commendabatur,
1430 2032 1552 2063 mater
1579 2031 1706 2062 tamen
1730 2024 1875 2062 hones-

72 2087 240 2133 tissima,
285 2097 356 2134 ope
395 2085 553 2134 frugalis
593 2085 854 2131 educationis,
899 2084 1063 2122 modesti
1106 2097 1229 2122 mores
1274 2087 1371 2122 inter
1410 2089 1619 2133 augmenta
1661 2083 1871 2120 enitebant.

72 2142 165 2182 Ulta
197 2149 256 2181 est
285 2144 439 2181 fortuna
470 2155 596 2180 meum
629 2144 799 2180 animum
832 2148 888 2180 tot
920 2142 1205 2180 dubitationum
1238 2143 1420 2180 fluctibus
1461 2144 1696 2191 inquietum,
1740 2140 1874 2189 objec-

72 2207 152 2239 tum
184 2213 373 2251 personae
405 2213 529 2250 aeque
562 2203 830 2241 inconstantis.
880 2201 996 2237 Initio
1030 2203 1184 2238 omnino
1220 2201 1377 2238 volebat
1408 2202 1494 2249 ipsa
1528 2206 1563 2238 et
1587 2199 1742 2248 cognati
1774 2198 1870 2247 ejus,

72 2272 160 2297 mox
193 2260 311 2298 vellet
342 2272 390 2298 an
424 2260 565 2307 nollet,
608 2270 684 2296 non
718 2270 789 2308 ego
821 2263 990 2306 tantum,
1031 2259 1098 2296 sed
1138 2261 1223 2308 ipsa
1265 2261 1380 2297 etiam
1418 2259 1634 2305 ignorabat.
1697 2257 1872 2293 Accessit

71 2319 269 2367 religionis
302 2319 479 2364 infamia,
525 2329 624 2367 quae
665 2319 834 2354 animum
874 2318 994 2365 ipsius
1036 2317 1228 2355 labentem
1270 2317 1434 2366 impulit.
1496 2317 1591 2353 Post
1625 2316 1871 2364 interpositos

71 2377 223 2425 aliquot
255 2376 336 2414 dIes
369 2379 582 2425 composito
615 2375 791 2412 nonnihil
823 2374 1021 2423 religionis
1065 2376 1222 2424 negotio
1260 2377 1424 2424 repetita
1455 2375 1659 2424 promissio
1693 2379 1729 2410 et
1761 2372 1872 2409 deni-

72 2447 146 2484 que
178 2435 402 2473 confirmata
425 2436 549 2482 tertio,
583 2434 692 2482 cujus
716 2433 869 2482 quidem
893 2433 1192 2471 confirmationis
1215 2435 1315 2471 intra
1339 2433 1586 2482 quatriduum
1607 2431 1710 2468 illam
1733 2431 1870 2478 poeni-

72 2495 146 2530 tuit
178 2504 302 2542 eoque
336 2493 542 2542 deprecata
574 2498 631 2530 est
664 2493 985 2540 exequutionem:
1017 2497 1132 2540 atque
1155 2503 1226 2540 ego
1250 2491 1368 2537 illam,
1403 2492 1581 2528 omnibus
1605 2488 1871 2533 suadentibus,

72 2552 234 2590 deserui.
296 2551 474 2588 Morbido
508 2550 663 2600 quidem
695 2551 822 2587 animo
855 2549 903 2586 ad
935 2549 1034 2587 hanc
1065 2551 1291 2599 petitionem
1333 2550 1501 2596 accessi,
1535 2547 1629 2584 nihil
1663 2552 1789 2583 tamen
1823 2556 1869 2581 ex

72 2610 206 2647 morbo
238 2615 441 2658 peccatum
472 2611 508 2645 in
540 2609 740 2657 principio,
775 2609 987 2656 pertinacia
1020 2620 1060 2645 se
1092 2619 1274 2645 successu
1308 2608 1491 2655 temporis
1523 2605 1678 2643 miscuit
1698 2616 1743 2640 ex
1767 2607 1870 2639 metu

70 2679 277 2715 rumorum,
311 2669 341 2704 si
374 2666 588 2704 desererem
618 2667 839 2714 negotium,
873 2665 961 2703 hinc
983 2665 1144 2702 multum
1176 2667 1358 2714 temporis
1381 2664 1583 2713 perditum,
1617 2668 1691 2699 tres
1723 2661 1871 2698 scilicet

71 2737 236 2764 menses.
301 2725 406 2762 Finis
450 2736 543 2762 vero
584 2726 675 2771 quin
716 2725 838 2760 bonus
878 2724 928 2760 sit
969 2729 1143 2770 secutuS,
1187 2723 1248 2760 vel
1291 2725 1375 2771 ipsa
1415 2722 1569 2770 puellae
1612 2719 1871 2756 inconstantia

73 2789 248 2822 testatur.
311 2783 503 2820 Dubitant
544 2787 692 2828 tamen,
735 2782 800 2829 qui
839 2780 944 2818 illam
983 2786 1142 2828 norunt,
1189 2781 1287 2818 bene
1333 2792 1381 2817 an
1421 2779 1523 2817 male
1566 2789 1716 2816 cessum
1755 2776 1870 2813 fuerit

72 2842 371 2880 matrimonium.

212 2899 287 2937 Hic
319 2898 475 2937 tandem
509 2908 580 2946 ego
614 2896 779 2942 cautior,
818 2895 969 2943 reliqua
1001 2895 1222 2944 (supersunt
1254 2895 1355 2932 enim
1396 2898 1472 2932 tres
1514 2892 1635 2940 aliae)
1676 2892 1748 2929 sub
1781 2890 1869 2929 velo

72 2959 254 3005 tractavi,
298 2956 400 3007 quod
439 2967 540 2993 nune
583 2954 737 2992 demum
776 2953 922 2990 Illustri
962 2952 1223 2991 Generositati
1268 2951 1377 2989 Tuae
1422 2951 1573 2999 detego.
1635 2950 1732 2987 Nam
1775 2961 1869 2986 usus

72 3023 275 3068 praetextu
308 3021 492 3061 octavae,
537 3014 647 3062 quasi
689 3011 794 3048 illam
826 3022 1073 3059 nequaquam
1107 3011 1317 3059 cogitarem
1350 3010 1513 3046 missam
1545 3008 1681 3054 facere,
1714 3011 1869 3045 secutus

75 3076 270 3122 ordinem,
309 3085 385 3123 quo
419 3077 526 3111 erant
557 3071 649 3108 mihi
681 3074 769 3119 post
799 3075 948 3107 sextam
981 3068 1292 3115 commendatae,
1336 3079 1421 3104 cum
1454 3079 1547 3113 una,
1581 3078 1697 3114 quam
1728 3076 1870 3102 nonam

77 3145 249 3183 numero,
283 3133 394 3171 tectis
426 3131 555 3169 verbis
587 3129 763 3176 locutus,
796 3128 1041 3177 exspectavi,
1074 3129 1107 3164 si
1139 3128 1308 3175 incauta,
1340 3130 1491 3175 promta
1521 3126 1673 3174 potius,
1716 3125 1869 3174 signum

1518 3189 1595 3226 53*
