2126 3388
277 196 363 241 754
953 191 1037 227 Vita
1061 189 1210 227 Joannis
1235 190 1395 236 Kepleri.

277 326 358 353 rem
387 311 481 351 mihi
512 310 754 361 pollicearis,
797 309 966 348 audiam.
1026 308 1127 348 Nam
1157 308 1230 349 hoc
1260 310 1350 359 iter,
1391 309 1486 348 satis
1517 311 1779 356 sumtuosum,
1821 307 1895 345 nisi
1926 306 2071 357 optima

278 385 348 423 spe
379 382 456 409 non
487 369 656 408 libenter
687 379 942 418 capesserem.

417 427 531 476 Quod
574 428 711 465 attinet
750 427 904 464 veniam
935 424 1195 474 ingrediendi,
1239 436 1325 464 cum
1356 423 1511 463 vocatio
1543 435 1630 462 mea
1668 422 1796 462 aulica
1828 426 1916 461 ante
1948 421 2069 460 resor-

277 487 488 525 mationem
529 484 633 522 illam
677 488 859 534 suscepta
900 487 938 522 et
976 483 1158 521 inchoata
1199 494 1488 531 consensusque
1530 481 1708 520 Caesaris
1749 483 1977 530 impetratus
2008 480 2069 525 sit,

281 556 380 594 quae
412 543 580 592 denique
612 541 837 580 confirmata
867 553 937 580 seu
967 540 1160 579 ratificata
1190 542 1263 579 suit
1293 542 1469 591 penitus,
1511 550 1721 589 persuasus
1753 539 1832 577 fere
1864 550 1972 585 sum,
2005 549 2075 576 ex-

278 604 445 652 spirasse
475 601 582 639 illam
613 601 841 650 eJeetionem
874 603 910 638 et
939 600 1226 648 provinciarum
1257 599 1569 648 prohibitionem,
1602 609 1673 636 nee
1703 609 1788 636 esse
1820 594 2074 635 refricandam

279 661 364 709 eJ‘us
402 660 626 698 memoriam
664 659 852 707 petitione
892 659 1028 695 veniae
1073 657 1326 706 ingrediendi,
1389 656 1466 695 Sed
1509 668 1643 694 verum
1685 660 1762 703 est,
1805 659 1981 693 amantes
2015 654 2075 690 sui

282 720 455 768 ipsorum
494 717 568 767 ipsi
599 717 674 754 sibi
704 716 854 765 fingunt
881 714 1022 756 dulcia.
1083 715 1124 753 Si
1155 715 1395 765 periculosae
1436 718 1525 752 sunt
1557 714 1630 752 hae
1661 725 1771 752 meae
1804 713 2074 762 cogitationes,

283 780 466 826 exspecto
498 774 815 813 admonitionem.

419 833 465 871 In
494 833 687 883 prioribus
717 832 839 870 literis
869 832 1026 879 scribis,
1060 829 1126 868 diu
1158 830 1358 870 delituisse
1390 830 1541 869 lunaria
1571 841 1675 878 mea,
1710 828 1814 878 quod
1843 829 1977 875 miror,
2006 838 2078 864 nec

286 891 426 941 injuria
466 890 615 940 aliquid
653 891 850 940 suspicor;
890 901 984 938 rogo
1024 890 1157 937 itaque
1198 889 1383 938 maj0rcm
1421 890 1459 926 in
1492 889 1668 937 modum,
1710 892 1843 925 utine
1877 887 2076 924 certiorem

284 950 402 989 faciat
432 948 567 999 Magn.
599 948 696 996 Tua,
730 960 778 986 an
811 949 849 985 in
879 947 1004 985 lituris
1037 946 1268 995 quibusdam
1300 952 1486 996 agnoscat
1516 946 1570 983 M.
1603 946 1648 984 T.
1681 957 1807 984 meam
1838 956 2008 982 manum.

423 1006 538 1056 Quod
568 1005 754 1045 haeredes
796 1006 934 1044 attinet
965 1005 1231 1055 Tychonicos‚
1274 1017 1372 1043 unus
1403 1010 1461 1043 est
1496 1006 1615 1042 instar
1647 1005 1817 1042 omnium
1847 1003 2077 1040 Franciseus

285 1065 470 1104 Gansneb
492 1064 688 1114 Tegnagl,
719 1064 843 1103 nobili
875 1074 1013 1112 genere
1043 1062 1297 1112 Westphalus
1330 1068 1367 1102 et
1398 1064 1435 1100 in
1467 1073 1651 1112 praesens
1684 1061 1898 1100 Caesareae
1929 1059 2079 1108 Majes-

284 1125 376 1162 tatis
408 1124 581 1161 minister
612 1122 774 1161 aulicus.
823 1121 1124 1159 Mathematicus
1157 1122 1257 1159 enim
1287 1132 1365 1159 non
1396 1120 1480 1158 vult
1511 1120 1656 1159 audire.
1698 1118 1803 1158 Nihil
1824 1119 1983 1156 honoris
2005 1117 2079 1156 hac

284 1182 480 1220 mentione
517 1180 650 1230 Magn.
684 1180 793 1219 Tuae
822 1181 993 1230 impono.
1055 1178 1156 1217 Volo
1199 1184 1241 1216 ut
1272 1190 1339 1228 pro
1379 1190 1484 1217 mero
1523 1179 1680 1217 arbitrio
1723 1188 1794 1215 suo
1826 1177 1960 1226 Magn.
1992 1175 2079 1214 Tua

285 1244 378 1290 agat
409 1250 495 1277 cum
525 1238 585 1276 his
616 1238 760 1277 tabulis
764 1266 902 1279 .....
954 1237 999 1274 In
1031 1237 1125 1274 meis
1150 1235 1300 1286 Opticis
1331 1236 1488 1275 tandem
1519 1237 1594 1276 Dei
1626 1236 1751 1286 gratia
1778 1235 1826 1273 ad
1857 1234 1971 1272 finem
1991 1245 2081 1282 per-

286 1299 388 1345 veni,
421 1301 612 1346 quatenus
645 1296 780 1334 titulus
811 1300 918 1345 patet
948 1296 1233 1333 Astronomiae
1259 1307 1361 1344 pars
1395 1295 1551 1343 Optica.
1614 1294 1723 1342 Quae
1754 1293 1957 1331 additurus
1980 1303 2076 1338 sum,

284 1367 398 1394 usum
429 1357 468 1392 in
500 1354 739 1404 exquirenda
769 1366 862 1393 vera
891 1357 1065 1391 motuum
1097 1353 1291 1391 lunarium
1329 1353 1539 1403 hypothesi
1570 1353 1820 1402 patefacient.
1881 1350 1956 1388 Illa
1988 1360 2080 1388 vero

284 1418 374 1451 sunt
394 1425 484 1462 pars
505 1424 648 1462 magna
668 1412 929 1451 astronomiae
958 1412 1234 1460 geometricae,
1262 1423 1399 1460 nempe
1430 1411 1498 1451 lib.
1521 1411 1591 1459 IV,
1619 1410 1664 1458 V,
1687 1410 1755 1450 VI.
1787 1408 1924 1459 Operis
1947 1408 2081 1457 Magni

284 1471 515 1512 Ptolemaei.
577 1470 669 1509 Jam
708 1476 745 1509 et
788 1470 835 1509 de
867 1469 1137 1508 occasionibus
1178 1468 1317 1507 edendi
1360 1474 1397 1507 ct
1429 1469 1475 1507 de
1506 1468 1771 1518 extorquendo
1811 1467 1954 1505 salario
1993 1476 2079 1503 meo

286 1531 416 1578 cogito
448 1531 564 1578 inque
595 1528 655 1567 his
686 1540 772 1568 sum
804 1532 1029 1578 occupatus.
1070 1527 1115 1565 In
1147 1527 1297 1566 theoria
1317 1527 1455 1566 Martis
1477 1531 1605 1567 cetera
1625 1531 1715 1566 sunt
1736 1525 1928 1576 expedita,
1961 1524 2082 1564 verba

288 1587 418 1627 adhuc
449 1587 600 1626 desunt.

422 1645 523 1686 Vale
553 1644 687 1694 Magn.
718 1643 791 1682 Vir
820 1647 858 1682 et
888 1655 949 1682 me
980 1652 1110 1684 'amare
1140 1655 1269 1695 perge.

498 1706 535 1743 5.
556 1702 655 1743 Julii
680 1706 803 1742 1603.
835 1701 1000 1752 Pragae.
1558 1701 1691 1750 Magn.
1721 1700 1821 1741 Nob.
1853 1699 1963 1738 Tuae

1610 1758 1914 1797 officiosissimus

1577 1817 1750 1856 Johann
1780 1816 1944 1866 Keplcr.

422 1921 611 1957 Proximae
635 1919 681 1956 ad
703 1919 930 1956 Herwartum
948 1919 1074 1955 literae
1090 1917 1239 1963 Kepleri
1265 1918 1371 1954 datae
1388 1919 1473 1953 sunt
1489 1929 1518 1954 c.
1535 1915 1694 1955 mensem
1712 1918 1957 1964 Septembrem
1975 1915 2080 1961 (Her-

286 1980 388 2017 warti
413 1980 601 2025 responsio
627 1979 672 2014 ad
698 1978 916 2023 praemissas
942 1977 1067 2012 literas
1093 1976 1193 2013 nulla
1219 1978 1356 2019 exstat)
1383 1976 1541 2021 illaeque
1566 1977 1657 2013 haec
1681 1977 1829 2012 habent.

427 2041 635 2089 Magnifice
669 2045 707 2079 et
737 2038 987 2078 Nobilissime
1019 2038 1107 2086 Vir,
1148 2039 1294 2077 Fautor
1334 2037 1507 2077 colende.
1567 2038 1722 2076 Monuit
1759 2050 1819 2076 me
1851 2036 2001 2076 Nobilis
2033 2035 2082 2074 D.

288 2098 430 2138 Matth.
463 2098 663 2138 Wclser
695 2098 866 2136 aerarius
897 2098 1068 2146 imperii,
1101 2101 1144 2134 ut
1174 2096 1249 2135 sibi
1281 2095 1436 2133 domum
1468 2097 1676 2135 revertenti
1707 2096 1904 2135 literarum
1935 2094 2083 2143 aliquid

288 2156 338 2195 ad
381 2156 692 2206 Magnitudinem
731 2155 856 2193 Tuam
899 2154 1219 2193 commendarem.
1291 2153 1621 2192 Humanissimam
1667 2154 1767 2192 hanc
1813 2155 2082 2192 invitationem

287 2215 497 2264 superbum
521 2219 602 2253 erat
623 2218 879 2260 contemnere,
913 2224 1109 2261 quaquam
1130 2212 1226 2250 nihil
1244 2211 1327 2260 jam
1348 2213 1554 2261 scriptione
1587 2211 1744 2261 dignum
1778 2209 1954 2259 occurrit,
1977 2209 2082 2260 quod
2125 2214 2126 2225 ¹

294 2276 415 2310 artem
447 2277 618 2311 nostram
650 2273 825 2310 attineat.
874 2270 935 2308 De
969 2269 1171 2319 Opticis
1204 2281 1380 2319 quaeque
1411 2271 1449 2306 in
1482 2271 1527 2307 iis
1559 2272 1817 2308 astronomica
1837 2274 1958 2309 tracto
1982 2279 2082 2306 non-

293 2330 385 2368 dum
423 2330 622 2380 respondit
653 2330 808 2368 Caesar.
868 2328 1052 2366 Differtur
1092 2327 1223 2366 editio.
1285 2327 1444 2366 Interim
1477 2339 1523 2366 ea
1559 2328 1641 2377 jam
1682 2333 1857 2378 tempora
1888 2329 2082 2376 ingruunt,
2122 2323 2124 2336 ⁴

293 2399 395 2438 quae
427 2393 516 2427 ante
548 2399 692 2425 annum
723 2384 939 2437 providisti.
982 2386 1042 2423 De
1073 2385 1214 2424 salario
1245 2385 1360 2434 hujUs
1393 2387 1495 2434 anni,
1529 2386 1578 2424 ad
1610 2387 1720 2436 cujus
1751 2387 1865 2425 finem
1895 2386 2083 2423 trimestre
2120 2402 2123 2410 ,

291 2450 365 2494 est,
396 2446 492 2484 nihil
524 2445 651 2484 adhuc
683 2446 828 2494 accepi.
867 2443 937 2482 Sat
957 2448 1105 2482 mature
1127 2444 1321 2491 monuisti,
1354 2444 1386 2480 si
1417 2448 1478 2482 sat
1503 2444 1679 2493 expedite
1701 2444 1905 2494 providere
1929 2444 2082 2493 potuis·
2119 2465 2122 2478 r

291 2516 385 2543 sem.
448 2504 591 2542 Totum
620 2503 721 2541 hunc
753 2513 897 2540 annum
926 2501 1021 2539 nihil
1053 2501 1159 2539 aliud
1191 2513 1284 2551 ago,
1316 2502 1390 2539 nisi
1422 2506 1464 2539 ut
1496 2501 1741 2541 difficultates
1773 2503 1867 2541 istas
1897 2500 2082 2541 molliam.
2117 2503 2119 2523 ³

288 2560 459 2601 Uxorem
490 2561 661 2600 nondum
693 2561 842 2609 recepi3
876 2559 1053 2598 Casalius
1084 2559 1149 2597 diu
1172 2558 1332 2597 Graetio
1364 2560 1506 2609 abfuit3
1538 2560 1633 2598 nihil
1665 2573 1750 2599 cum
1782 2572 1827 2600 eo
1861 2571 1953 2599 uxor
1982 2570 2081 2607 mea,

289 2621 364 2658 nisi
395 2619 499 2669 quod
530 2619 580 2658 ad
612 2620 738 2669 ipsum
768 2619 916 2667 scripsi.
978 2617 1138 2656 Summa
1168 2617 1456 2656 deliberationis
1487 2630 1597 2657 meae
1628 2618 1724 2657 haee
1756 2624 1824 2662 est,
1856 2623 1899 2656 ut
1933 2629 1957 2655 a
1985 2617 2085 2655 Cae-

289 2690 376 2716 sare
406 2683 538 2728 pctam
569 2683 637 2716 aut
666 2675 958 2715 translationem
989 2675 1117 2714 salarii
1149 2675 1198 2714 ad
1221 2675 1421 2714 Cameram
1443 2676 1693 2715 Bohemicam
1725 2681 1793 2715 aut
1823 2676 1874 2714 ad
1894 2676 2083 2714 aerarium

290 2736 458 2786 Imperii.
500 2735 603 2773 Illud
636 2734 806 2782 infidum,
836 2733 910 2772 hoc
941 2733 1123 2773 insolens.
1169 2734 1306 2783 Cogito
1340 2738 1377 2772 et
1409 2733 1455 2772 de
1476 2735 1658 2773 missione
1690 2740 1728 2773 et
1750 2733 2083 2773 commendatione

291 2794 340 2832 ad
360 2794 725 2843 Wirtembergicum
756 2791 1009 2841 impetranda,
1043 2804 1131 2830 nam
1164 2793 1201 2828 in
1223 2804 1269 2830 ea
1291 2792 1435 2830 ditione
1467 2792 1560 2829 mihi
1591 2792 1759 2842 paucula
1780 2793 1883 2830 bona
1903 2796 1942 2830 et
1962 2795 2084 2829 mater
2110 2785 2112 2812 ;

291 2856 454 2890 suntet
494 2854 671 2902 princeps
712 2851 911 2890 nutricius,
974 2851 1122 2888 Forsan
1163 2856 1200 2888 et
1242 2850 1381 2888 absens
1418 2850 1572 2889 titulum
1612 2851 1714 2889 hunc
1753 2861 1838 2888 cum
1874 2848 2015 2888 salario
2046 2850 2109 2900 in¹

293 2910 553 2958 profectiones
585 2909 634 2948 ad
666 2909 795 2947 aulam
826 2909 1030 2958 impetrare
1061 2910 1218 2958 possim.
1260 2908 1468 2946 Barwitius
1499 2910 1635 2947 unicus
1665 2908 1758 2946 mihi
1780 2913 1817 2946 et
1848 2907 1950 2946 idem
1982 2907 2084 2956 opti·
2106 2925 2123 2947 Ι.

293 2978 378 3005 mus
408 2972 594 3017 patronus
637 2971 718 3016 est,
759 2966 902 3005 Caesar
940 2967 1055 3005 etiam
1096 2965 1288 3004 interdum
1328 2965 1477 3016 aliquid
1507 2967 1601 3005 mihi
1631 2965 1789 3005 mandat
1827 2964 2121 3022 scribendum,¹¹

297 3035 409 3074 spero
441 3038 502 3064 me
533 3025 669 3063 horum
699 3023 847 3073 aliquid
878 3025 1182 3074 impetraturum.

430 3082 584 3131 Rogavi
616 3088 654 3121 ct
684 3083 734 3119 D.
769 3082 984 3121 Wclserum
1017 3082 1063 3120 de
1096 3080 1274 3128 consilio,
1319 3082 1384 3130 qui
1422 3082 1499 3119 tuis
1542 3081 1874 3121 exhortationibus
1909 3081 2083 3120 fortassis
2116 3123 2117 3126 Ἴ

299 3138 370 3176 erit
399 3138 612 3180 facundior.
674 3139 839 3190 Quaero,
871 3141 904 3178 si
935 3139 1028 3189 quid
1058 3139 1204 3181 alieubi
1234 3143 1370 3188 vacet,
1403 3139 1514 3188 cujus
1544 3139 1690 3179 reditus
1722 3150 1912 3181 summam
1943 3134 2117 3190 aequet]

2103 3046 2104 3057 l

2103 3060 2104 3069 l

2102 3071 2104 3088 l
