<?xml version="1.0" encoding="UTF-8"?>
<!DOCTYPE html PUBLIC "-//W3C//DTD XHTML 1.0 Transitional//EN"
    "http://www.w3.org/TR/xhtml1/DTD/xhtml1-transitional.dtd">
<html xmlns="http://www.w3.org/1999/xhtml" xml:lang="en" lang="en">
 <head>
  <title>
</title>
<meta http-equiv="Content-Type" content="text/html;charset=utf-8" />
  <meta name='ocr-system' content='tesseract 3.04.00' />
  <meta name='ocr-capabilities' content='ocr_page ocr_carea ocr_par ocr_line ocrx_word'/>
</head>
<body>
  <div class='ocr_page' id='page_1' title='image "./p2operaomniaedid08kepluoft_0393.png"; bbox 0 0 2126 3388; ppageno 0'>
   <div class='ocr_carea' id='block_1_1' title="bbox 0 1167 47 3388">
    <p class='ocr_par' dir='ltr' id='par_1_1' title="bbox 0 1167 47 3388">
     <span class='ocr_line' id='line_1_1' title="bbox 0 1167 47 3388; baseline 0 0"><span class='ocrx_word' id='word_1_1' title='bbox 0 1167 47 3388; x_wconf 95' lang='lat' dir='ltr'> </span> 
     </span>
    </p>
   </div>
   <div class='ocr_carea' id='block_1_2' title="bbox 864 194 1959 247">
    <p class='ocr_par' dir='ltr' id='par_1_2' title="bbox 864 194 1959 247">
     <span class='ocr_line' id='line_1_2' title="bbox 864 194 1959 247; baseline 0.002 -10"><span class='ocrx_word' id='word_1_2' title='bbox 864 200 919 237; x_wconf 79' lang='lat' dir='ltr'>De</span> <span class='ocrx_word' id='word_1_3' title='bbox 944 201 1094 247; x_wconf 75' lang='lat' dir='ltr'>Kepleri</span> <span class='ocrx_word' id='word_1_4' title='bbox 1118 200 1266 237; x_wconf 72' lang='lat' dir='ltr'>familia.</span> <span class='ocrx_word' id='word_1_5' title='bbox 1878 194 1959 240; x_wconf 74' lang='lat'>939</span> 
     </span>
    </p>
   </div>
   <div class='ocr_carea' id='block_1_3' title="bbox 158 319 1966 2880">
    <p class='ocr_par' dir='ltr' id='par_1_3' title="bbox 162 319 1964 827">
     <span class='ocr_line' id='line_1_3' title="bbox 170 319 1963 372; baseline -0.004 -11"><span class='ocrx_word' id='word_1_6' title='bbox 170 322 286 369; x_wconf 79' lang='lat' dir='ltr'>ierus,</span> <span class='ocrx_word' id='word_1_7' title='bbox 322 333 407 360; x_wconf 89' lang='lat' dir='ltr'>cum</span> <span class='ocrx_word' id='word_1_8' title='bbox 440 323 610 361; x_wconf 78' lang='lat' dir='ltr'>maxima</span> <span class='ocrx_word' id='word_1_9' title='bbox 642 324 759 361; x_wconf 89' lang='lat' dir='ltr'>animi</span> <span class='ocrx_word' id='word_1_10' title='bbox 791 323 1029 372; x_wconf 83' lang='lat' dir='ltr'>benignitate</span> <span class='ocrx_word' id='word_1_11' title='bbox 1061 328 1097 360; x_wconf 90' lang='lat' dir='ltr'>et</span> <span class='ocrx_word' id='word_1_12' title='bbox 1124 323 1254 371; x_wconf 86' lang='lat' dir='ltr'>justus</span> <span class='ocrx_word' id='word_1_13' title='bbox 1286 325 1388 359; x_wconf 79' lang='lat' dir='ltr'>esset</span> <span class='ocrx_word' id='word_1_14' title='bbox 1420 320 1595 369; x_wconf 78' lang='lat' dir='ltr'>conjugis</span> <span class='ocrx_word' id='word_1_15' title='bbox 1629 319 1811 356; x_wconf 80' lang='lat' dir='ltr'>virtutum</span> <span class='ocrx_word' id='word_1_16' title='bbox 1844 319 1963 356; x_wconf 88' lang='lat' dir='ltr'>aesti-</span> 
     </span>
     <span class='ocr_line' id='line_1_4' title="bbox 165 377 1963 430; baseline -0.002 -12"><span class='ocrx_word' id='word_1_17' title='bbox 165 386 309 427; x_wconf 88' lang='lat' dir='ltr'>mator,</span> <span class='ocrx_word' id='word_1_18' title='bbox 354 381 438 430; x_wconf 87' lang='lat' dir='ltr'>ejus</span> <span class='ocrx_word' id='word_1_19' title='bbox 470 383 633 430; x_wconf 84' lang='lat' dir='ltr'><strong>gratiam</strong></span> <span class='ocrx_word' id='word_1_20' title='bbox 665 383 737 419; x_wconf 84' lang='lat' dir='ltr'>sibi</span> <span class='ocrx_word' id='word_1_21' title='bbox 770 381 1044 419; x_wconf 88' lang='lat' dir='ltr'>reconciliandi</span> <span class='ocrx_word' id='word_1_22' title='bbox 1085 393 1201 418; x_wconf 87' lang='lat' dir='ltr'>causa</span> <span class='ocrx_word' id='word_1_23' title='bbox 1242 379 1428 429; x_wconf 83' lang='lat' dir='ltr'>quidquid</span> <span class='ocrx_word' id='word_1_24' title='bbox 1469 383 1700 428; x_wconf 78' lang='lat' dir='ltr'>peceaverat</span> <span class='ocrx_word' id='word_1_25' title='bbox 1739 388 1784 414; x_wconf 91' lang='lat' dir='ltr'>eo</span> <span class='ocrx_word' id='word_1_26' title='bbox 1816 377 1963 426; x_wconf 83' lang='lat' dir='ltr'>majore</span> 
     </span>
     <span class='ocr_line' id='line_1_5' title="bbox 165 436 1963 488; baseline -0.004 -10"><span class='ocrx_word' id='word_1_27' title='bbox 165 440 406 488; x_wconf 82' lang='lat' dir='ltr'>benignitate</span> <span class='ocrx_word' id='word_1_28' title='bbox 449 444 605 477; x_wconf 86' lang='lat' dir='ltr'>sanaret</span> <span class='ocrx_word' id='word_1_29' title='bbox 646 446 682 477; x_wconf 91' lang='lat' dir='ltr'>et</span> <span class='ocrx_word' id='word_1_30' title='bbox 713 441 952 487; x_wconf 87' lang='lat' dir='ltr'>restitueret,</span> <span class='ocrx_word' id='word_1_31' title='bbox 995 446 1122 477; x_wconf 88' lang='lat' dir='ltr'>tamen</span> <span class='ocrx_word' id='word_1_32' title='bbox 1164 451 1264 488; x_wconf 55' lang='lat' dir='ltr'>(luae</span> <span class='ocrx_word' id='word_1_33' title='bbox 1306 438 1459 475; x_wconf 89' lang='lat' dir='ltr'>mollior</span> <span class='ocrx_word' id='word_1_34' title='bbox 1499 443 1535 474; x_wconf 88' lang='lat' dir='ltr'>et</span> <span class='ocrx_word' id='word_1_35' title='bbox 1568 436 1768 473; x_wconf 83' lang='lat' dir='ltr'>offensioni</span> <span class='ocrx_word' id='word_1_36' title='bbox 1807 436 1963 483; x_wconf 88' lang='lat' dir='ltr'>pronior</span> 
     </span>
     <span class='ocr_line' id='line_1_6' title="bbox 165 493 1961 548; baseline -0.003 -12"><span class='ocrx_word' id='word_1_37' title='bbox 165 503 267 536; x_wconf 88' lang='lat' dir='ltr'>esset</span> <span class='ocrx_word' id='word_1_38' title='bbox 297 497 434 535; x_wconf 90' lang='lat' dir='ltr'>mulier</span> <span class='ocrx_word' id='word_1_39' title='bbox 466 503 710 547; x_wconf 90' lang='lat' dir='ltr'>acceptarum</span> <span class='ocrx_word' id='word_1_40' title='bbox 750 498 1092 548; x_wconf 81' lang='lat' dir='ltr'>reprehensionum</span> <span class='ocrx_word' id='word_1_41' title='bbox 1131 498 1354 535; x_wconf 79' lang='lat' dir='ltr'>memoriam</span> <span class='ocrx_word' id='word_1_42' title='bbox 1393 507 1468 533; x_wconf 90' lang='grc'><strong>11011</strong></span> <span class='ocrx_word' id='word_1_43' title='bbox 1502 500 1579 532; x_wconf 90' lang='lat' dir='ltr'>tam</span> <span class='ocrx_word' id='word_1_44' title='bbox 1617 494 1729 532; x_wconf 81' lang='lat' dir='ltr'>facile</span> <span class='ocrx_word' id='word_1_45' title='bbox 1772 493 1961 543; x_wconf 83' lang='lat' dir='ltr'>deponere</span> 
     </span>
     <span class='ocr_line' id='line_1_7' title="bbox 163 552 1960 606; baseline -0.003 -13"><span class='ocrx_word' id='word_1_46' title='bbox 163 557 291 606; x_wconf 90' lang='lat' dir='ltr'>potuit</span> <span class='ocrx_word' id='word_1_47' title='bbox 322 567 440 604; x_wconf 87' lang='lat' dir='ltr'>quam</span> <span class='ocrx_word' id='word_1_48' title='bbox 472 557 597 593; x_wconf 89' lang='lat' dir='ltr'>mariti</span> <span class='ocrx_word' id='word_1_49' title='bbox 629 557 827 605; x_wconf 81' lang='lat' dir='ltr'>ingenium</span> <span class='ocrx_word' id='word_1_50' title='bbox 859 556 1064 606; x_wconf 84' lang='lat' dir='ltr'>placabile.</span> <span class='ocrx_word' id='word_1_51' title='bbox 1113 555 1223 605; x_wconf 86' lang='lat' dir='ltr'>Quae</span> <span class='ocrx_word' id='word_1_52' title='bbox 1247 555 1509 593; x_wconf 85' lang='lat' dir='ltr'>dissensiones</span> <span class='ocrx_word' id='word_1_53' title='bbox 1541 558 1579 590; x_wconf 94' lang='lat' dir='ltr'>et</span> <span class='ocrx_word' id='word_1_54' title='bbox 1610 552 1770 590; x_wconf 86' lang='lat' dir='ltr'>dissidia</span> <span class='ocrx_word' id='word_1_55' title='bbox 1801 557 1839 589; x_wconf 91' lang='lat' dir='ltr'>et</span> <span class='ocrx_word' id='word_1_56' title='bbox 1861 557 1960 589; x_wconf 82' lang='lat' dir='ltr'>tem-</span> 
     </span>
     <span class='ocr_line' id='line_1_8' title="bbox 163 610 1960 664; baseline -0.002 -13"><span class='ocrx_word' id='word_1_57' title='bbox 163 626 256 664; x_wconf 86' lang='lat' dir='ltr'>pore</span> <span class='ocrx_word' id='word_1_58' title='bbox 289 613 522 663; x_wconf 87' lang='lat' dir='ltr'>procedente</span> <span class='ocrx_word' id='word_1_59' title='bbox 555 620 593 653; x_wconf 91' lang='lat' dir='ltr'>et</span> <span class='ocrx_word' id='word_1_60' title='bbox 623 615 770 663; x_wconf 89' lang='lat' dir='ltr'>majore</span> <span class='ocrx_word' id='word_1_61' title='bbox 803 617 840 651; x_wconf 90' lang='lat' dir='ltr'>in</span> <span class='ocrx_word' id='word_1_62' title='bbox 875 615 955 653; x_wconf 89' lang='lat' dir='ltr'>dies</span> <span class='ocrx_word' id='word_1_63' title='bbox 987 617 1117 653; x_wconf 81' lang='lat' dir='ltr'>uxoris</span> <span class='ocrx_word' id='word_1_64' title='bbox 1150 615 1416 662; x_wconf 80' lang='lat' dir='ltr'>aegrotatione</span> <span class='ocrx_word' id='word_1_65' title='bbox 1448 617 1559 649; x_wconf 77' lang='lat' dir='ltr'>aucta</span> <span class='ocrx_word' id='word_1_66' title='bbox 1593 617 1691 658; x_wconf 84' lang='lat' dir='ltr'>sunt,</span> <span class='ocrx_word' id='word_1_67' title='bbox 1725 610 1818 649; x_wconf 87' lang='lat' dir='ltr'>dum</span> <span class='ocrx_word' id='word_1_68' title='bbox 1849 610 1960 659; x_wconf 85' lang='lat' dir='ltr'>Kep-</span> 
     </span>
     <span class='ocr_line' id='line_1_9' title="bbox 163 673 1964 721; baseline -0.003 -11"><span class='ocrx_word' id='word_1_69' title='bbox 163 673 265 710; x_wconf 88' lang='lat' dir='ltr'>lerus</span> <span class='ocrx_word' id='word_1_70' title='bbox 296 673 379 721; x_wconf 89' lang='lat' dir='ltr'>ipse</span> <span class='ocrx_word' id='word_1_71' title='bbox 423 674 538 710; x_wconf 88' lang='lat' dir='ltr'>etiam</span> <span class='ocrx_word' id='word_1_72' title='bbox 578 673 791 721; x_wconf 76' lang='lat' dir='ltr'>majoribus</span> <span class='ocrx_word' id='word_1_73' title='bbox 823 674 1087 712; x_wconf 82' lang='lat' dir='ltr'>minoribusve</span> <span class='ocrx_word' id='word_1_74' title='bbox 1119 673 1263 710; x_wconf 81' lang='lat' dir='ltr'>morbis</span> <span class='ocrx_word' id='word_1_75' title='bbox 1306 678 1528 716; x_wconf 81' lang='lat' dir='ltr'>vexaretur,</span> <span class='ocrx_word' id='word_1_76' title='bbox 1576 681 1658 706; x_wconf 90' lang='lat' dir='ltr'>eam</span> <span class='ocrx_word' id='word_1_77' title='bbox 1701 680 1776 705; x_wconf 91' lang='lat' dir='ltr'>non</span> <span class='ocrx_word' id='word_1_78' title='bbox 1814 680 1964 717; x_wconf 87' lang='lat' dir='ltr'>semper</span> 
     </span>
     <span class='ocr_line' id='line_1_10' title="bbox 165 727 1961 781; baseline -0.002 -13"><span class='ocrx_word' id='word_1_79' title='bbox 165 742 280 779; x_wconf 87' lang='lat' dir='ltr'>quam</span> <span class='ocrx_word' id='word_1_80' title='bbox 313 730 538 769; x_wconf 85' lang='lat' dir='ltr'>valetudine</span> <span class='ocrx_word' id='word_1_81' title='bbox 571 743 667 769; x_wconf 85' lang='lat' dir='ltr'>sana</span> <span class='ocrx_word' id='word_1_82' title='bbox 698 731 858 770; x_wconf 87' lang='lat' dir='ltr'>haberet</span> <span class='ocrx_word' id='word_1_83' title='bbox 889 733 1005 770; x_wconf 86' lang='lat' dir='ltr'>animi</span> <span class='ocrx_word' id='word_1_84' title='bbox 1039 732 1267 781; x_wconf 88' lang='lat' dir='ltr'>patientiam</span> <span class='ocrx_word' id='word_1_85' title='bbox 1299 737 1334 768; x_wconf 87' lang='lat' dir='ltr'>et</span> <span class='ocrx_word' id='word_1_86' title='bbox 1368 727 1686 778; x_wconf 75' lang='lat' dir='ltr'>tranquillitatem</span> <span class='ocrx_word' id='word_1_87' title='bbox 1710 738 1961 765; x_wconf 87' lang='lat' dir='ltr'>conservasse</span> 
     </span>
     <span class='ocr_line' id='line_1_11' title="bbox 162 789 588 827; baseline 0 -1"><span class='ocrx_word' id='word_1_88' title='bbox 162 800 239 827; x_wconf 89' lang='lat' dir='ltr'>non</span> <span class='ocrx_word' id='word_1_89' title='bbox 270 795 329 827; x_wconf 90' lang='lat' dir='ltr'>est</span> <span class='ocrx_word' id='word_1_90' title='bbox 360 789 588 826; x_wconf 90' lang='lat' dir='ltr'>mirandum.</span> 
     </span>
    </p>

    <p class='ocr_par' dir='ltr' id='par_1_4' title="bbox 163 844 1966 1540">
     <span class='ocr_line' id='line_1_12' title="bbox 304 844 1963 897; baseline -0.002 -13"><span class='ocrx_word' id='word_1_91' title='bbox 304 846 389 895; x_wconf 83' lang='lat' dir='ltr'>Quo</span> <span class='ocrx_word' id='word_1_92' title='bbox 422 848 566 885; x_wconf 88' lang='lat' dir='ltr'>factum</span> <span class='ocrx_word' id='word_1_93' title='bbox 600 852 659 885; x_wconf 87' lang='lat' dir='ltr'>est</span> <span class='ocrx_word' id='word_1_94' title='bbox 690 852 731 885; x_wconf 87' lang='lat' dir='ltr'>ut</span> <span class='ocrx_word' id='word_1_95' title='bbox 762 847 921 897; x_wconf 86' lang='lat' dir='ltr'>Keplcri</span> <span class='ocrx_word' id='word_1_96' title='bbox 953 859 1012 885; x_wconf 89' lang='lat' dir='ltr'>res</span> <span class='ocrx_word' id='word_1_97' title='bbox 1046 847 1281 885; x_wconf 80' lang='lat' dir='ltr'>domesticae</span> <span class='ocrx_word' id='word_1_98' title='bbox 1321 846 1482 894; x_wconf 82' lang='lat' dir='ltr'>ejusque</span> <span class='ocrx_word' id='word_1_99' title='bbox 1527 856 1611 882; x_wconf 90' lang='lat' dir='ltr'>cum</span> <span class='ocrx_word' id='word_1_100' title='bbox 1653 844 1816 893; x_wconf 83' lang='lat' dir='ltr'>conjuge</span> <span class='ocrx_word' id='word_1_101' title='bbox 1856 855 1963 881; x_wconf 78' lang='lat' dir='ltr'>com-</span> 
     </span>
     <span class='ocr_line' id='line_1_13' title="bbox 164 903 1962 955; baseline -0.003 -12"><span class='ocrx_word' id='word_1_102' title='bbox 164 906 347 944; x_wconf 85' lang='lat' dir='ltr'>mercium</span> <span class='ocrx_word' id='word_1_103' title='bbox 381 907 537 955; x_wconf 86' lang='lat' dir='ltr'>saepius</span> <span class='ocrx_word' id='word_1_104' title='bbox 571 906 837 955; x_wconf 83' lang='lat' dir='ltr'>turbarentur3</span> <span class='ocrx_word' id='word_1_105' title='bbox 872 907 1028 944; x_wconf 90' lang='lat' dir='ltr'>omnino</span> <span class='ocrx_word' id='word_1_106' title='bbox 1060 911 1188 943; x_wconf 87' lang='lat' dir='ltr'>autem</span> <span class='ocrx_word' id='word_1_107' title='bbox 1221 906 1380 943; x_wconf 86' lang='lat' dir='ltr'>maritus</span> <span class='ocrx_word' id='word_1_108' title='bbox 1412 904 1561 949; x_wconf 86' lang='lat' dir='ltr'>uxoris,</span> <span class='ocrx_word' id='word_1_109' title='bbox 1597 914 1692 940; x_wconf 84' lang='lat' dir='ltr'>uxor</span> <span class='ocrx_word' id='word_1_110' title='bbox 1723 903 1850 940; x_wconf 80' lang='lat' dir='ltr'>mariti</span> <span class='ocrx_word' id='word_1_111' title='bbox 1885 903 1962 938; x_wconf 91' lang='lat' dir='ltr'>vir-</span> 
     </span>
     <span class='ocr_line' id='line_1_14' title="bbox 164 960 1961 1015; baseline -0.002 -14"><span class='ocrx_word' id='word_1_112' title='bbox 164 970 286 1002; x_wconf 90' lang='lat' dir='ltr'>tutem</span> <span class='ocrx_word' id='word_1_113' title='bbox 318 969 356 1001; x_wconf 89' lang='lat' dir='ltr'>et</span> <span class='ocrx_word' id='word_1_114' title='bbox 387 965 530 1002; x_wconf 87' lang='lat' dir='ltr'>bonum</span> <span class='ocrx_word' id='word_1_115' title='bbox 564 965 733 1002; x_wconf 87' lang='lat' dir='ltr'>animum</span> <span class='ocrx_word' id='word_1_116' title='bbox 766 965 1062 1015; x_wconf 83' lang='lat' dir='ltr'>comprobantes</span> <span class='ocrx_word' id='word_1_117' title='bbox 1096 966 1213 1001; x_wconf 89' lang='lat' dir='ltr'>vitam</span> <span class='ocrx_word' id='word_1_118' title='bbox 1236 963 1560 1013; x_wconf 81' lang='lat' dir='ltr'>simplicissimam</span> <span class='ocrx_word' id='word_1_119' title='bbox 1585 972 1706 1009; x_wconf 87' lang='lat' dir='ltr'>usque</span> <span class='ocrx_word' id='word_1_120' title='bbox 1739 960 1787 998; x_wconf 84' lang='lat' dir='ltr'>ad</span> <span class='ocrx_word' id='word_1_121' title='bbox 1820 972 1961 997; x_wconf 87' lang='lat' dir='ltr'>annum</span> 
     </span>
     <span class='ocr_line' id='line_1_15' title="bbox 167 1019 1960 1072; baseline -0.004 -11"><span class='ocrx_word' id='word_1_122' title='bbox 167 1027 272 1061; x_wconf 87' lang='grc'><strong>1611</strong></span> <span class='ocrx_word' id='word_1_123' title='bbox 308 1033 458 1060; x_wconf 86' lang='lat' dir='ltr'>summa</span> <span class='ocrx_word' id='word_1_124' title='bbox 503 1022 708 1061; x_wconf 87' lang='lat' dir='ltr'>concordia</span> <span class='ocrx_word' id='word_1_125' title='bbox 749 1028 971 1072; x_wconf 80' lang='lat' dir='ltr'>exegerunt.</span> <span class='ocrx_word' id='word_1_126' title='bbox 1035 1022 1120 1070; x_wconf 85' lang='lat' dir='ltr'>Quo</span> <span class='ocrx_word' id='word_1_127' title='bbox 1155 1028 1326 1072; x_wconf 89' lang='lat' dir='ltr'>tempore</span> <span class='ocrx_word' id='word_1_128' title='bbox 1359 1020 1516 1070; x_wconf 76' lang='lat' dir='ltr'>Kepleri</span> <span class='ocrx_word' id='word_1_129' title='bbox 1558 1031 1653 1057; x_wconf 86' lang='lat' dir='ltr'>uxor</span> <span class='ocrx_word' id='word_1_130' title='bbox 1696 1019 1828 1056; x_wconf 87' lang='lat' dir='ltr'>morbo</span> <span class='ocrx_word' id='word_1_131' title='bbox 1870 1030 1960 1067; x_wconf 77' lang='lat' dir='ltr'>gra-</span> 
     </span>
     <span class='ocr_line' id='line_1_16' title="bbox 164 1078 1961 1128; baseline -0.003 -9"><span class='ocrx_word' id='word_1_132' title='bbox 164 1083 272 1119; x_wconf 84' lang='lat' dir='ltr'>viore</span> <span class='ocrx_word' id='word_1_133' title='bbox 304 1080 431 1128; x_wconf 90' lang='lat' dir='ltr'>simul,</span> <span class='ocrx_word' id='word_1_134' title='bbox 465 1081 579 1119; x_wconf 85' lang='lat' dir='ltr'>simul</span> <span class='ocrx_word' id='word_1_135' title='bbox 611 1083 754 1119; x_wconf 83' lang='lat' dir='ltr'>amisso</span> <span class='ocrx_word' id='word_1_136' title='bbox 787 1083 987 1119; x_wconf 88' lang='lat' dir='ltr'>carissimo</span> <span class='ocrx_word' id='word_1_137' title='bbox 1020 1081 1163 1118; x_wconf 83' lang='lat' dir='ltr'>infante</span> <span class='ocrx_word' id='word_1_138' title='bbox 1196 1091 1431 1128; x_wconf 75' lang='lat' dir='ltr'>magnopere</span> <span class='ocrx_word' id='word_1_139' title='bbox 1455 1084 1645 1117; x_wconf 85' lang='lat' dir='ltr'>commota</span> <span class='ocrx_word' id='word_1_140' title='bbox 1669 1082 1704 1115; x_wconf 86' lang='lat' dir='ltr'>et</span> <span class='ocrx_word' id='word_1_141' title='bbox 1728 1078 1869 1115; x_wconf 88' lang='lat' dir='ltr'>asssicta</span> <span class='ocrx_word' id='word_1_142' title='bbox 1892 1081 1961 1113; x_wconf 90' lang='lat' dir='ltr'>est.</span> 
     </span>
     <span class='ocr_line' id='line_1_17' title="bbox 163 1134 1962 1189; baseline -0.003 -12"><span class='ocrx_word' id='word_1_143' title='bbox 163 1139 252 1178; x_wconf 90' lang='lat' dir='ltr'>Huc</span> <span class='ocrx_word' id='word_1_144' title='bbox 284 1139 435 1177; x_wconf 87' lang='lat' dir='ltr'>accedit</span> <span class='ocrx_word' id='word_1_145' title='bbox 467 1139 571 1189; x_wconf 86' lang='lat' dir='ltr'>quod</span> <span class='ocrx_word' id='word_1_146' title='bbox 605 1139 925 1187; x_wconf 84' lang='lat' dir='ltr'>dissensionibus,</span> <span class='ocrx_word' id='word_1_147' title='bbox 959 1151 1058 1189; x_wconf 85' lang='lat' dir='ltr'>quae</span> <span class='ocrx_word' id='word_1_148' title='bbox 1090 1141 1189 1177; x_wconf 88' lang='lat' dir='ltr'>inter</span> <span class='ocrx_word' id='word_1_149' title='bbox 1215 1138 1464 1187; x_wconf 79' lang='lat' dir='ltr'>Rudolplium</span> <span class='ocrx_word' id='word_1_150' title='bbox 1495 1138 1764 1185; x_wconf 78' lang='lat' dir='ltr'>imperatorem</span> <span class='ocrx_word' id='word_1_151' title='bbox 1797 1140 1834 1173; x_wconf 88' lang='lat' dir='ltr'>et</span> <span class='ocrx_word' id='word_1_152' title='bbox 1855 1134 1962 1172; x_wconf 91' lang='lat' dir='ltr'>Mat-</span> 
     </span>
     <span class='ocr_line' id='line_1_18' title="bbox 163 1194 1960 1246; baseline -0.003 -10"><span class='ocrx_word' id='word_1_153' title='bbox 163 1198 285 1236; x_wconf 88' lang='lat' dir='ltr'>thiam</span> <span class='ocrx_word' id='word_1_154' title='bbox 318 1198 473 1235; x_wconf 82' lang='lat' dir='ltr'>fratrem</span> <span class='ocrx_word' id='word_1_155' title='bbox 506 1204 654 1245; x_wconf 88' lang='lat' dir='ltr'>essent,</span> <span class='ocrx_word' id='word_1_156' title='bbox 696 1203 732 1235; x_wconf 91' lang='lat' dir='ltr'>et</span> <span class='ocrx_word' id='word_1_157' title='bbox 765 1198 907 1236; x_wconf 87' lang='lat' dir='ltr'>salario</span> <span class='ocrx_word' id='word_1_158' title='bbox 938 1210 1014 1236; x_wconf 89' lang='lat' dir='ltr'>non</span> <span class='ocrx_word' id='word_1_159' title='bbox 1047 1197 1176 1235; x_wconf 89' lang='lat' dir='ltr'>soluto</span> <span class='ocrx_word' id='word_1_160' title='bbox 1208 1197 1467 1246; x_wconf 84' lang='lat' dir='ltr'>Keplerianae</span> <span class='ocrx_word' id='word_1_161' title='bbox 1506 1207 1660 1243; x_wconf 82' lang='lat' dir='ltr'>quoque</span> <span class='ocrx_word' id='word_1_162' title='bbox 1693 1206 1752 1231; x_wconf 85' lang='lat' dir='ltr'>res</span> <span class='ocrx_word' id='word_1_163' title='bbox 1783 1194 1960 1231; x_wconf 89' lang='lat' dir='ltr'>turbatae</span> 
     </span>
     <span class='ocr_line' id='line_1_19' title="bbox 164 1252 1962 1307; baseline -0.004 -13"><span class='ocrx_word' id='word_1_164' title='bbox 164 1263 265 1295; x_wconf 87' lang='lat' dir='ltr'>sunt.</span> <span class='ocrx_word' id='word_1_165' title='bbox 328 1256 542 1307; x_wconf 70' lang='lat' dir='ltr'>Praecipue</span> <span class='ocrx_word' id='word_1_166' title='bbox 575 1262 703 1295; x_wconf 89' lang='lat' dir='ltr'>autem</span> <span class='ocrx_word' id='word_1_167' title='bbox 736 1257 864 1305; x_wconf 79' lang='lat' dir='ltr'>Praga</span> <span class='ocrx_word' id='word_1_168' title='bbox 895 1269 917 1295; x_wconf 90' lang='lat' dir='ltr'>a</span> <span class='ocrx_word' id='word_1_169' title='bbox 949 1257 1071 1307; x_wconf 93' lang='lat' dir='ltr'>copiis</span> <span class='ocrx_word' id='word_1_170' title='bbox 1103 1255 1429 1293; x_wconf 83' lang='lat' dir='ltr'>Passaviensibus</span> <span class='ocrx_word' id='word_1_171' title='bbox 1462 1255 1598 1304; x_wconf 87' lang='lat' dir='ltr'>partim</span> <span class='ocrx_word' id='word_1_172' title='bbox 1621 1253 1791 1298; x_wconf 89' lang='lat' dir='ltr'>obsessa,</span> <span class='ocrx_word' id='word_1_173' title='bbox 1824 1252 1962 1301; x_wconf 88' lang='lat' dir='ltr'>partim</span> 
     </span>
     <span class='ocr_line' id='line_1_20' title="bbox 165 1312 1963 1365; baseline -0.002 -14"><span class='ocrx_word' id='word_1_174' title='bbox 165 1314 327 1365; x_wconf 87' lang='lat' dir='ltr'>direpta,</span> <span class='ocrx_word' id='word_1_175' title='bbox 362 1316 500 1352; x_wconf 91' lang='lat' dir='ltr'>mulier</span> <span class='ocrx_word' id='word_1_176' title='bbox 531 1320 751 1364; x_wconf 79' lang='lat' dir='ltr'>aegrotans,</span> <span class='ocrx_word' id='word_1_177' title='bbox 785 1327 885 1363; x_wconf 77' lang='lat' dir='ltr'>quae</span> <span class='ocrx_word' id='word_1_178' title='bbox 913 1316 994 1364; x_wconf 87' lang='lat' dir='ltr'>jam</span> <span class='ocrx_word' id='word_1_179' title='bbox 1029 1320 1143 1352; x_wconf 86' lang='lat' dir='ltr'>antea</span> <span class='ocrx_word' id='word_1_180' title='bbox 1175 1315 1458 1361; x_wconf 73' lang='lat' dir='ltr'>aegrotantium</span> <span class='ocrx_word' id='word_1_181' title='bbox 1492 1317 1530 1350; x_wconf 89' lang='lat' dir='ltr'>et</span> <span class='ocrx_word' id='word_1_182' title='bbox 1562 1312 1778 1348; x_wconf 86' lang='lat' dir='ltr'>sauciorum</span> <span class='ocrx_word' id='word_1_183' title='bbox 1811 1321 1901 1347; x_wconf 89' lang='lat' dir='ltr'>cura</span> <span class='ocrx_word' id='word_1_184' title='bbox 1923 1321 1963 1347; x_wconf 86' lang='lat' dir='ltr'>se</span> 
     </span>
     <span class='ocr_line' id='line_1_21' title="bbox 165 1368 1966 1423; baseline -0.004 -12"><span class='ocrx_word' id='word_1_185' title='bbox 165 1385 282 1423; x_wconf 85' lang='lat' dir='ltr'>supra</span> <span class='ocrx_word' id='word_1_186' title='bbox 315 1375 414 1411; x_wconf 87' lang='lat' dir='ltr'>vires</span> <span class='ocrx_word' id='word_1_187' title='bbox 447 1373 690 1418; x_wconf 83' lang='lat' dir='ltr'>extenderat,</span> <span class='ocrx_word' id='word_1_188' title='bbox 725 1378 832 1411; x_wconf 85' lang='lat' dir='ltr'>tanto</span> <span class='ocrx_word' id='word_1_189' title='bbox 865 1375 988 1411; x_wconf 89' lang='lat' dir='ltr'>morbi</span> <span class='ocrx_word' id='word_1_190' title='bbox 1021 1374 1165 1423; x_wconf 86' lang='lat' dir='ltr'>impetu</span> <span class='ocrx_word' id='word_1_191' title='bbox 1198 1373 1338 1410; x_wconf 85' lang='lat' dir='ltr'>afflicta</span> <span class='ocrx_word' id='word_1_192' title='bbox 1373 1377 1449 1418; x_wconf 81' lang='lat' dir='ltr'>est,</span> <span class='ocrx_word' id='word_1_193' title='bbox 1482 1376 1543 1415; x_wconf 87' lang='lat' dir='ltr'>ut,</span> <span class='ocrx_word' id='word_1_194' title='bbox 1579 1382 1654 1418; x_wconf 81' lang='lat' dir='ltr'>qua</span> <span class='ocrx_word' id='word_1_195' title='bbox 1686 1375 1787 1407; x_wconf 83' lang='lat' dir='ltr'>esset</span> <span class='ocrx_word' id='word_1_196' title='bbox 1816 1368 1966 1405; x_wconf 88' lang='lat' dir='ltr'>infirma</span> 
     </span>
     <span class='ocr_line' id='line_1_22' title="bbox 163 1428 1962 1480; baseline -0.002 -12"><span class='ocrx_word' id='word_1_197' title='bbox 163 1443 370 1469; x_wconf 88' lang='lat' dir='ltr'>nervorum</span> <span class='ocrx_word' id='word_1_198' title='bbox 406 1432 648 1479; x_wconf 89' lang='lat' dir='ltr'>valetudine,</span> <span class='ocrx_word' id='word_1_199' title='bbox 684 1431 789 1469; x_wconf 87' lang='lat' dir='ltr'>haud</span> <span class='ocrx_word' id='word_1_200' title='bbox 822 1432 966 1469; x_wconf 86' lang='lat' dir='ltr'>diutius</span> <span class='ocrx_word' id='word_1_201' title='bbox 1000 1433 1176 1469; x_wconf 88' lang='lat' dir='ltr'>resistere</span> <span class='ocrx_word' id='word_1_202' title='bbox 1209 1437 1352 1480; x_wconf 89' lang='lat' dir='ltr'>posset.</span> <span class='ocrx_word' id='word_1_203' title='bbox 1415 1430 1589 1467; x_wconf 74' lang='lat' dir='ltr'>Nervosa</span> <span class='ocrx_word' id='word_1_204' title='bbox 1622 1428 1735 1475; x_wconf 86' lang='lat' dir='ltr'>febri,</span> <span class='ocrx_word' id='word_1_205' title='bbox 1779 1433 1895 1466; x_wconf 87' lang='lat' dir='ltr'>aucta</span> <span class='ocrx_word' id='word_1_206' title='bbox 1927 1429 1962 1464; x_wconf 94' lang='lat' dir='ltr'>in</span> 
     </span>
     <span class='ocr_line' id='line_1_23' title="bbox 163 1488 1538 1540; baseline 0 -13"><span class='ocrx_word' id='word_1_207' title='bbox 163 1502 355 1528; x_wconf 89' lang='lat' dir='ltr'>summum</span> <span class='ocrx_word' id='word_1_208' title='bbox 388 1490 564 1537; x_wconf 82' lang='lat' dir='ltr'>furorem,</span> <span class='ocrx_word' id='word_1_209' title='bbox 598 1490 771 1540; x_wconf 88' lang='lat' dir='ltr'>collapsa</span> <span class='ocrx_word' id='word_1_210' title='bbox 803 1489 863 1528; x_wconf 89' lang='lat' dir='ltr'>die</span> <span class='ocrx_word' id='word_1_211' title='bbox 898 1495 932 1530; x_wconf 83' lang='lat'>3.</span> <span class='ocrx_word' id='word_1_212' title='bbox 965 1490 1060 1528; x_wconf 83' lang='lat' dir='ltr'>Julii</span> <span class='ocrx_word' id='word_1_213' title='bbox 1094 1491 1184 1527; x_wconf 91' lang='lat' dir='ltr'>anni</span> <span class='ocrx_word' id='word_1_214' title='bbox 1221 1494 1323 1527; x_wconf 85' lang='lat'>1611</span> <span class='ocrx_word' id='word_1_215' title='bbox 1363 1488 1538 1527; x_wconf 87' lang='lat' dir='ltr'>decessit.</span> 
     </span>
    </p>

    <p class='ocr_par' dir='ltr' id='par_1_5' title="bbox 158 1543 1963 2880">
     <span class='ocr_line' id='line_1_24' title="bbox 301 1543 1963 1599; baseline -0.003 -14"><span class='ocrx_word' id='word_1_216' title='bbox 301 1549 343 1585; x_wconf 92' lang='lat' dir='ltr'>In</span> <span class='ocrx_word' id='word_1_217' title='bbox 378 1549 544 1599; x_wconf 86' lang='lat' dir='ltr'>epistola</span> <span class='ocrx_word' id='word_1_218' title='bbox 576 1548 815 1588; x_wconf 86' lang='lat' dir='ltr'>dedicatoria</span> <span class='ocrx_word' id='word_1_219' title='bbox 841 1549 1141 1598; x_wconf 73' lang='lat' dir='ltr'>„Eclogarurn“‚</span> <span class='ocrx_word' id='word_1_220' title='bbox 1175 1549 1316 1598; x_wconf 86' lang='lat' dir='ltr'>scripta</span> <span class='ocrx_word' id='word_1_221' title='bbox 1349 1558 1478 1584; x_wconf 90' lang='lat' dir='ltr'>mense</span> <span class='ocrx_word' id='word_1_222' title='bbox 1502 1544 1623 1594; x_wconf 80' lang='lat' dir='ltr'>Aprili</span> <span class='ocrx_word' id='word_1_223' title='bbox 1657 1544 1745 1581; x_wconf 88' lang='lat' dir='ltr'>anui</span> <span class='ocrx_word' id='word_1_224' title='bbox 1773 1547 1879 1580; x_wconf 77' lang='lat'>1612</span> <span class='ocrx_word' id='word_1_225' title='bbox 1913 1543 1963 1580; x_wconf 88' lang='lat' dir='ltr'>ad</span> 
     </span>
     <span class='ocr_line' id='line_1_25' title="bbox 163 1600 1961 1658; baseline -0.004 -14"><span class='ocrx_word' id='word_1_226' title='bbox 163 1607 328 1645; x_wconf 88' lang='lat' dir='ltr'>Tobiam</span> <span class='ocrx_word' id='word_1_227' title='bbox 361 1607 588 1655; x_wconf 81' lang='lat' dir='ltr'>Scultetum,</span> <span class='ocrx_word' id='word_1_228' title='bbox 620 1608 865 1658; x_wconf 86' lang='lat' dir='ltr'>imperatoris</span> <span class='ocrx_word' id='word_1_229' title='bbox 898 1606 1172 1653; x_wconf 88' lang='lat' dir='ltr'>consiliarium,</span> <span class='ocrx_word' id='word_1_230' title='bbox 1211 1606 1269 1644; x_wconf 85' lang='lat' dir='ltr'>his</span> <span class='ocrx_word' id='word_1_231' title='bbox 1302 1604 1495 1655; x_wconf 84' lang='lat' dir='ltr'>Keplerus</span> <span class='ocrx_word' id='word_1_232' title='bbox 1528 1603 1770 1654; x_wconf 83' lang='lat' dir='ltr'>prosequitur</span> <span class='ocrx_word' id='word_1_233' title='bbox 1802 1600 1961 1638; x_wconf 87' lang='lat' dir='ltr'>filiolum</span> 
     </span>
     <span class='ocr_line' id='line_1_26' title="bbox 163 1662 1962 1716; baseline -0.003 -13"><span class='ocrx_word' id='word_1_234' title='bbox 163 1670 200 1703; x_wconf 91' lang='lat' dir='ltr'>et</span> <span class='ocrx_word' id='word_1_235' title='bbox 231 1677 390 1703; x_wconf 85' lang='lat' dir='ltr'>uxorem</span> <span class='ocrx_word' id='word_1_236' title='bbox 435 1671 646 1704; x_wconf 85' lang='lat' dir='ltr'>mortuam:</span> <span class='ocrx_word' id='word_1_237' title='bbox 696 1663 879 1713; x_wconf 79' lang='lat' dir='ltr'>„Praeter</span> <span class='ocrx_word' id='word_1_238' title='bbox 919 1665 1074 1716; x_wconf 87' lang='lat' dir='ltr'>publica</span> <span class='ocrx_word' id='word_1_239' title='bbox 1113 1664 1217 1702; x_wconf 87' lang='lat' dir='ltr'>mala</span> <span class='ocrx_word' id='word_1_240' title='bbox 1257 1669 1498 1711; x_wconf 87' lang='lat' dir='ltr'>terroresque</span> <span class='ocrx_word' id='word_1_241' title='bbox 1539 1663 1629 1699; x_wconf 84' lang='lat' dir='ltr'>foris</span> <span class='ocrx_word' id='word_1_242' title='bbox 1671 1662 1962 1698; x_wconf 87' lang='lat' dir='ltr'>circumstantes</span> 
     </span>
     <span class='ocr_line' id='line_1_27' title="bbox 163 1721 1960 1774; baseline -0.004 -13"><span class='ocrx_word' id='word_1_243' title='bbox 163 1725 278 1761; x_wconf 90' lang='lat' dir='ltr'>etiam</span> <span class='ocrx_word' id='word_1_244' title='bbox 311 1724 466 1761; x_wconf 86' lang='lat' dir='ltr'>domum</span> <span class='ocrx_word' id='word_1_245' title='bbox 499 1725 679 1774; x_wconf 86' lang='lat' dir='ltr'>privatim</span> <span class='ocrx_word' id='word_1_246' title='bbox 711 1736 837 1762; x_wconf 87' lang='lat' dir='ltr'>meam</span> <span class='ocrx_word' id='word_1_247' title='bbox 860 1736 935 1761; x_wconf 89' lang='lat' dir='ltr'>non</span> <span class='ocrx_word' id='word_1_248' title='bbox 957 1736 1076 1762; x_wconf 88' lang='lat' dir='ltr'>unum</span> <span class='ocrx_word' id='word_1_249' title='bbox 1110 1723 1341 1761; x_wconf 87' lang='lat' dir='ltr'>calamitatis</span> <span class='ocrx_word' id='word_1_250' title='bbox 1375 1732 1496 1770; x_wconf 81' lang='lat' dir='ltr'>genus</span> <span class='ocrx_word' id='word_1_251' title='bbox 1527 1721 1743 1770; x_wconf 81' lang='lat' dir='ltr'>pervasisse</span> <span class='ocrx_word' id='word_1_252' title='bbox 1775 1724 1811 1755; x_wconf 89' lang='lat' dir='ltr'>et</span> <span class='ocrx_word' id='word_1_253' title='bbox 1834 1729 1960 1755; x_wconf 89' lang='lat' dir='ltr'>coram</span> 
     </span>
     <span class='ocr_line' id='line_1_28' title="bbox 164 1776 1962 1831; baseline -0.004 -12"><span class='ocrx_word' id='word_1_254' title='bbox 164 1781 295 1820; x_wconf 88' lang='lat' dir='ltr'>vidisti</span> <span class='ocrx_word' id='word_1_255' title='bbox 326 1789 363 1820; x_wconf 89' lang='lat' dir='ltr'>et</span> <span class='ocrx_word' id='word_1_256' title='bbox 395 1794 544 1821; x_wconf 90' lang='lat' dir='ltr'>mecum</span> <span class='ocrx_word' id='word_1_257' title='bbox 576 1784 813 1831; x_wconf 80' lang='lat' dir='ltr'>ingemuisti.</span> <span class='ocrx_word' id='word_1_258' title='bbox 875 1783 972 1821; x_wconf 89' lang='lat' dir='ltr'>Nam</span> <span class='ocrx_word' id='word_1_259' title='bbox 1007 1782 1098 1831; x_wconf 83' lang='lat' dir='ltr'>quid</span> <span class='ocrx_word' id='word_1_260' title='bbox 1130 1783 1306 1830; x_wconf 80' lang='lat' dir='ltr'>gravius,</span> <span class='ocrx_word' id='word_1_261' title='bbox 1352 1779 1443 1829; x_wconf 85' lang='lat' dir='ltr'>quid</span> <span class='ocrx_word' id='word_1_262' title='bbox 1475 1780 1670 1823; x_wconf 82' lang='lat' dir='ltr'>acerbius,</span> <span class='ocrx_word' id='word_1_263' title='bbox 1715 1776 1806 1825; x_wconf 83' lang='lat' dir='ltr'>quid</span> <span class='ocrx_word' id='word_1_264' title='bbox 1839 1778 1962 1825; x_wconf 86' lang='lat' dir='ltr'>magis</span> 
     </span>
     <span class='ocr_line' id='line_1_29' title="bbox 160 1834 1962 1890; baseline -0.003 -13"><span class='ocrx_word' id='word_1_265' title='bbox 160 1839 380 1878; x_wconf 86' lang='lat' dir='ltr'>luctuosum</span> <span class='ocrx_word' id='word_1_266' title='bbox 414 1843 635 1890; x_wconf 85' lang='lat' dir='ltr'>contingere</span> <span class='ocrx_word' id='word_1_267' title='bbox 667 1841 761 1879; x_wconf 89' lang='lat' dir='ltr'>mihi</span> <span class='ocrx_word' id='word_1_268' title='bbox 792 1842 936 1890; x_wconf 88' lang='lat' dir='ltr'>potuit,</span> <span class='ocrx_word' id='word_1_269' title='bbox 971 1853 1087 1889; x_wconf 88' lang='lat' dir='ltr'>quam</span> <span class='ocrx_word' id='word_1_270' title='bbox 1119 1839 1192 1878; x_wconf 80' lang='grc'><strong>1100</strong></span> <span class='ocrx_word' id='word_1_271' title='bbox 1223 1841 1385 1878; x_wconf 88' lang='lat' dir='ltr'>triennio</span> <span class='ocrx_word' id='word_1_272' title='bbox 1410 1839 1591 1885; x_wconf 78' lang='lat' dir='ltr'>contigit:</span> <span class='ocrx_word' id='word_1_273' title='bbox 1626 1837 1687 1885; x_wconf 84' lang='lat' dir='ltr'>qui</span> <span class='ocrx_word' id='word_1_274' title='bbox 1722 1846 1808 1872; x_wconf 88' lang='lat' dir='ltr'>cum</span> <span class='ocrx_word' id='word_1_275' title='bbox 1839 1834 1962 1872; x_wconf 87' lang='lat' dir='ltr'>habe-</span> 
     </span>
     <span class='ocr_line' id='line_1_30' title="bbox 160 1892 1961 1946; baseline -0.003 -10"><span class='ocrx_word' id='word_1_276' title='bbox 160 1910 240 1937; x_wconf 89' lang='lat' dir='ltr'>rem</span> <span class='ocrx_word' id='word_1_277' title='bbox 272 1900 376 1937; x_wconf 87' lang='lat' dir='ltr'>vitae</span> <span class='ocrx_word' id='word_1_278' title='bbox 409 1902 574 1946; x_wconf 80' lang='lat' dir='ltr'>sociam,</span> <span class='ocrx_word' id='word_1_279' title='bbox 616 1911 692 1936; x_wconf 91' lang='lat' dir='ltr'>non</span> <span class='ocrx_word' id='word_1_280' title='bbox 734 1899 860 1937; x_wconf 87' lang='lat' dir='ltr'>dicam</span> <span class='ocrx_word' id='word_1_281' title='bbox 893 1899 1180 1944; x_wconf 84' lang='lat' dir='ltr'>charissimam,</span> <span class='ocrx_word' id='word_1_282' title='bbox 1226 1897 1386 1946; x_wconf 81' lang='lat' dir='ltr'>vulgare</span> <span class='ocrx_word' id='word_1_283' title='bbox 1419 1896 1493 1934; x_wconf 90' lang='lat' dir='ltr'>hoc</span> <span class='ocrx_word' id='word_1_284' title='bbox 1525 1900 1582 1933; x_wconf 88' lang='lat' dir='ltr'>est</span> <span class='ocrx_word' id='word_1_285' title='bbox 1612 1894 1675 1932; x_wconf 90' lang='lat' dir='ltr'>vcl</span> <span class='ocrx_word' id='word_1_286' title='bbox 1718 1904 1802 1932; x_wconf 89' lang='lat' dir='ltr'>esse</span> <span class='ocrx_word' id='word_1_287' title='bbox 1836 1892 1961 1940; x_wconf 88' lang='lat' dir='ltr'>debet,</span> 
     </span>
     <span class='ocr_line' id='line_1_31' title="bbox 162 1950 1960 2007; baseline -0.004 -13"><span class='ocrx_word' id='word_1_288' title='bbox 162 1957 229 1995; x_wconf 84' lang='lat' dir='ltr'>scd</span> <span class='ocrx_word' id='word_1_289' title='bbox 261 1957 390 2005; x_wconf 81' lang='lat' dir='ltr'>taIem,</span> <span class='ocrx_word' id='word_1_290' title='bbox 425 1951 675 2007; x_wconf 69' lang='lat' dir='ltr'>cui&#39;publica</span> <span class='ocrx_word' id='word_1_291' title='bbox 696 1958 798 1995; x_wconf 90' lang='lat' dir='ltr'>sama</span> <span class='ocrx_word' id='word_1_292' title='bbox 819 1957 988 2007; x_wconf 84' lang='lat' dir='ltr'>palmam</span> <span class='ocrx_word' id='word_1_293' title='bbox 1011 1957 1205 1995; x_wconf 87' lang='lat' dir='ltr'>tribuebat</span> <span class='ocrx_word' id='word_1_294' title='bbox 1228 1956 1454 2000; x_wconf 77' lang='lat' dir='ltr'>honestatis,</span> <span class='ocrx_word' id='word_1_295' title='bbox 1487 1954 1703 2003; x_wconf 86' lang='lat' dir='ltr'>probitatis,</span> <span class='ocrx_word' id='word_1_296' title='bbox 1736 1950 1960 2001; x_wconf 87' lang='lat' dir='ltr'>pudicitiae,</span> 
     </span>
     <span class='ocr_line' id='line_1_32' title="bbox 162 2011 1961 2064; baseline -0.003 -12"><span class='ocrx_word' id='word_1_297' title='bbox 162 2026 248 2053; x_wconf 89' lang='lat' dir='ltr'>cum</span> <span class='ocrx_word' id='word_1_298' title='bbox 279 2016 401 2054; x_wconf 84' lang='lat' dir='ltr'>forma</span> <span class='ocrx_word' id='word_1_299' title='bbox 434 2022 471 2055; x_wconf 89' lang='lat' dir='ltr'>et</span> <span class='ocrx_word' id='word_1_300' title='bbox 503 2018 684 2054; x_wconf 86' lang='lat' dir='ltr'>comitate</span> <span class='ocrx_word' id='word_1_301' title='bbox 717 2018 811 2054; x_wconf 90' lang='lat' dir='ltr'>citra</span> <span class='ocrx_word' id='word_1_302' title='bbox 842 2016 961 2053; x_wconf 47' lang='lat' dir='ltr'>litem*</span> <span class='ocrx_word' id='word_1_303' title='bbox 981 2015 1156 2064; x_wconf 80' lang='lat' dir='ltr'>exemplo</span> <span class='ocrx_word' id='word_1_304' title='bbox 1188 2016 1383 2052; x_wconf 89' lang='lat' dir='ltr'>rarissimo</span> <span class='ocrx_word' id='word_1_305' title='bbox 1417 2013 1672 2061; x_wconf 87' lang='lat' dir='ltr'>conjunctae,</span> <span class='ocrx_word' id='word_1_306' title='bbox 1706 2016 1747 2047; x_wconf 91' lang='lat' dir='ltr'>ut</span> <span class='ocrx_word' id='word_1_307' title='bbox 1779 2011 1961 2047; x_wconf 86' lang='lat' dir='ltr'>interiora</span> 
     </span>
     <span class='ocr_line' id='line_1_33' title="bbox 162 2068 1959 2124; baseline -0.004 -13"><span class='ocrx_word' id='word_1_308' title='bbox 162 2078 201 2111; x_wconf 85' lang='lat' dir='ltr'>et</span> <span class='ocrx_word' id='word_1_309' title='bbox 232 2074 281 2111; x_wconf 88' lang='lat' dir='ltr'>ab</span> <span class='ocrx_word' id='word_1_310' title='bbox 314 2074 437 2113; x_wconf 90' lang='lat' dir='ltr'>oculis</span> <span class='ocrx_word' id='word_1_311' title='bbox 470 2074 577 2124; x_wconf 82' lang='lat' dir='ltr'>vulgi</span> <span class='ocrx_word' id='word_1_312' title='bbox 610 2079 769 2119; x_wconf 90' lang='lat' dir='ltr'>remota,</span> <span class='ocrx_word' id='word_1_313' title='bbox 802 2076 989 2123; x_wconf 86' lang='lat' dir='ltr'>pietatem</span> <span class='ocrx_word' id='word_1_314' title='bbox 1020 2076 1057 2110; x_wconf 92' lang='lat' dir='ltr'>in</span> <span class='ocrx_word' id='word_1_315' title='bbox 1081 2074 1207 2111; x_wconf 89' lang='lat' dir='ltr'>Deum</span> <span class='ocrx_word' id='word_1_316' title='bbox 1241 2077 1278 2111; x_wconf 91' lang='lat' dir='ltr'>et</span> <span class='ocrx_word' id='word_1_317' title='bbox 1309 2072 1602 2110; x_wconf 87' lang='lat' dir='ltr'>beneficentiam</span> <span class='ocrx_word' id='word_1_318' title='bbox 1637 2072 1672 2105; x_wconf 92' lang='lat' dir='ltr'>in</span> <span class='ocrx_word' id='word_1_319' title='bbox 1707 2080 1850 2117; x_wconf 82' lang='lat' dir='ltr'>egenos</span> <span class='ocrx_word' id='word_1_320' title='bbox 1878 2068 1959 2116; x_wconf 87' lang='lat' dir='ltr'>jam</span> 
     </span>
     <span class='ocr_line' id='line_1_34' title="bbox 161 2130 1956 2180; baseline -0.004 -10"><span class='ocrx_word' id='word_1_321' title='bbox 161 2138 375 2180; x_wconf 85' lang='lat' dir='ltr'>transeam;</span> <span class='ocrx_word' id='word_1_322' title='bbox 409 2145 495 2171; x_wconf 90' lang='lat' dir='ltr'>cum</span> <span class='ocrx_word' id='word_1_323' title='bbox 527 2138 655 2171; x_wconf 86' lang='lat' dir='ltr'>essent</span> <span class='ocrx_word' id='word_1_324' title='bbox 687 2133 781 2170; x_wconf 90' lang='lat' dir='ltr'>mihi</span> <span class='ocrx_word' id='word_1_325' title='bbox 813 2145 857 2170; x_wconf 81' lang='lat' dir='ltr'>ex</span> <span class='ocrx_word' id='word_1_326' title='bbox 891 2132 958 2170; x_wconf 86' lang='lat' dir='ltr'>illa</span> <span class='ocrx_word' id='word_1_327' title='bbox 990 2131 1410 2177; x_wconf 66' lang='lat' dir='ltr'>liberi&#39;ssorentissimi,</span> <span class='ocrx_word' id='word_1_328' title='bbox 1453 2130 1659 2179; x_wconf 85' lang='lat' dir='ltr'>praecipue</span> <span class='ocrx_word' id='word_1_329' title='bbox 1690 2138 1785 2176; x_wconf 89' lang='lat' dir='ltr'>puer</span> <span class='ocrx_word' id='word_1_330' title='bbox 1815 2137 1956 2164; x_wconf 86' lang='lat' dir='ltr'>sexen-</span> 
     </span>
     <span class='ocr_line' id='line_1_35' title="bbox 160 2185 1956 2239; baseline -0.003 -13"><span class='ocrx_word' id='word_1_331' title='bbox 160 2191 231 2238; x_wconf 86' lang='lat' dir='ltr'>nis,</span> <span class='ocrx_word' id='word_1_332' title='bbox 264 2192 397 2229; x_wconf 87' lang='lat' dir='ltr'>matris</span> <span class='ocrx_word' id='word_1_333' title='bbox 429 2191 527 2230; x_wconf 87' lang='lat' dir='ltr'>adeo</span> <span class='ocrx_word' id='word_1_334' title='bbox 559 2191 714 2237; x_wconf 88' lang='lat' dir='ltr'>similis,</span> <span class='ocrx_word' id='word_1_335' title='bbox 756 2195 799 2228; x_wconf 90' lang='lat' dir='ltr'>ut</span> <span class='ocrx_word' id='word_1_336' title='bbox 829 2192 912 2228; x_wconf 88' lang='lat' dir='ltr'>sive</span> <span class='ocrx_word' id='word_1_337' title='bbox 944 2191 1076 2228; x_wconf 88' lang='lat' dir='ltr'>florem</span> <span class='ocrx_word' id='word_1_338' title='bbox 1109 2191 1278 2239; x_wconf 89' lang='lat' dir='ltr'>corporis</span> <span class='ocrx_word' id='word_1_339' title='bbox 1310 2199 1536 2236; x_wconf 86' lang='lat' dir='ltr'>morumque</span> <span class='ocrx_word' id='word_1_340' title='bbox 1568 2187 1801 2225; x_wconf 86' lang='lat' dir='ltr'>suavitatem</span> <span class='ocrx_word' id='word_1_341' title='bbox 1831 2185 1956 2233; x_wconf 88' lang='lat' dir='ltr'>respi-</span> 
     </span>
     <span class='ocr_line' id='line_1_36' title="bbox 162 2244 1954 2298; baseline -0.004 -12"><span class='ocrx_word' id='word_1_342' title='bbox 162 2260 276 2297; x_wconf 85' lang='lat' dir='ltr'>ceres,</span> <span class='ocrx_word' id='word_1_343' title='bbox 310 2251 393 2287; x_wconf 88' lang='lat' dir='ltr'>sive</span> <span class='ocrx_word' id='word_1_344' title='bbox 426 2255 604 2287; x_wconf 85' lang='lat' dir='ltr'>notorum</span> <span class='ocrx_word' id='word_1_345' title='bbox 634 2250 784 2287; x_wconf 83' lang='lat' dir='ltr'>faustas</span> <span class='ocrx_word' id='word_1_346' title='bbox 806 2250 1074 2295; x_wconf 82' lang='lat' dir='ltr'>ominationeS,</span> <span class='ocrx_word' id='word_1_347' title='bbox 1108 2247 1372 2298; x_wconf 87' lang='lat' dir='ltr'>Hyacinthum</span> <span class='ocrx_word' id='word_1_348' title='bbox 1395 2247 1539 2285; x_wconf 90' lang='lat' dir='ltr'>diceres</span> <span class='ocrx_word' id='word_1_349' title='bbox 1563 2246 1791 2282; x_wconf 89' lang='lat' dir='ltr'>matutinum</span> <span class='ocrx_word' id='word_1_350' title='bbox 1823 2244 1954 2293; x_wconf 89' lang='lat' dir='ltr'>primis</span> 
     </span>
     <span class='ocr_line' id='line_1_37' title="bbox 160 2303 1957 2356; baseline -0.003 -12"><span class='ocrx_word' id='word_1_351' title='bbox 160 2308 261 2345; x_wconf 88' lang='lat' dir='ltr'>veris</span> <span class='ocrx_word' id='word_1_352' title='bbox 295 2307 442 2356; x_wconf 85' lang='lat' dir='ltr'>diebus,</span> <span class='ocrx_word' id='word_1_353' title='bbox 474 2308 612 2346; x_wconf 89' lang='lat' dir='ltr'>odores</span> <span class='ocrx_word' id='word_1_354' title='bbox 645 2309 858 2346; x_wconf 87' lang='lat' dir='ltr'>ambrosios</span> <span class='ocrx_word' id='word_1_355' title='bbox 890 2307 1015 2344; x_wconf 86' lang='lat' dir='ltr'>halitu</span> <span class='ocrx_word' id='word_1_356' title='bbox 1048 2308 1251 2344; x_wconf 88' lang='lat' dir='ltr'>tenerrimo</span> <span class='ocrx_word' id='word_1_357' title='bbox 1273 2305 1494 2344; x_wconf 88' lang='lat' dir='ltr'>fundentem</span> <span class='ocrx_word' id='word_1_358' title='bbox 1518 2316 1585 2353; x_wconf 86' lang='lat' dir='ltr'>per</span> <span class='ocrx_word' id='word_1_359' title='bbox 1606 2303 1830 2351; x_wconf 85' lang='lat' dir='ltr'>conclavia,</span> <span class='ocrx_word' id='word_1_360' title='bbox 1861 2315 1957 2351; x_wconf 87' lang='lat' dir='ltr'>puer</span> 
     </span>
     <span class='ocr_line' id='line_1_38' title="bbox 160 2361 1953 2413; baseline -0.002 -11"><span class='ocrx_word' id='word_1_361' title='bbox 160 2370 268 2403; x_wconf 85' lang='lat' dir='ltr'>tanta</span> <span class='ocrx_word' id='word_1_362' title='bbox 298 2368 410 2404; x_wconf 80' lang='lat' dir='ltr'>matri</span> <span class='ocrx_word' id='word_1_363' title='bbox 443 2366 628 2404; x_wconf 89' lang='lat' dir='ltr'>charitate</span> <span class='ocrx_word' id='word_1_364' title='bbox 661 2377 876 2412; x_wconf 89' lang='lat' dir='ltr'>connexus,</span> <span class='ocrx_word' id='word_1_365' title='bbox 920 2371 962 2403; x_wconf 91' lang='lat' dir='ltr'>ut</span> <span class='ocrx_word' id='word_1_366' title='bbox 1003 2370 1207 2413; x_wconf 79' lang='lat' dir='ltr'>utrumque</span> <span class='ocrx_word' id='word_1_367' title='bbox 1246 2376 1321 2401; x_wconf 89' lang='lat' dir='ltr'>non</span> <span class='ocrx_word' id='word_1_368' title='bbox 1352 2364 1536 2411; x_wconf 71' lang='lat' dir='ltr'>languere</span> <span class='ocrx_word' id='word_1_369' title='bbox 1570 2373 1659 2410; x_wconf 89' lang='lat' dir='ltr'>prae</span> <span class='ocrx_word' id='word_1_370' title='bbox 1692 2372 1842 2407; x_wconf 85' lang='lat' dir='ltr'>amore,</span> <span class='ocrx_word' id='word_1_371' title='bbox 1887 2361 1953 2398; x_wconf 88' lang='lat' dir='ltr'>sed</span> 
     </span>
     <span class='ocr_line' id='line_1_39' title="bbox 158 2420 1954 2472; baseline -0.002 -12"><span class='ocrx_word' id='word_1_372' title='bbox 158 2423 272 2472; x_wconf 86' lang='lat' dir='ltr'>plane</span> <span class='ocrx_word' id='word_1_373' title='bbox 304 2424 427 2462; x_wconf 85' lang='lat' dir='ltr'>furere</span> <span class='ocrx_word' id='word_1_374' title='bbox 451 2425 626 2462; x_wconf 78' lang='lat' dir='ltr'>dixisses.</span> <span class='ocrx_word' id='word_1_375' title='bbox 668 2424 782 2462; x_wconf 86' lang='lat' dir='ltr'>Hanc</span> <span class='ocrx_word' id='word_1_376' title='bbox 815 2428 943 2462; x_wconf 90' lang='lat' dir='ltr'>tamen</span> <span class='ocrx_word' id='word_1_377' title='bbox 966 2424 1167 2472; x_wconf 68' lang='lat' dir='ltr'>conjugem</span> <span class='ocrx_word' id='word_1_378' title='bbox 1202 2425 1239 2458; x_wconf 91' lang='lat' dir='ltr'>in</span> <span class='ocrx_word' id='word_1_379' title='bbox 1270 2423 1355 2471; x_wconf 89' lang='lat' dir='ltr'>ipso</span> <span class='ocrx_word' id='word_1_380' title='bbox 1389 2422 1636 2460; x_wconf 81' lang='lat' dir='ltr'>constitutam</span> <span class='ocrx_word' id='word_1_381' title='bbox 1660 2420 1798 2457; x_wconf 86' lang='lat' dir='ltr'>aetatis</span> <span class='ocrx_word' id='word_1_382' title='bbox 1819 2420 1954 2457; x_wconf 85' lang='lat' dir='ltr'>robore</span> 
     </span>
     <span class='ocr_line' id='line_1_40' title="bbox 160 2479 1954 2527; baseline -0.003 -8"><span class='ocrx_word' id='word_1_383' title='bbox 160 2481 240 2519; x_wconf 90' lang='lat' dir='ltr'>vidi</span> <span class='ocrx_word' id='word_1_384' title='bbox 272 2485 528 2521; x_wconf 87' lang='lat' dir='ltr'>saevientium</span> <span class='ocrx_word' id='word_1_385' title='bbox 559 2483 763 2520; x_wconf 89' lang='lat' dir='ltr'>humorum</span> <span class='ocrx_word' id='word_1_386' title='bbox 795 2482 1004 2519; x_wconf 87' lang='lat' dir='ltr'>insultibus</span> <span class='ocrx_word' id='word_1_387' title='bbox 1038 2487 1118 2519; x_wconf 89' lang='lat' dir='ltr'>toto</span> <span class='ocrx_word' id='word_1_388' title='bbox 1152 2483 1315 2518; x_wconf 87' lang='lat' dir='ltr'>triennio</span> <span class='ocrx_word' id='word_1_389' title='bbox 1345 2479 1555 2518; x_wconf 87' lang='lat' dir='ltr'>identidem</span> <span class='ocrx_word' id='word_1_390' title='bbox 1588 2479 1825 2527; x_wconf 78' lang='lat' dir='ltr'>oppugnari,</span> <span class='ocrx_word' id='word_1_391' title='bbox 1860 2489 1954 2514; x_wconf 89' lang='lat' dir='ltr'>con-</span> 
     </span>
     <span class='ocr_line' id='line_1_41' title="bbox 160 2536 1954 2590; baseline -0.003 -13"><span class='ocrx_word' id='word_1_392' title='bbox 160 2542 346 2588; x_wconf 89' lang='lat' dir='ltr'>quassari,</span> <span class='ocrx_word' id='word_1_393' title='bbox 380 2541 566 2590; x_wconf 89' lang='lat' dir='ltr'>paulatim</span> <span class='ocrx_word' id='word_1_394' title='bbox 601 2541 757 2585; x_wconf 87' lang='lat' dir='ltr'>destrui,</span> <span class='ocrx_word' id='word_1_395' title='bbox 790 2540 967 2589; x_wconf 87' lang='lat' dir='ltr'>adeoque</span> <span class='ocrx_word' id='word_1_396' title='bbox 998 2552 1073 2576; x_wconf 90' lang='lat' dir='ltr'>non</span> <span class='ocrx_word' id='word_1_397' title='bbox 1107 2551 1191 2577; x_wconf 83' lang='lat' dir='ltr'>raro</span> <span class='ocrx_word' id='word_1_398' title='bbox 1226 2539 1272 2576; x_wconf 87' lang='lat' dir='ltr'>de</span> <span class='ocrx_word' id='word_1_399' title='bbox 1303 2543 1406 2576; x_wconf 87' lang='lat' dir='ltr'>statu</span> <span class='ocrx_word' id='word_1_400' title='bbox 1439 2538 1596 2575; x_wconf 86' lang='lat' dir='ltr'>rationis</span> <span class='ocrx_word' id='word_1_401' title='bbox 1620 2536 1815 2573; x_wconf 89' lang='lat' dir='ltr'>deturbari</span> <span class='ocrx_word' id='word_1_402' title='bbox 1846 2547 1954 2572; x_wconf 90' lang='lat' dir='ltr'>men-</span> 
     </span>
     <span class='ocr_line' id='line_1_42' title="bbox 159 2595 1954 2648; baseline -0.003 -14"><span class='ocrx_word' id='word_1_403' title='bbox 159 2604 274 2646; x_wconf 87' lang='lat' dir='ltr'>teque</span> <span class='ocrx_word' id='word_1_404' title='bbox 306 2601 476 2647; x_wconf 82' lang='lat' dir='ltr'>moveri3</span> <span class='ocrx_word' id='word_1_405' title='bbox 520 2611 635 2648; x_wconf 88' lang='lat' dir='ltr'>quam</span> <span class='ocrx_word' id='word_1_406' title='bbox 668 2598 841 2645; x_wconf 86' lang='lat' dir='ltr'>tandem,</span> <span class='ocrx_word' id='word_1_407' title='bbox 884 2599 951 2635; x_wconf 88' lang='lat' dir='ltr'>ubi</span> <span class='ocrx_word' id='word_1_408' title='bbox 985 2600 1049 2634; x_wconf 82' lang='lat' dir='ltr'>vix</span> <span class='ocrx_word' id='word_1_409' title='bbox 1082 2600 1268 2646; x_wconf 83' lang='lat' dir='ltr'>respirare</span> <span class='ocrx_word' id='word_1_410' title='bbox 1301 2599 1386 2634; x_wconf 89' lang='lat' dir='ltr'>visa</span> <span class='ocrx_word' id='word_1_411' title='bbox 1426 2601 1504 2641; x_wconf 85' lang='lat' dir='ltr'>est,</span> <span class='ocrx_word' id='word_1_412' title='bbox 1544 2595 1725 2631; x_wconf 79' lang='lat' dir='ltr'>afflictam</span> <span class='ocrx_word' id='word_1_413' title='bbox 1771 2595 1954 2631; x_wconf 88' lang='lat' dir='ltr'>consertis</span> 
     </span>
     <span class='ocr_line' id='line_1_43' title="bbox 158 2652 1954 2704; baseline -0.002 -12"><span class='ocrx_word' id='word_1_414' title='bbox 158 2658 256 2694; x_wconf 89' lang='lat' dir='ltr'>inter</span> <span class='ocrx_word' id='word_1_415' title='bbox 285 2668 326 2694; x_wconf 91' lang='lat' dir='ltr'>se</span> <span class='ocrx_word' id='word_1_416' title='bbox 357 2658 500 2694; x_wconf 89' lang='lat' dir='ltr'>morbis</span> <span class='ocrx_word' id='word_1_417' title='bbox 532 2658 844 2695; x_wconf 84' lang='lat' dir='ltr'>charissimorum</span> <span class='ocrx_word' id='word_1_418' title='bbox 876 2656 1102 2702; x_wconf 87' lang='lat' dir='ltr'>liberorum,</span> <span class='ocrx_word' id='word_1_419' title='bbox 1141 2655 1356 2704; x_wconf 85' lang='lat' dir='ltr'>perculsam</span> <span class='ocrx_word' id='word_1_420' title='bbox 1389 2655 1522 2691; x_wconf 90' lang='lat' dir='ltr'>intime</span> <span class='ocrx_word' id='word_1_421' title='bbox 1555 2657 1675 2689; x_wconf 88' lang='lat' dir='ltr'>morte</span> <span class='ocrx_word' id='word_1_422' title='bbox 1706 2652 1845 2700; x_wconf 72' lang='lat' dir='ltr'>puelli,</span> <span class='ocrx_word' id='word_1_423' title='bbox 1889 2654 1954 2700; x_wconf 86' lang='lat' dir='ltr'>qui</span> 
     </span>
     <span class='ocr_line' id='line_1_44' title="bbox 160 2712 1954 2759; baseline -0.003 -8"><span class='ocrx_word' id='word_1_424' title='bbox 160 2714 359 2752; x_wconf 90' lang='lat' dir='ltr'>dimidium</span> <span class='ocrx_word' id='word_1_425' title='bbox 391 2715 447 2751; x_wconf 93' lang='lat' dir='ltr'>illi</span> <span class='ocrx_word' id='word_1_426' title='bbox 481 2715 605 2752; x_wconf 89' lang='lat' dir='ltr'>cordis</span> <span class='ocrx_word' id='word_1_427' title='bbox 638 2721 729 2759; x_wconf 80' lang='lat' dir='ltr'>erat,</span> <span class='ocrx_word' id='word_1_428' title='bbox 762 2714 970 2752; x_wconf 88' lang='lat' dir='ltr'>terroribus</span> <span class='ocrx_word' id='word_1_429' title='bbox 1003 2715 1117 2751; x_wconf 87' lang='lat' dir='ltr'>ctiam</span> <span class='ocrx_word' id='word_1_430' title='bbox 1141 2714 1377 2751; x_wconf 87' lang='lat' dir='ltr'>exercituum</span> <span class='ocrx_word' id='word_1_431' title='bbox 1401 2717 1438 2749; x_wconf 92' lang='lat' dir='ltr'>ct</span> <span class='ocrx_word' id='word_1_432' title='bbox 1460 2712 1628 2755; x_wconf 63' lang='lat' dir='ltr'>imagine</span> <span class='ocrx_word' id='word_1_433' title='bbox 1652 2714 1831 2748; x_wconf 85' lang='lat' dir='ltr'>cruentae</span> <span class='ocrx_word' id='word_1_434' title='bbox 1853 2721 1954 2758; x_wconf 72' lang='lat' dir='ltr'>pug-</span> 
     </span>
     <span class='ocr_line' id='line_1_45' title="bbox 158 2768 1953 2822; baseline -0.003 -13"><span class='ocrx_word' id='word_1_435' title='bbox 158 2785 231 2811; x_wconf 88' lang='lat' dir='ltr'>nae</span> <span class='ocrx_word' id='word_1_436' title='bbox 262 2774 300 2809; x_wconf 90' lang='lat' dir='ltr'>in</span> <span class='ocrx_word' id='word_1_437' title='bbox 332 2773 426 2810; x_wconf 91' lang='lat' dir='ltr'>urbe</span> <span class='ocrx_word' id='word_1_438' title='bbox 450 2774 533 2822; x_wconf 88' lang='lat' dir='ltr'>ipsa</span> <span class='ocrx_word' id='word_1_439' title='bbox 557 2774 784 2811; x_wconf 82' lang='lat' dir='ltr'>commissae</span> <span class='ocrx_word' id='word_1_440' title='bbox 804 2773 957 2821; x_wconf 88' lang='lat' dir='ltr'>penitus</span> <span class='ocrx_word' id='word_1_441' title='bbox 979 2772 1299 2820; x_wconf 80' lang='lat' dir='ltr'>obstupefactam,</span> <span class='ocrx_word' id='word_1_442' title='bbox 1334 2770 1498 2818; x_wconf 88' lang='lat' dir='ltr'>denique</span> <span class='ocrx_word' id='word_1_443' title='bbox 1522 2769 1791 2816; x_wconf 86' lang='lat' dir='ltr'>desperatione</span> <span class='ocrx_word' id='word_1_444' title='bbox 1814 2768 1953 2805; x_wconf 90' lang='lat' dir='ltr'>melio-</span> 
     </span>
     <span class='ocr_line' id='line_1_46' title="bbox 158 2825 1951 2880; baseline -0.002 -13"><span class='ocrx_word' id='word_1_445' title='bbox 158 2843 242 2868; x_wconf 91' lang='lat' dir='ltr'>rum</span> <span class='ocrx_word' id='word_1_446' title='bbox 274 2837 487 2880; x_wconf 84' lang='lat' dir='ltr'>temporum</span> <span class='ocrx_word' id='word_1_447' title='bbox 521 2836 558 2869; x_wconf 91' lang='lat' dir='ltr'>et</span> <span class='ocrx_word' id='word_1_448' title='bbox 591 2830 795 2868; x_wconf 88' lang='lat' dir='ltr'>immortali</span> <span class='ocrx_word' id='word_1_449' title='bbox 829 2829 1017 2868; x_wconf 89' lang='lat' dir='ltr'>desiderio</span> <span class='ocrx_word' id='word_1_450' title='bbox 1050 2831 1181 2866; x_wconf 84' lang='lat' dir='ltr'>amissi</span> <span class='ocrx_word' id='word_1_451' title='bbox 1215 2828 1451 2866; x_wconf 88' lang='lat' dir='ltr'>dilectissimi</span> <span class='ocrx_word' id='word_1_452' title='bbox 1483 2827 1655 2876; x_wconf 85' lang='lat' dir='ltr'>pignoris</span> <span class='ocrx_word' id='word_1_453' title='bbox 1678 2825 1951 2873; x_wconf 88' lang='lat' dir='ltr'>tabescentem,</span> 
     </span>
    </p>
   </div>
   <div class='ocr_carea' id='block_1_4' title="bbox 159 2953 1953 3232">
    <p class='ocr_par' dir='ltr' id='par_1_6' title="bbox 159 2953 1953 3232">
     <span class='ocr_line' id='line_1_47' title="bbox 160 2953 1953 2998; baseline -0.003 -9"><span class='ocrx_word' id='word_1_454' title='bbox 160 2959 271 2990; x_wconf 86' lang='lat' dir='ltr'>addit:</span> <span class='ocrx_word' id='word_1_455' title='bbox 298 2957 389 2998; x_wconf 78' lang='lat' dir='ltr'>Heri,</span> <span class='ocrx_word' id='word_1_456' title='bbox 418 2957 495 2987; x_wconf 87' lang='lat' dir='ltr'>dum</span> <span class='ocrx_word' id='word_1_457' title='bbox 522 2956 626 2986; x_wconf 77' lang='lat' dir='ltr'>fessus</span> <span class='ocrx_word' id='word_1_458' title='bbox 653 2966 670 2985; x_wconf 87' lang='lat' dir='ltr'>a</span> <span class='ocrx_word' id='word_1_459' title='bbox 696 2955 869 2986; x_wconf 71' lang='lat' dir='ltr'>scribendo</span> <span class='ocrx_word' id='word_1_460' title='bbox 896 2957 1074 2997; x_wconf 87' lang='lat' dir='ltr'>animoque</span> <span class='ocrx_word' id='word_1_461' title='bbox 1101 2957 1188 2985; x_wconf 87' lang='lat' dir='ltr'>intus</span> <span class='ocrx_word' id='word_1_462' title='bbox 1214 2953 1443 2996; x_wconf 77' lang='lat' dir='ltr'>pulverulento</span> <span class='ocrx_word' id='word_1_463' title='bbox 1463 2955 1502 2983; x_wconf 86' lang='lat' dir='ltr'>ab</span> <span class='ocrx_word' id='word_1_464' title='bbox 1521 2956 1705 2986; x_wconf 86' lang='lat' dir='ltr'>atomorum</span> <span class='ocrx_word' id='word_1_465' title='bbox 1722 2953 1857 2982; x_wconf 80' lang='lat' dir='ltr'>istarum</span> <span class='ocrx_word' id='word_1_466' title='bbox 1877 2963 1953 2983; x_wconf 83' lang='lat' dir='ltr'>con-</span> 
     </span>
     <span class='ocr_line' id='line_1_48' title="bbox 159 2999 1951 3043; baseline -0.003 -8"><span class='ocrx_word' id='word_1_467' title='bbox 159 3005 417 3036; x_wconf 86' lang='lat' dir='ltr'>siderationibus</span> <span class='ocrx_word' id='word_1_468' title='bbox 452 3004 494 3034; x_wconf 84' lang='lat' dir='ltr'>ad</span> <span class='ocrx_word' id='word_1_469' title='bbox 530 3012 665 3033; x_wconf 85' lang='lat' dir='ltr'>coenam</span> <span class='ocrx_word' id='word_1_470' title='bbox 702 3012 815 3041; x_wconf 63' lang='lat' dir='ltr'>vocor,</span> <span class='ocrx_word' id='word_1_471' title='bbox 848 3004 988 3043; x_wconf 88' lang='lat' dir='ltr'>apponit</span> <span class='ocrx_word' id='word_1_472' title='bbox 1020 3003 1100 3032; x_wconf 85' lang='grc'><strong>1111111</strong></span> <span class='ocrx_word' id='word_1_473' title='bbox 1128 3012 1210 3032; x_wconf 78' lang='lat' dir='ltr'>uxor</span> <span class='ocrx_word' id='word_1_474' title='bbox 1240 3011 1312 3032; x_wconf 85' lang='lat' dir='ltr'>mea</span> <span class='ocrx_word' id='word_1_475' title='bbox 1346 3002 1534 3031; x_wconf 83' lang='lat' dir='ltr'>acetarium.</span> <span class='ocrx_word' id='word_1_476' title='bbox 1584 3000 1686 3039; x_wconf 69' lang='lat' dir='ltr'>Ergo,</span> <span class='ocrx_word' id='word_1_477' title='bbox 1721 2999 1855 3039; x_wconf 83' lang='lat' dir='ltr'>inquam</span> <span class='ocrx_word' id='word_1_478' title='bbox 1882 3009 1951 3039; x_wconf 82' lang='lat' dir='ltr'>ego,</span> 
     </span>
     <span class='ocr_line' id='line_1_49' title="bbox 160 3046 1952 3089; baseline -0.003 -7"><span class='ocrx_word' id='word_1_479' title='bbox 160 3053 188 3082; x_wconf 83' lang='lat' dir='ltr'>si</span> <span class='ocrx_word' id='word_1_480' title='bbox 213 3054 282 3082; x_wconf 86' lang='lat' dir='ltr'>toto</span> <span class='ocrx_word' id='word_1_481' title='bbox 309 3052 382 3081; x_wconf 64' lang='lat' dir='ltr'>aere</span> <span class='ocrx_word' id='word_1_482' title='bbox 407 3051 572 3081; x_wconf 83' lang='lat' dir='ltr'>consertae</span> <span class='ocrx_word' id='word_1_483' title='bbox 599 3049 776 3079; x_wconf 70' lang='lat' dir='ltr'>volitarent</span> <span class='ocrx_word' id='word_1_484' title='bbox 802 3051 937 3089; x_wconf 83' lang='lat' dir='ltr'>patinae</span> <span class='ocrx_word' id='word_1_485' title='bbox 963 3054 1127 3089; x_wconf 60' lang='lat' dir='ltr'>stauneae,</span> <span class='ocrx_word' id='word_1_486' title='bbox 1157 3047 1236 3078; x_wconf 66' lang='lat' dir='ltr'>folia</span> <span class='ocrx_word' id='word_1_487' title='bbox 1262 3050 1418 3086; x_wconf 74' lang='lat' dir='ltr'>lactucae,</span> <span class='ocrx_word' id='word_1_488' title='bbox 1444 3047 1548 3076; x_wconf 87' lang='lat' dir='ltr'>micae</span> <span class='ocrx_word' id='word_1_489' title='bbox 1574 3046 1667 3084; x_wconf 82' lang='lat' dir='ltr'>salis,</span> <span class='ocrx_word' id='word_1_490' title='bbox 1693 3049 1807 3083; x_wconf 76' lang='lat' dir='ltr'>guttae</span> <span class='ocrx_word' id='word_1_491' title='bbox 1834 3055 1952 3087; x_wconf 81' lang='lat' dir='ltr'>aquae,</span> 
     </span>
     <span class='ocr_line' id='line_1_50' title="bbox 160 3091 1953 3138; baseline -0.003 -10"><span class='ocrx_word' id='word_1_492' title='bbox 160 3098 265 3133; x_wconf 71' lang='lat' dir='ltr'>aceti,</span> <span class='ocrx_word' id='word_1_493' title='bbox 292 3098 376 3138; x_wconf 84' lang='lat' dir='ltr'>olei,</span> <span class='ocrx_word' id='word_1_494' title='bbox 403 3106 538 3127; x_wconf 88' lang='lat' dir='ltr'>ovorum</span> <span class='ocrx_word' id='word_1_495' title='bbox 573 3096 741 3134; x_wconf 71' lang='grc'><strong>(10005505,</strong></span> <span class='ocrx_word' id='word_1_496' title='bbox 775 3095 878 3135; x_wconf 85' lang='lat' dir='ltr'>idque</span> <span class='ocrx_word' id='word_1_497' title='bbox 903 3096 942 3125; x_wconf 85' lang='lat' dir='ltr'>ab</span> <span class='ocrx_word' id='word_1_498' title='bbox 971 3100 1102 3125; x_wconf 67' lang='lat' dir='ltr'>aeterno</span> <span class='ocrx_word' id='word_1_499' title='bbox 1130 3096 1241 3124; x_wconf 79' lang='lat' dir='ltr'>duret:</span> <span class='ocrx_word' id='word_1_500' title='bbox 1278 3095 1424 3124; x_wconf 89' lang='lat' dir='ltr'>futurum</span> <span class='ocrx_word' id='word_1_501' title='bbox 1450 3096 1499 3123; x_wconf 85' lang='lat' dir='ltr'>est</span> <span class='ocrx_word' id='word_1_502' title='bbox 1522 3092 1653 3122; x_wconf 86' lang='lat' dir='ltr'>tandem</span> <span class='ocrx_word' id='word_1_503' title='bbox 1680 3091 1878 3133; x_wconf 81' lang='lat' dir='ltr'>aliquando,</span> <span class='ocrx_word' id='word_1_504' title='bbox 1917 3097 1953 3123; x_wconf 83' lang='lat' dir='ltr'>ut</span> 
     </span>
     <span class='ocr_line' id='line_1_51' title="bbox 159 3138 1951 3182; baseline -0.003 -8"><span class='ocrx_word' id='word_1_505' title='bbox 159 3145 294 3174; x_wconf 84' lang='lat' dir='ltr'>fortuito</span> <span class='ocrx_word' id='word_1_506' title='bbox 320 3143 385 3174; x_wconf 82' lang='lat' dir='ltr'>tale</span> <span class='ocrx_word' id='word_1_507' title='bbox 411 3146 503 3174; x_wconf 86' lang='lat' dir='ltr'>coeat</span> <span class='ocrx_word' id='word_1_508' title='bbox 529 3142 729 3172; x_wconf 83' lang='lat' dir='ltr'>acetarium‘?</span> <span class='ocrx_word' id='word_1_509' title='bbox 763 3142 947 3182; x_wconf 81' lang='lat' dir='ltr'>Respondit</span> <span class='ocrx_word' id='word_1_510' title='bbox 974 3140 1063 3171; x_wconf 66' lang='lat' dir='ltr'>bella</span> <span class='ocrx_word' id='word_1_511' title='bbox 1087 3151 1175 3171; x_wconf 77' lang='lat' dir='ltr'>mea:</span> <span class='ocrx_word' id='word_1_512' title='bbox 1202 3141 1259 3171; x_wconf 79' lang='lat' dir='ltr'>sed</span> <span class='ocrx_word' id='word_1_513' title='bbox 1285 3151 1350 3171; x_wconf 86' lang='grc'><strong>11011</strong></span> <span class='ocrx_word' id='word_1_514' title='bbox 1377 3141 1438 3170; x_wconf 90' lang='lat' dir='ltr'>hoc</span> <span class='ocrx_word' id='word_1_515' title='bbox 1464 3139 1588 3176; x_wconf 84' lang='lat' dir='ltr'>decore,</span> <span class='ocrx_word' id='word_1_516' title='bbox 1614 3148 1720 3179; x_wconf 89' lang='lat' dir='ltr'>neque</span> <span class='ocrx_word' id='word_1_517' title='bbox 1739 3139 1800 3169; x_wconf 86' lang='lat' dir='ltr'>hoc</span> <span class='ocrx_word' id='word_1_518' title='bbox 1827 3138 1951 3172; x_wconf 86' lang='lat' dir='ltr'>ordine.</span> 
     </span>
     <span class='ocr_line' id='line_1_52' title="bbox 161 3185 1951 3232; baseline -0.003 -11"><span class='ocrx_word' id='word_1_519' title='bbox 161 3208 203 3213; x_wconf 97' lang='lat'><strong>—</strong></span> <span class='ocrx_word' id='word_1_520' title='bbox 221 3190 322 3221; x_wconf 84' lang='lat' dir='ltr'>Miser</span> <span class='ocrx_word' id='word_1_521' title='bbox 339 3199 408 3232; x_wconf 82' lang='lat' dir='ltr'>ego,</span> <span class='ocrx_word' id='word_1_522' title='bbox 428 3189 509 3230; x_wconf 86' lang='lat' dir='ltr'>quid</span> <span class='ocrx_word' id='word_1_523' title='bbox 528 3189 672 3221; x_wconf 82' lang='lat' dir='ltr'>afferrem</span> <span class='ocrx_word' id='word_1_524' title='bbox 688 3188 727 3219; x_wconf 89' lang='lat' dir='ltr'>ad</span> <span class='ocrx_word' id='word_1_525' title='bbox 745 3190 929 3220; x_wconf 86' lang='lat' dir='ltr'>sententiae</span> <span class='ocrx_word' id='word_1_526' title='bbox 947 3198 1039 3219; x_wconf 85' lang='lat' dir='ltr'>meae</span> <span class='ocrx_word' id='word_1_527' title='bbox 1058 3187 1306 3219; x_wconf 80' lang='lat' dir='ltr'>defensionem?</span> <span class='ocrx_word' id='word_1_528' title='bbox 1326 3186 1412 3219; x_wconf 52' lang='lat' dir='ltr'>‘Visa</span> <span class='ocrx_word' id='word_1_529' title='bbox 1433 3189 1481 3218; x_wconf 82' lang='lat' dir='ltr'>est</span> <span class='ocrx_word' id='word_1_530' title='bbox 1498 3185 1692 3218; x_wconf 86' lang='lat' dir='ltr'>verisimilia</span> <span class='ocrx_word' id='word_1_531' title='bbox 1710 3185 1816 3217; x_wconf 89' lang='lat' dir='ltr'>dicere</span> <span class='ocrx_word' id='word_1_532' title='bbox 1834 3187 1895 3220; x_wconf 75' lang='lat' dir='ltr'>etc,</span> <span class='ocrx_word' id='word_1_533' title='bbox 1909 3203 1951 3209; x_wconf 89' lang='lat'>—-</span> 
     </span>
    </p>
   </div>
  </div>
 </body>
</html>
