2126 3388
941 119 1048 158 1604,
1808 117 1891 163 759

89 255 196 292 6550,
239 242 381 293 quibus
412 254 459 282 cx
502 242 593 282 bilis
631 239 806 281 folliculo
843 244 996 280 meatus
1038 241 1076 279 in
1109 239 1368 281 ventriculum
1411 239 1512 289 abit,
1554 239 1621 289 qui
1650 238 1780 278 solent
1811 249 1897 278 esse

87 303 304 354 βραχυβιοι.

225 368 313 404 Post
339 368 541 404 absolutam
559 368 724 412 Opticam
742 365 848 402 rediit
865 365 1047 411 Keplerus
1074 367 1118 402 ad
1139 364 1404 401 Commentaria
1430 364 1570 406 Martis,
1596 374 1690 408 quac
1714 363 1783 398 hoc
1801 372 1896 398 anno

87 427 259 471 majorem
284 427 318 462 in
344 431 482 471 partem
509 425 665 462 absolvit
690 427 759 470 (etr.
786 426 850 459 vol.
879 428 936 458 111.
961 437 994 469 p.
1021 426 1066 468 7).
1115 425 1272 460 Martem
1303 421 1506 457 observavit
1530 432 1552 456 a
1577 421 1609 456 d.
1634 423 1692 457 27.
1718 420 1826 457 Febr.
1852 421 1898 456 ad

91 488 145 521 10.
171 484 308 525 Martii,
341 485 493 528 ejusque
524 483 731 529 parallaxes
766 482 962 527 inquisivit.
1018 482 1167 518 Praeter
1197 482 1291 517 hanc
1322 481 1359 516 in
1390 479 1518 514 Martis
1553 479 1710 515 motibus
1742 479 1898 514 locatam

89 554 237 588 operam
270 543 463 587 plurimum
490 542 627 577 laboris
655 547 690 577 et
716 541 887 585 temporis
915 545 1144 577 consumtum
1178 545 1233 576 est
1263 540 1300 575 in
1335 537 1560 574 observanda
1585 536 1898 581 describendaque

89 612 183 636 nova
208 600 325 642 stella,
353 610 459 644 quam
484 599 639 644 primum
665 598 855 643 conspexit
879 598 1059 642 Keplerus
1086 598 1143 633 die
1172 599 1224 634 17.
1253 598 1434 634 Octobris.

230 662 420 702 Descriptio
455 661 570 691 stellae
602 660 789 698 germanica
815 658 854 698 (Ι.
881 660 949 690 4ῖὸ
976 657 1033 700 55.)
1067 660 1219 690 absoluta
1252 663 1301 690 est
1326 669 1436 690 mense
1463 659 1649 697 Decembri⁷
1680 657 1783 698 paulo
1821 659 1898 698 post

89 709 194 740 missa
219 708 262 738 ad
288 708 479 740 Fabricium
505 716 579 737 cum
605 707 726 747 Optica
752 709 783 736 et
808 706 1023 743 Prognostico
1050 707 1084 735 in
1111 715 1232 736 annum
1260 707 1364 740 1605.
1404 706 1614 743 Prognostici
1633 704 1799 735 dedicatio
1820 704 1899 733 data

87 759 136 786 est
154 756 184 786 d.
204 756 258 788 23.
277 755 442 787 Octobris.
479 754 615 785 Senatui
632 753 837 790 Tubingensi
855 752 1011 793 Optieam
1031 752 1169 781 tradidit
1186 753 1347 793 Keplerus
1366 753 1417 783 his
1435 752 1602 791 adJ‘unetis
1625 751 1742 788 literis,
1762 750 1894 781 desum-

88 803 132 833 tis
150 812 190 833 ex
216 801 380 832 tabulario
398 801 623 841 Tubingensi,
647 799 829 829 liberaliter
855 808 911 829 eas
936 799 1034 829 nobis
1061 799 1259 829 concedente
1285 799 1470 840 professore
1495 797 1703 836 Tubingensi
1729 798 1772 830 D.
1800 796 1898 829 Roth.

226 859 463 906 Reverenffi,
506 858 668 897 Nobiles
700 863 738 896 et
771 857 985 895 Clarissimi
1017 857 1118 905 Viri⁷
1162 857 1372 908 Magnifice
1404 857 1453 896 D.
1488 855 1648 905 Rector,
1692 855 1890 904 ceterique

89 920 335 958 Professores
367 923 404 956 et
435 917 711 966 Praeceptores
744 915 1018 954 colendissimi.

230 977 327 1015 Cum
358 975 622 1025 superioribus
653 974 836 1012 nundinis
869 973 1259 1013 Francofortensibus
1289 973 1486 1023 specimen
1527 971 1643 1010 officii
1680 971 1775 1018 mei,
1820 981 1896 1019 quo

92 1038 130 1073 in
162 1047 348 1086 praesens
380 1034 484 1084 apud
516 1033 586 1072 S⁸¹¹¹
620 1033 693 1071 C⁸¹¹¹
724 1031 823 1071 Mtem
855 1032 1012 1082 fungor,
1050 1032 1351 1083 Paralipomena
1382 1030 1531 1068 scilicet
1563 1029 1612 1068 ad
1645 1029 1898 1074 Vitellionem

91 1106 160 1133 5011
183 1095 456 1132 Astronomiae
477 1098 626 1142 partem
650 1091 829 1142 Opticam
852 1095 890 1130 61
910 1092 948 1128 10
971 1103 1017 1129 ca
1040 1095 1246 1129 tractatum
1269 1089 1316 1129 de
1338 1089 1542 1128 verissima
1562 1089 1712 1127 ratione
1735 1088 1899 1125 visionis

94 1155 130 1190 iu
150 1153 350 1202 publicum
375 1151 564 1190 dederim:
587 1150 771 1189 admonet
791 1161 851 1188 mc
870 1149 1155 1199 Jucundissima
1177 1155 1215 1188 et
1235 1148 1459 1199 gratissima
1484 1146 1720 1184 Academiae
1743 1150 1898 1184 vestrae

90 1223 341 1260 meorumque
373 1211 410 1247 in
443 1222 488 1249 ea
518 1211 734 1260 positorum
766 1209 1040 1256 tirociniorum,
1074 1208 1355 1257 titulorumquc
1388 1213 1425 1244 et
1456 1205 1647 1243 honorum
1680 1204 1898 1253 acquisito-

88 1282 171 1308 rum
202 1268 431 1317 recordatio,
465 1272 508 1306 ut
540 1268 593 1307 M.
618 1267 663 1306 R.
687 1267 775 1305 VV.
799 1266 997 1316 exemplar
1029 1278 1159 1313 unum,
1192 1267 1225 1303 si
1259 1265 1418 1315 dignum
1449 1262 1657 1311 videbitur,
1691 1263 1728 1299 in
1749 1262 1898 1300 biblio-

89 1329 242 1367 thecam
265 1327 445 1366 Vestram
476 1325 717 1366 inferendum
739 1325 1011 1376 (Francofurto
1042 1337 1111 1374 per
1132 1325 1298 1363 Cellium
1317 1322 1540 1372 Tubingam
1561 1319 1900 1370 transportatum),

89 1387 323 1436 obsequiose
364 1386 523 1424 offeram
565 1390 683 1435 atque
728 1384 867 1422 donem
912 1388 950 1422 61
985 1383 1060 1421 1100
1101 1387 1216 1433 pacto
1255 1389 1443 1432 tanquam
1484 1392 1531 1419 ex
1571 1378 1778 1418 intervallo
1818 1378 1896 1417 mci

89 1446 315 1485 memoriam
346 1443 451 1494 apud
483 1443 537 1482 Μ,
571 1443 619 1483 R.
651 1442 700 1480 V.
734 1453 918 1481 renovem
951 1445 1069 1490 atque
1100 1453 1327 1491 propagem.

230 1502 343 1552 Quod
374 1514 502 1541 meum
534 1507 650 1541 tenue
682 1500 954 1539 munusculum
985 1500 1016 1537 si
1037 1499 1091 1537 M.
1116 1500 1162 1538 R.
1183 1500 1231 1538 V.
1255 1503 1409 1549 gratum
1440 1495 1628 1536 accidisse
1662 1493 1901 1543 intellexero,

90 1561 198 1600 dabit
228 1561 267 1599 id
298 1560 392 1599 mihi
423 1560 599 1599 stimulos
631 1560 681 1598 ad
713 1560 973 1597 astronomiae
1011 1563 1236 1608 exoptatam
1276 1557 1455 1596 omnibus
1488 1554 1711 1593 Academiis
1749 1557 1903 1592 restau-

89 1622 280 1659 rationem
313 1632 359 1658 ex
390 1620 530 1658 summi
562 1619 647 1657 Viri
668 1618 867 1669 Tychonis
899 1616 1027 1655 Brahe
1060 1616 1369 1666 diligentissimis
1402 1612 1743 1654 observationibus
1775 1611 1903 1650 conti-

94 1678 292 1717 nuandam
325 1683 362 1717 61
392 1690 461 1728 pro
501 1678 646 1726 ingenii
679 1678 898 1725 viriumque
932 1687 1105 1714 mearum
1136 1688 1160 1713 a
1192 1675 1277 1714 Deo
1310 1675 1469 1713 obtento
1510 1670 1669 1710 modulo
1701 1674 1904 1708 maturan-

93 1738 194 1776 dam.
256 1737 374 1786 Spem
406 1737 507 1775 enim
539 1735 629 1774 111116
662 1739 920 1785 concepturus
952 1745 1049 1782 sum,
1084 1735 1157 1772 etsi
1188 1735 1242 1772 rei
1273 1732 1476 1772 familiaris
1509 1729 1680 1779 aliquam
1707 1728 1904 1778 jacturam

92 1798 164 1834 sim
195 1796 379 1843 facturus,
412 1795 492 1833 fore
525 1800 655 1833 tamen
687 1793 782 1831 mihi
813 1794 852 1830 in
883 1793 1010 1842 patria
1040 1803 1128 1830 mea
1161 1792 1333 1830 fautores
1367 1794 1484 1839 atque
1516 1793 1702 1838 patronos
1733 1798 1811 1824 non
1834 1785 1904 1824 dc-

92 1855 202 1901 111105,
237 1855 302 1902 qui
334 1854 409 1891 mei
440 1864 666 1892 meorumve
700 1852 792 1890 olim
823 1852 1015 1889 rationem
1048 1851 1204 1889 0111οἰ00
1237 1851 1314 1888 51111
1344 1848 1535 1895 habituri,
1578 1857 1742 1895 meaque
1773 1843 1907 1883 studia

93 1913 335 1962 principibus
368 1913 460 1950 viris
493 1916 530 1950 et
561 1911 636 1950 sibi
669 1911 764 1961 ipsis
796 1908 1103 1949 commendaturi
1136 1914 1174 1948 et
1205 1920 1274 1959 pro
1297 1912 1514 1957 temporum
1537 1905 1788 1954 locorumque
1809 1914 1906 1942 con-

95 1971 241 2010 ditione
273 1971 572 2020 compensaturi.

234 2028 380 2068 Versor
407 2029 492 2078 jam
523 2030 561 2065 in
596 2027 893 2066 Commentariis
934 2025 982 2065 de
1022 2026 1193 2064 motibus
1225 2023 1363 2063 stellae
1393 2021 1551 2069 Martis,
1592 2021 1630 2058 in
1671 2018 1776 2070 quod
1809 2030 1908 2069 opus

99 2086 241 2135 resero,
287 2099 386 2137 quae
420 2089 523 2126 circa
552 2088 626 2124 hoc
657 2085 765 2124 sidus
809 2086 910 2123 intra
943 2084 1250 2134 quinquennium
1282 2081 1494 2120 continenti
1526 2079 1660 2118 laboro
1692 2076 1907 2128 exploravi,

101 2145 455 2185 manuducentibus
488 2144 703 2183 Braheanis
736 2143 1090 2190 observationibus,
1125 2147 1162 2181 61
1195 2140 1298 2191 quod
1326 2140 1409 2189 jam
1442 2138 1595 2177 demum
1627 2135 1764 2184 vide0‚
1796 2136 1909 2186 plura

100 2208 191 2242 51101
222 2203 476 2254 exploranda.
540 2202 650 2252 Quae
692 2204 777 2241 sive
809 2202 1007 2241 inveniam
1039 2202 1123 2239 sive
1168 2211 1264 2247 non,
1309 2203 1412 2236 certo
1444 2201 1502 2235 tot
1539 2197 1620 2246 jam
1652 2200 1689 2234 et
1719 2194 1815 2233 talia
1845 2195 1908 2230 in-

101 2266 217 2300 venta
248 2267 350 2311 sunt,
383 2267 425 2300 ut
458 2262 695 2300 astronomia
733 2260 849 2310 plane
887 2271 992 2298 nova
1022 2258 1147 2298 videri
1179 2259 1321 2308 possit3
1363 2255 1501 2305 quodsi
1541 2266 1601 2293 me
1642 2253 1688 2292 de
1719 2253 1793 2291 hac
1824 2253 1908 2290 vita

102 2320 289 2359 decedere
321 2323 532 2370 contingat,
566 2331 642 2358 non
675 2319 886 2369 publicatis
919 2323 956 2357 et
987 2319 1026 2355 in
1059 2317 1264 2356 discrimen
1285 2314 1464 2353 adductis
1496 2313 1603 2351 hisce
1634 2311 1730 2351 meis
1760 2310 1908 2348 labori-

101 2380 186 2426 bus,
220 2379 269 2417 ad
300 2378 596 2417 illustrationem
619 2377 870 2416 admirandae
891 2377 1108 2426 sapientiae
1141 2375 1297 2413 divinae
1328 2372 1624 2423 pertinentibus,
1657 2370 1697 2408 id
1729 2368 1908 2418 equidem
1963 2388 1967 2396 ι

102 2438 195 2475 mihi
236 2437 386 2476 accidet
427 2437 734 2475 acerbissimum.
797 2436 850 2473 At
882 2436 1128 2473 occasionem
1170 2432 1309 2472 edendi
1351 2430 1522 2469 nondum
1558 2429 1694 2468 video:
1738 2426 1908 2474 transegi

103 2497 205 2534 enim
238 2507 324 2534 cum
355 2495 488 2534 Nobili
520 2495 569 2532 D.
603 2495 812 2533 Francisco
845 2493 1112 2543 Tcngnaglio,
1146 2492 1186 2530 S.
1221 2491 1263 2529 C.
1296 2487 1376 2528 Mtis
1409 2488 1641 2527 Consiliario
1673 2485 1909 2523 Bohemica-

103 2566 185 2591 rum
220 2553 551 2603 Appellationum‚
585 2558 720 2602 utpote
741 2552 941 2602 Tychonis
964 2550 1092 2589 Brahe
1124 2562 1160 2600 p.
1184 2562 1233 2587 m.
1258 2559 1414 2598 genero,
1447 2552 1490 2585 ut
1520 2546 1587 2584 1116
1619 2544 1711 2582 1111111
1733 2541 1909 2580 Brahea-

104 2624 174 2650 nas
208 2612 504 2649 observationes
536 2622 650 2660 porro
684 2622 840 2659 quoque
871 2611 1085 2659 impertiret
1117 2609 1274 2656 (retinet
1306 2608 1408 2644 enim
1438 2604 1537 2652 illas,
1572 2601 1701 2652 quoad
1721 2599 1910 2638 haeredes

105 2670 232 2709 adhuc
263 2669 431 2708 sedecim
462 2668 586 2707 millia
616 2681 640 2706 a
673 2668 839 2707 Caesare
871 2668 1093 2717 recipiant),
1128 2678 1200 2716 ego
1232 2675 1324 2703 vero
1357 2663 1553 2712 obligatus
1584 2662 1668 2706 51111,
1701 2657 1797 2695 1111111
1827 2658 1911 2696 5106

105 2730 227 2778 ipsius
261 2739 453 2766 consensu
486 2726 611 2775 edere,
644 2728 871 2775 priusquam
900 2727 984 2775 ipsc
1016 2724 1191 2762 Tabulas
1221 2721 1474 2771 Rodolpheas
1505 2718 1699 2764 absolvat,
1730 2715 1780 2754 ad
1813 2726 1911 2764 quas

108 2786 217 2825 tarde
250 2797 335 2825 5050
368 2789 582 2834 comparat.
634 2783 682 2821 Et
712 2784 925 2833 periculum
958 2789 1028 2829 051,
1062 2787 1104 2820 111
1134 2783 1234 2819 51601
1263 2780 1452 2817 hactenus
1474 2775 1696 2823 identidem,
1720 2775 1776 2812 sic
1796 2784 1910 2824 porro

108 2856 263 2895 quoque
297 2856 383 2882 cum
415 2845 498 2892 ipso
531 2841 840 2880 contendendum
872 2841 964 2878 mihi
997 2842 1065 2887 sit,
1106 2838 1198 2876 dum
1229 2837 1295 2875 ille
1327 2837 1388 2874 sui
1426 2836 1548 2874 soceri
1587 2834 1794 2880 honorem,
1837 2842 1910 2881 ego

107 2905 326 2941 libertatem
358 2901 669 2952 philosophicam
699 2899 810 2937 unice
841 2903 1078 2948 spectamus.
1130 2896 1175 2933 In
1206 2895 1280 2933 hoc
1313 2905 1406 2932 casu
1438 2893 1658 2931 cautionem
1688 2890 1789 2928 hanc
1816 2889 1913 2927 mihi

108 2961 245 3000 suadet
276 2961 418 2999 fiducia
450 2961 696 2998 inventorum
727 2968 912 3004 meorum,
947 2960 989 2993 111
1020 2954 1239 3003 exemplum
1273 2952 1647 2991 Commentariorum
1678 2947 1783 2999 apud
1806 2948 1912 2986 Aca-

110 3020 274 3058 demiam
306 3020 472 3069 patriam
505 3017 711 3067 deponam,
746 3027 859 3066 quac,
892 3015 925 3053 si
955 3026 1016 3053 me
1051 3013 1250 3060 contingat
1280 3011 1389 3057 mori,
1422 3008 1632 3048 editionem
1656 3019 1787 3046 eorum
1819 3017 1913 3057 pro-

110 3083 227 3117 curet.
287 3078 372 3116 Etsi
403 3078 520 3128 igitur
551 3076 745 3116 decuisset
784 3086 846 3113 me
877 3074 951 3113 ista
982 3083 1051 3123 per
1082 3071 1132 3113 D.
1165 3068 1418 3109 Maestlinum
1456 3071 1644 3116 tractare,
1686 3069 1728 3105 at
1756 3066 1850 3116 quia
1879 3065 1912 3102 is
