2126 3388
284 188 366 231 738
956 188 1039 223 Vita
1067 187 1090 222 J
1092 187 1219 224 oannis
1245 187 1406 234 Kepleri.

284 317 406 355 usque
438 303 488 342 ad
517 303 727 342 solstitium
758 305 847 342 anni
878 307 1098 354 sequentis,
1130 318 1201 345 nec
1232 311 1322 345 ante
1354 305 1545 354 deseruit,
1579 318 1695 356 quam
1727 306 1904 346 Gratium
1937 319 2066 346 recur-

282 366 415 402 rissem
442 365 490 408 (v.
517 374 648 398 annum
673 365 777 408 seq.).
841 362 1036 401 Reversus
1066 363 1234 413 Pragam
1273 376 1403 403 mense
1436 364 1653 414 Septembri
1688 369 1818 411 1601,
1862 366 1958 403 duos
1989 377 2065 403 non

282 421 447 470 amplius
468 430 618 456 menses
641 418 836 469 Tychonis
858 423 1151 460 conversatione
1173 423 1246 461 frui
1267 425 1388 472 potui,
1411 434 1496 461 cum
1518 435 1618 461 mors
1639 423 1749 461 illum
1772 424 1832 462 die
1856 427 1920 462 24.
1944 422 2066 462 Octo-

280 481 358 518 bris
389 478 590 526 rapuisset.

417 544 728 587 Longomonta
740 555 818 579 nus
844 555 965 581 mense
988 546 1154 590 Augusto
1172 546 1225 581 ‘ad
1241 547 1436 591 Keplerum
1463 548 1625 583 Gratium
1650 546 1803 592 scripsit,
1829 547 2000 591 colligere
2025 557 2064 582 se

281 612 325 636 ex
350 600 462 635 literis
490 601 522 636 d.
549 601 605 637 20.
632 602 730 636 Junii
757 602 869 637 Gratii
896 603 1006 646 datis,
1032 604 1228 648 Keplerum
1255 605 1525 648 „vagabundam
1550 609 1710 640 nostram
1734 605 1874 639 Lunam
1900 607 2066 650 curare“;

280 660 398 703 ipsum
423 658 466 693 ab
494 658 572 702 ejus
598 659 698 694 abitu
732 659 948 704 hypothesin
974 661 1099 696 Lunae
1135 672 1264 706 „super
1286 661 1462 706 principio
1487 662 1553 696 tibi
1585 673 1703 697 coram
1731 665 1897 697 ostenso“
1934 661 2069 697 stabili-

279 717 372 752 visse
399 721 463 754 etc.
514 717 692 762 Keplerus
719 719 828 763 (anno
856 719 997 754 demum
1025 720 1132 763 1605)
1165 720 1255 755 haec
1286 721 1491 765 respondit:
1524 719 1637 755 Auno
1663 722 1771 756 1600
1804 731 1825 756 a
1858 719 2068 755 Februario

280 776 318 809 in
349 772 499 822 Majum
530 775 691 822 primam
723 776 965 824 potissimum
1006 782 1153 825 partem
1185 777 1375 825 sperando
1415 782 1452 815 et
1482 776 1731 824 imaginando
1765 777 1971 814 consumsi.
2033 776 2067 813 A

279 830 401 869 -Junio
434 833 471 868 in
506 830 712 869 Octobrem
745 845 828 869 sum
859 835 1123 882 peregrinatus
1158 840 1195 872 et
1225 834 1410 872 familiam
1443 834 1633 873 transtuli,
1678 835 1739 871 Ab
1762 833 1919 872 Octobri
1943 838 2064 872 1600.

284 891 322 925 in
346 889 567 938 Augustum
592 894 712 928 1601.
738 896 926 940 quartana
948 904 1008 930 nie
1031 894 1164 930 tenuit.
1205 892 1363 930 Interim
1386 894 1521 942 scripsi
1544 899 1676 930 contra
1698 890 1838 929 Ursum
1860 894 1900 938 (Ι.
1919 894 1987 930 217
2007 896 2068 938 ss.)

280 947 441 995 jubente
473 947 658 997 Tychone
692 953 730 986 et
759 949 838 986 alia
869 950 989 997 ipsius
1022 950 1150 987 studia
1180 962 1248 999 pro
1281 952 1403 999 ipsius
1435 951 1591 988 arbitrio
1625 955 1662 987 et
1694 951 1788 987 meis
1820 951 1966 988 viribus
1998 949 2070 987 ad-

276 1005 375 1054 juvi.
437 1005 667 1055 Speculatus
700 1018 785 1044 sum
816 1006 1040 1055 indignante
1062 1008 1246 1058 Tychone
1278 1011 1316 1045 in
1341 1009 1503 1056 Venere,
1535 1008 1738 1055 Mercurio,
1773 1008 1894 1056 Luna,
1928 1010 1966 1044 in
1995 1007 2070 1045 illis

280 1063 437 1111 utiliter,
470 1066 506 1100 in
539 1063 649 1101 Luna
679 1064 794 1113 plane
826 1065 977 1102 frustra.
1031 1065 1258 1114 Speculatus
1291 1078 1375 1104 sum
1407 1071 1444 1104 et
1474 1068 1512 1103 in
1536 1065 1672 1113 Marte,
1707 1068 1852 1104 correxi
1882 1068 2071 1116 inaequa-

281 1120 430 1158 litatem
462 1123 636 1170 primam,
669 1127 839 1160 correcta
872 1124 1013 1161 vitiosa
1042 1124 1321 1162 funde-mentali
1344 1125 1629 1171 observatione,
1663 1125 1854 1173 etiamque
1876 1125 1925 1162 ab
1948 1123 2073 1173 Aprili

283 1180 321 1215 in
351 1178 464 1217 finem
497 1180 665 1228 Augusti
698 1184 819 1227 (1601)
852 1183 1137 1229 peregrinatum
1168 1182 1247 1219 abii
1278 1185 1315 1219 in
1338 1182 1504 1232 Styriam
1527 1182 1661 1220 relicta
1680 1181 1831 1231 Pragae
1860 1193 1991 1222 uxore.
2016 1203 2066 1210 --

422 1239 534 1284 1601.
568 1243 778 1282 Revolutio
811 1246 921 1282 anni:
956 1246 1208 1284 Constellatio
1241 1247 1433 1294 significat
1463 1246 1618 1284 exilium
1641 1246 1689 1283 ob
1711 1245 1948 1294 religionem,
1978 1257 2066 1284 nam

287 1301 478 1350 pessimus
510 1306 590 1339 erat
633 1306 756 1340 status
799 1314 913 1341 verae
956 1304 1166 1353 religionis.
1197 1326 1251 1332 —
1283 1304 1392 1342 Haec
1432 1306 1571 1354 scripsi*
1599 1315 1699 1341 anno
1734 1307 1801 1342 95.
1862 1303 1939 1342 Sed
1971 1315 2071 1342 anno

283 1360 400 1408 priori
440 1365 603 1397 eventus
643 1360 854 1409 respondit.
916 1360 1002 1399 Hoc
1040 1374 1140 1400 anno
1182 1363 1294 1412 plura
1336 1362 1486 1409 decori,
1526 1362 1622 1399 febri
1660 1362 1838 1400 laboravi
1869 1366 2071 1411 quartana,

287 1419 358 1454 iter
389 1418 524 1455 inutile
557 1417 687 1455 habui.
749 1418 823 1456 Die
856 1423 921 1456 26.
956 1418 1158 1466 Octobris,
1207 1420 1324 1458 biduo
1365 1426 1454 1470 post
1484 1425 1643 1472 mortem
1675 1420 1896 1470 Tychonis‚
1937 1420 2071 1469 jussus

282 1486 368 1512 sum
400 1480 621 1524 exspectare
652 1475 836 1514 salarium
869 1476 1059 1516 Caesaris.
1120 1478 1166 1515 Id
1197 1478 1368 1516 nondum
1401 1475 1665 1516 confirmatum
1697 1483 1755 1516 est
1784 1478 1858 1516 hoc
1892 1482 1925 1516 1.
1949 1476 2070 1516 Octo-

285 1534 360 1570 bris
395 1538 516 1581 1602,
550 1545 625 1583 quo
656 1533 753 1572 haec
783 1535 921 1573 scribo.

421 1605 487 1640 Die
506 1605 800 1650 erebum-aga
816 1608 962 1643 nunciat
975 1609 1152 1653 Keplerus
1166 1609 1374 1644 Maestlino:
1408 1605 1681 1644 Consolatione
1714 1616 1821 1654 egeo,
1855 1605 1920 1654 qui
1953 1617 2071 1654 quar-

285 1665 376 1698 tana
407 1662 615 1698 etiamnum
645 1661 779 1699 laboro
813 1668 849 1701 et
870 1665 1024 1713 iusuper
1057 1666 1275 1715 periculosa
1296 1666 1405 1712 tussi,
1437 1676 1513 1702 non
1545 1666 1627 1702 sine
1650 1665 1869 1713 suspicione
1891 1663 2070 1711 hectices,

282 1718 356 1756 hoe
387 1723 444 1756 est
474 1720 595 1767 ipsius
627 1721 730 1757 vitae
762 1732 847 1758 cum
878 1723 1074 1772 periculo,
1101 1724 1185 1772 jam
1216 1729 1252 1761 et
1273 1736 1369 1761 uxor
1390 1727 1587 1772 aegrotat3
1618 1722 1698 1771 jam
1731 1721 1901 1759 nondum
1934 1726 2070 1771 quarto

281 1777 435 1826 penitus
475 1779 681 1826 praeterito
725 1790 855 1817 mense
898 1786 1049 1819 centum
1094 1782 1263 1820 thaleros
1305 1782 1455 1830 Pragae
1496 1779 1678 1829 expendi,
1722 1779 1821 1817 adde
1861 1781 2068 1817 viaticum:

285 1846 421 1883 parum
460 1840 559 1873 certe
603 1836 696 1873 mihi
735 1843 920 1886 superest.
982 1839 1109 1877 Multa
1146 1840 1281 1889 Tycbo
1320 1840 1524 1889 promittit,
1567 1832 1667 1887 quae
1706 1839 1739 1874 si
1781 1842 1909 1876 essent
1948 1839 2003 1875 ita
2032 1839 2070 1874 in

282 1894 404 1941 ipsius
434 1897 648 1941 potestate,
691 1905 804 1933 nemo
836 1901 937 1934 esset
967 1909 1027 1935 nie
1059 1900 1284 1935 contentior.
1346 1898 1482 1946 Itaque
1513 1898 1588 1934 nisi
1619 1896 1715 1934 haec
1757 1908 1844 1934 mea
1874 1896 2070 1934 festinatio

284 1955 321 1988 et
350 1950 544 1998 paschalis
585 1954 766 2001 temporis
807 1953 1012 1992 destinatio
1054 1957 1185 1993 mortis
1218 1957 1318 1994 circa
1348 1955 1386 1993 id
1417 1961 1568 2004 tempus
1609 1955 1820 2003 ingruentis
1853 1965 1964 1992 omen
1996 1958 2065 2000 est,

283 2008 521 2056 migrandum
545 2011 614 2047 erit
636 2012 789 2049 omuino
821 2012 870 2049 ad
901 2013 1058 2061 pascha.
1122 2014 1182 2051 Ad
1215 2026 1284 2052 vos
1316 2026 1376 2052 me
1407 2015 1507 2062 rapit
1536 2024 1643 2050 amor
1673 2013 1839 2061 patriae,
1872 2022 2071 2061 quaecun-

283 2078 357 2115 que
394 2068 443 2103 sit
475 2067 557 2115 ejus
588 2068 715 2106 futura
745 2070 908 2108 fortuna.
970 2071 1102 2109 Rebus
1133 2073 1382 2121 pereuntibus
1412 2072 1493 2120 jam
1525 2069 1645 2108 semel
1676 2070 1842 2117 interfui,
1874 2069 2070 2119 impavido

282 2136 365 2162 sum
398 2126 538 2162 animo.
561 2148 616 2155 -
638 2126 772 2175 Tycho
804 2140 959 2165 suarum
991 2130 1304 2168 observationum
1327 2141 1464 2178 parcus
1486 2134 1543 2167 est
1565 2127 1783 2175 admodum,
1818 2127 1911 2164 mihi
1942 2133 2071 2165 tamen

284 2193 414 2219 earum
445 2184 556 2231 copia
578 2184 828 2234 quotidiana3
860 2186 975 2223 modo
1008 2186 1252 2237 descriptioni
1295 2187 1522 2226 sufficerem.
1583 2185 1782 2223 Electione
1813 2187 1929 2235 igitur
1960 2197 2069 2234 opuS.

283 2239 344 2277 Tu
375 2241 508 2287 scribe,
542 2253 640 2289 quae
671 2244 914 2291 potissimum
946 2245 1116 2283 notanda
1147 2250 1184 2284 et
1214 2245 1453 2295 excerpenda
1483 2246 1553 2282 tibi
1587 2243 1799 2284 videantur.
1845 2243 1931 2282 Hoc
1952 2254 2070 2281 unum
2124 2242 2126 2286 j

283 2298 382 2335 hanc
413 2297 649 2347 Pragensem
681 2312 826 2338 moram
857 2302 1015 2339 solatur.
1041 2327 1092 2332 —

419 2363 501 2399 Jam
526 2365 703 2409 Keplerus
728 2366 890 2410 pluribus
915 2368 1025 2402 refert
1050 2368 1260 2410 Maestlino,
1293 2379 1384 2414 quae
1419 2369 1542 2414 Tycho
1574 2368 1609 2403 in
1641 2367 1780 2403 theoria
1804 2367 1929 2402 Lunae
1960 2366 2071 2410 agitet
2122 2408 2126 2422 ω

286 2421 411 2465 („put0
438 2421 535 2455 brevi
560 2421 676 2456 lucem
702 2423 835 2458 videbit
860 2424 994 2459 lunaris
1019 2425 1269 2470 hypothesis‘⁴]
1304 2431 1339 2461 et
1370 2426 1425 2461 his
1458 2426 1564 2461 finem
1595 2426 1699 2461 facit:
1734 2424 1894 2461 Morbus
1916 2434 1976 2461 me
1998 2423 2070 2460 ob-
2124 2449 2126 2459 1

284 2488 437 2515 scurum
467 2476 569 2525 facit,
603 2484 716 2517 antea
747 2479 833 2528 plus
867 2482 962 2518 satis
994 2481 1067 2518 hoc
1099 2482 1343 2519 obscuritatis
1376 2481 1476 2518 dono
1498 2481 1726 2530 praeditum.
1769 2482 1868 2519 Mihi
1899 2482 1973 2531 ipsi
1993 2491 2070 2518 non
2119 2502 2121 2533 2

284 2535 502 2583 satisfaci03
534 2535 602 2573 sed
635 2538 811 2574 existimo
844 2543 881 2576 te
913 2538 1062 2586 videre,
1094 2539 1182 2588 plus
1216 2538 1453 2576 difficultatis
1486 2551 1569 2577 esse
1601 2541 1638 2576 in
1670 2552 1747 2577 una
1779 2540 1912 2587 Luna,
1953 2550 2069 2588 quam
2118 2578 2119 2595 ἦ

285 2594 322 2628 in
354 2594 529 2631 omnibus
562 2593 739 2643 planetis.
802 2595 885 2645 Ego
917 2608 984 2645 per
1015 2596 1115 2634 hunc
1155 2609 1281 2635 meum
1312 2597 1487 2634 morbum
1520 2597 1614 2634 nihil
1646 2597 1773 2645 aliud,
1818 2609 1933 2647 quam
1965 2595 2069 2645 quod
2116 2645 2118 2651 ,

285 2655 417 2688 contra
447 2650 622 2689 Ursum
655 2653 792 2699 scribo,
825 2655 889 2691 ubi
920 2654 1015 2691 nihil
1047 2659 1183 2703 tango,
1217 2656 1290 2692 nisi
1322 2666 1420 2703 quae
1441 2655 1843 2694 attinentscientiam.
1870 2677 1920 2683 -—
1943 2655 2068 2702 Aegre

283 2709 385 2755 sero,
429 2714 465 2747 te
497 2721 619 2759 usque
651 2710 748 2748 adeo
780 2716 929 2759 tacere,
974 2723 1044 2750 nec
1077 2725 1161 2750 cum
1194 2713 1378 2762 Tychone
1407 2712 1537 2751 literas
1570 2713 1751 2752 conferre.
1813 2713 2068 2751 Consultissi-

282 2778 386 2803 mum
416 2778 508 2805 sane
540 2768 705 2816 faceres,
743 2770 775 2806 si
808 2769 980 2808 studeres
1012 2771 1301 2809 observationes
1345 2772 1377 2809 ei
1416 2782 1506 2808 suas
1545 2777 1783 2820 extorquere.
1843 2771 1943 2809 Nam
1974 2770 2066 2808 mire

283 2823 475 2862 hominem
507 2825 659 2864 fortuna
690 2827 872 2876 exagitat.
926 2827 1084 2877 Semper
1115 2829 1264 2878 perdito
1305 2827 1440 2866 similis
1471 2834 1665 2879 utcunque
1708 2834 1836 2867 tamen
1867 2828 2065 2876 eluctatur,
2112 2839 2113 2845 ¹

285 2881 449 2920 absurdo
481 2889 634 2931 eventu,
667 2886 699 2922 si
730 2885 859 2923 media
889 2886 937 2923 ad
969 2888 1176 2935 perniciem
1214 2888 1343 2936 potius
1387 2892 1607 2936 comparata
1637 2888 1833 2936 respicias.
1893 2885 2067 2924 Mitteres
2109 2880 2112 2937 j

284 2940 469 2978 nonnulla
501 2953 546 2979 ex
577 2944 652 2979 tuis
692 2943 1051 2992 observationibus,
1090 2945 1221 2993 credo,
1265 2950 1307 2982 ut
1339 2949 1396 2983 est
1427 2946 1465 2981 in
1498 2957 1638 2994 magna
1677 2956 1824 2982 morum
1864 2945 2064 2990 varietate,

284 2995 581 3036 humanissimus
613 3005 753 3046 tamen,
786 3003 952 3039 mitteret
983 3002 1030 3039 ad
1063 3007 1098 3041 te
1131 3004 1162 3041 si
1195 3015 1271 3052 qua
1303 3007 1340 3040 et
1371 3012 1411 3040 tu
1433 3002 1661 3051 postulares.
1699 3002 1800 3040 Nam
1833 3003 1904 3040 etsi
1939 3002 2067 3039 omnia
2107 3017 2108 3021 ¹

285 3054 378 3090 mihi
408 3061 551 3103 patent,
585 3057 793 3106 obliganda
815 3064 940 3097 tamen
963 3062 1067 3108 prius
1098 3060 1193 3098 fides
1224 3061 1295 3097 suit
1326 3060 1374 3097 ad
1396 3061 1636 3110 celationem,
1669 3072 1784 3110 quam
1817 3071 1888 3110 ego
1911 3059 2066 3110 quidem

287 3110 480 3160 pollicitus
512 3126 594 3151 sum
625 3117 907 3166 praestiturum,
939 3123 1126 3167 quantum
1155 3118 1429 3169 philosophum
1462 3118 1582 3157 decet.
