2126 3388
230 162 314 206 878
905 158 988 194 Vita
1013 157 1035 192 J
1038 157 1162 193 oannis
1186 156 1345 202 Kepleri.

371 279 533 317 Hiermit
564 278 608 314 E.
642 280 714 317 ete.
746 289 793 314 zu
826 276 912 315 dem
943 277 1321 315 vniiberwindliclien
1345 275 1487 314 Schutz
1520 274 1586 312 des
1617 275 1886 326 allmechtigen
1909 275 2012 315 Her-

234 352 319 378 rens
352 338 417 375 der
447 335 711 382 heerscharen,
746 334 821 372 vnd
855 334 1062 373 denselben
1094 336 1236 374 nebens
1268 333 1370 372 mich
1401 344 1471 371 zue
1503 332 1630 370 hohen
1662 331 1837 372 Giinsten
1872 335 2012 373 vnder-

232 395 418 435 denstlich
451 392 731 432 einbefehlend.

368 453 511 489 Datum
542 450 637 488 Linz
669 449 742 488 den
776 454 842 488 30.
878 449 1021 499 Aprilis
1057 454 1176 488 1620.

1191 508 1233 545 E.
1264 507 1312 544 V.
1342 507 1405 545 W.
1439 506 1516 544 vnd
1549 505 1724 544 Giinsten
1757 507 2011 546 vnderdenst-

1190 565 1267 603 lich
1288 565 1522 614 geflissener‚
1547 564 1729 602 weilandt
1752 565 1882 603 beider
1898 566 2009 604 R'om.

1189 622 1311 673 Kays.
1344 622 1431 663 Mtt.
1464 621 1661 671 Rudolphi
1700 622 1777 660 vnd
1808 623 2011 672 Matthiae,

1191 681 1267 718 vnd
1285 681 1392 729 jetzo
1414 680 1513 718 noch
1537 680 1627 718 dero
1648 679 1841 719 loblichen
1865 681 2012 719 Landt-

1188 739 1324 777 schafft
1367 741 1401 775 in
1445 737 1685 776 Oesterreich
1728 739 1776 776 ob
1812 738 2013 777 derEnns

1458 795 1762 834 Mathematikus

1440 854 1579 892 Johan
1611 853 1771 901 Kepler.

372 914 542 953 Eandem
582 912 786 963 epistolam
825 914 1066 950 inseruerunt
1103 912 1195 949 socii
1243 911 1413 949 historici
1454 912 1697 949 Palatinatus
1736 914 1943 962 superioris
1975 919 2012 951 et

236 973 475 1012 Ratisbonae
507 970 654 1017 libello,
687 982 800 1019 quem
833 981 932 1007 anno
959 970 1064 1008 1853
1101 969 1146 1007 de
1168 969 1338 1018 Keplero
1362 970 1573 1016 ediderunt,
1607 971 1717 1019 quasi
1750 970 1798 1007 ad
1829 970 2012 1009 Senatum

238 1031 561 1070 Ratisbonensem
595 1029 742 1076 datam,
777 1030 984 1066 omiserunt
1016 1033 1143 1065 autem
1175 1034 1390 1075 auctorem,
1422 1030 1482 1065 cui
1516 1027 1699 1065 deberent
1730 1028 1836 1066 illam
1868 1031 2014 1078 episto-

236 1089 324 1137 lam,
358 1100 471 1137 quam
506 1088 553 1125 ob
585 1098 663 1124 rem
687 1087 891 1134 nescimus,
924 1098 1014 1123 num
1050 1097 1138 1123 vera
1170 1087 1218 1123 sit
1251 1087 1445 1135 inscriptio
1478 1086 1526 1123 ad
1548 1085 1851 1124 Ratisbonenses
1883 1099 2014 1125 necne.

373 1145 479 1187 1621.
512 1144 720 1183 Revolutio
753 1146 856 1183 anni.
917 1144 1019 1181 Nata
1050 1143 1140 1181 mihi
1172 1149 1229 1181 est
1266 1143 1344 1181 filia
1378 1144 1545 1182 Cordula
1576 1148 1640 1181 22.
1672 1143 1849 1182 Januarii
1882 1145 2014 1183 Ratis-

234 1204 373 1242 bonae.
436 1203 639 1252 Baptisata
669 1202 907 1240 Ratisbonae
939 1214 961 1239 a
982 1201 1200 1248 Minderlin‚
1234 1204 1505 1240 concionatore
1536 1201 1785 1251 reipublicae.
1835 1203 2014 1240 Patrimi:

231 1262 279 1299 D.
313 1262 361 1299 D.
395 1260 550 1299 Johann
585 1260 865 1306 Oberndorffer,
897 1262 991 1309 reip.
1025 1266 1061 1297 et
1092 1261 1272 1308 principis
1314 1260 1505 1308 medicus,
1547 1260 1595 1297 D.
1628 1259 1797 1298 Cordula
1828 1260 2015 1299 Guraldin

229 1321 314 1369 geb.
347 1318 580 1357 Randolsfin.
645 1318 837 1356 Descendi
868 1318 1123 1355 Ratisbouam
1156 1330 1187 1355 c.
1221 1317 1255 1356 d.
1292 1323 1354 1358 20.
1386 1318 1584 1365 Januarii,
1617 1323 1655 1356 et
1685 1329 1815 1356 rursus
1845 1321 1883 1356 in
1916 1319 2016 1358 Sue-

231 1379 333 1415 viam
378 1378 487 1414 initio
533 1376 643 1425 Maji.
706 1376 847 1413 Totum
895 1388 1035 1413 annum
1080 1378 1116 1412 in
1163 1388 1278 1413 causa
1321 1378 1452 1414 matris
1497 1377 1658 1414 insumsi
1704 1378 1741 1412 in
1783 1374 2016 1430 irnperio.⁹⁶)

232 1436 473 1473 Francofurti
514 1435 615 1472 edidi
658 1434 856 1483 Epitomes
901 1434 1019 1472 libros
1053 1434 1099 1482 V,
1132 1434 1200 1480 VI,
1233 1434 1325 1481 VII,
1371 1439 1406 1472 et
1440 1434 1669 1484 Myste1·ium
1706 1445 1791 1472 cum
1834 1437 1936 1473 notis
1979 1442 2016 1473 et

234 1493 467 1543 Apologiam
500 1492 748 1530 Harmoniae.
791 1492 1001 1530 Novembri
1033 1503 1208 1530 reversus
1231 1491 1418 1540 Lincium,
1451 1493 1656 1531 Decembri
1688 1504 1711 1530 a
1733 1492 1898 1533 Caesare
1921 1494 2016 1532 Fer-

232 1551 398 1589 dinando
432 1563 515 1588 sum
549 1550 732 1588 adscitus.

368 1611 422 1646 Ad
459 1612 728 1655 Berneggerum
767 1610 965 1646 Ratisbona
1000 1611 1034 1645 d.
1076 1612 1129 1646 15.
1162 1611 1266 1648 Febr.
1306 1611 1396 1646 haec
1433 1611 1494 1645 dat
1530 1610 1728 1655 Keplerus:
1761 1609 2016 1647 Ratisbonam

234 1679 409 1705 reversus
442 1666 489 1703 ad
523 1667 721 1713 familiam,
756 1679 855 1715 quae
888 1678 948 1704 me
980 1666 1050 1703 suit
1080 1678 1124 1704 eo
1157 1678 1277 1715 usque
1309 1673 1452 1714 secuta,
1486 1672 1572 1705 tuas
1596 1669 1725 1704 inveni
1748 1667 1891 1706 literas,
1943 1667 2017 1705 Per

232 1731 273 1763 tu
306 1724 460 1774 quidem
502 1726 668 1774 benigne
708 1736 853 1774 perque
897 1725 1113 1762 humaniter
1154 1736 1212 1762 me
1252 1725 1445 1762 invitabas
1478 1726 1514 1762 in
1546 1726 1756 1774 gratuitum
1792 1725 2014 1775 hospitium,

231 1789 271 1821 at
301 1784 455 1821 fortuna
486 1782 572 1832 plus
605 1795 719 1832 quam
753 1782 917 1820 crudelis
950 1782 1124 1820 inducias
1156 1794 1230 1820 non
1264 1785 1463 1821 concessit.

372 1848 567 1882 Consilium
593 1853 719 1893 petens
747 1848 981 1893 Eerneggeri,
1017 1859 1100 1882 num
1124 1849 1160 1882 in
1186 1848 1349 1892 Angliam
1376 1852 1554 1893 trauseat,
1581 1849 1748 1884 hortante
1773 1849 1889 1894 Anglo
1915 1850 2016 1884 Wot-

233 1913 334 1951 tono,
367 1907 456 1942 haec
488 1906 530 1942 de
556 1906 691 1941 familia
725 1917 789 1941 sua
821 1907 1022 1951 subjungit:
1058 1905 1214 1942 Praeter
1246 1905 1361 1942 filium
1396 1905 1656 1952 Ludovicum,
1693 1906 1774 1955 jam
1813 1909 1859 1943 13
1895 1916 2016 1943 annos

231 1969 373 2010 natum,
406 1962 486 2000 filia
517 1963 608 1999 mihi
641 1964 782 2000 nubilis
816 1970 893 2010 est,
927 1964 1028 2001 filius
1061 1975 1107 2000 ex
1139 1963 1258 2001 altero
1292 1964 1470 2012 conjugio
1504 1963 1692 2009 bimulus,
1725 1963 1857 2012 puella
1888 1964 2014 2001 infans

232 2027 351 2058 matre
382 2032 583 2069 puerpera.
646 2021 934 2060 Haereditatem
975 2027 1185 2059 maternam
1228 2021 1431 2059 liberorum
1468 2022 1732 2070 reliquamque
1764 2033 1889 2059 meam
1921 2023 2016 2058 sub-

233 2080 412 2116 stantiam
446 2080 706 2127 pecuniariam
751 2086 880 2118 tenent
923 2084 1046 2117 status
1080 2080 1291 2125 Auso-iaci,
1333 2091 1493 2128 quorum
1537 2079 1698 2117 concilio
1739 2079 2016 2116 ordinariorum

232 2137 440 2182 dissoluto,
475 2137 576 2185 quod
609 2139 671 2186 agi
705 2137 838 2184 video,
880 2143 997 2175 restat
1037 2142 1077 2174 ut
1109 2140 1359 2175 communitas
1400 2138 1509 2175 bonis
1545 2138 1667 2175 cedat.
1730 2137 1864 2174 Vetuit
1896 2149 2016 2186 nuper

232 2195 409 2232 Bavarus
443 2195 503 2233 vel
536 2195 692 2232 obolum
724 2197 874 2244 erogari
906 2198 1119 2244 cuicunque
1152 2195 1366 2233 debitorum
1398 2200 1435 2233 ct
1467 2196 1658 2244 stipendia
1689 2197 1925 2233 merentium.
1972 2193 2018 2233 Id

235 2252 386 2301 quidem
429 2253 582 2291 mollius
616 2266 635 2291 e
667 2266 705 2291 re
736 2256 927 2302 praesenti
961 2256 1205 2302 interpretor,
1250 2255 1339 2301 quia
1370 2253 1545 2291 molliora
1578 2254 1657 2291 fata
1690 2261 1803 2302 opto,
1847 2254 2019 2302 suspicor

234 2316 360 2348 tamen
404 2312 574 2358 interim,
621 2313 712 2360 quia
743 2318 871 2349 metuo
916 2319 1141 2361 perpetuum
1173 2323 1225 2350 sc.
1258 2311 1348 2348 sore.
1412 2311 1519 2349 Haec
1552 2323 1603 2350 sc.
1647 2311 1723 2349 alia
1756 2318 1813 2348 est
1844 2313 2016 2358 materia,

237 2381 349 2417 quam
383 2370 548 2406 scribere
581 2369 626 2406 de
658 2375 750 2419 typo
782 2371 960 2418 imaginis
993 2381 1112 2407 aeneo
1146 2373 1182 2407 ct
1214 2369 1415 2407 similibus
1479 2369 1556 2406 Sed
1586 2375 1713 2408 tamen
1747 2371 1842 2407 scire
1865 2369 2015 2414 vellem,

234 2438 281 2464 an
312 2425 432 2464 libelli
454 2426 631 2476 Prosperi
664 2428 840 2476 edantur,
875 2427 995 2465 altera
1027 2430 1125 2466 enim
1158 2427 1290 2465 charta
1311 2426 1540 2475 Plen01·ii(‘?)
1573 2427 1743 2466 Senecae
1774 2428 1930 2465 minoris
1962 2433 2019 2465 est

235 2486 429 2522 momenti.

373 2541 653 2590 Gringalletus,
687 2544 724 2580 ni
754 2543 877 2589 fallor,
910 2543 1082 2581 libellum
1114 2543 1182 2579 tibi
1211 2545 1430 2589 (Epitomen)
1463 2541 1661 2593 ‹insspaior
1699 2543 1803 2581 dedit
1834 2543 2018 2592 physicae

236 2600 422 2640 coelestis.
459 2600 662 2651 *Tubinga
694 2602 811 2650 igitur
843 2614 865 2639 a
895 2602 1109 2650 professore
1131 2600 1311 2639 Hebraeo
1344 2606 1411 2639 aut
1437 2602 1519 2650 Jam
1540 2602 1732 2640 submissa
1752 2607 1810 2640 est
1840 2608 1906 2639 aut
1927 2611 2019 2649 pro-

373 2714 404 2758 *)
432 2717 467 2746 In
493 2715 614 2746 librum
641 2718 815 2747 memoriae
841 2726 967 2747 sacrum
992 2717 1074 2747 haec
1099 2717 1233 2757 scripsit
1257 2714 1439 2757 Keplerus:

630 2771 659 2806 Ο
684 2783 790 2807 curas
815 2773 1009 2815 hominum,
1038 2783 1057 2806 ο
1083 2776 1257 2816 quantum
1282 2776 1333 2806 est
1357 2772 1397 2806 in
1420 2772 1526 2806 rebus
1552 2772 1680 2807 inane!

624 2818 804 2854 Dominos
827 2820 1018 2863 recipiunt,
1044 2819 1128 2854 dum
1152 2819 1330 2862 repellunt
1354 2819 1520 2853 maxime.

373 2878 540 2919 Stephano
568 2878 699 2916 Lausio,
724 2878 984 2909 Amiso-Austrio
1011 2879 1126 2919 scripsi
1153 2879 1297 2909 Joaunes
1322 2879 1496 2918 Kep]erus‚
1524 2878 1674 2908 ordinum
1694 2878 1843 2908 Austriae
1860 2877 2018 2918 Suprani-

238 2933 335 2954 sanae
362 2924 636 2964 Mathematicus,
672 2926 826 2965 publicae
860 2925 1057 2956 calamitatis
1089 2926 1212 2955 intuitu
1244 2926 1409 2964 privatum
1443 2934 1621 2955 moerorem
1645 2922 1802 2955 tolerans.
1851 2924 2019 2963 Tubingae

238 2974 337 3010 postr.
365 2970 437 3003 Cal.
463 2970 535 3002 (lan.
565 2972 662 3003 1621.

376 3017 499 3047 Eodem
526 3017 577 3048 die
603 3018 645 3047 ad
671 3019 770 3048 alium
797 3019 955 3049 amicum:

629 3072 746 3107 Haud
770 3075 879 3109 sentit
904 3074 998 3115 bene,
1024 3073 1087 3118 qui
1111 3073 1257 3108 disserit
1280 3073 1382 3108 haud
1406 3074 1501 3108 bene.

628 3117 658 3153 O
683 3129 788 3154 curas
812 3119 1021 3155 hominum!
1061 3119 1090 3155 O
1108 3121 1253 3164 proelia
1276 3120 1430 3155 inania!
