2177 3408
491 184 729 221 Summarium
753 183 936 220 Historiae
959 182 1210 220 Astronomiae
1235 183 1358 220 seculo
1385 183 1481 221 XVI.
1797 186 1879 230 641

83 304 296 343 subtractis
325 306 528 354 scrupulis
558 305 732 351 totidem,
767 310 864 354 quot
894 307 1035 354 quovis
1055 304 1139 342 loco
1159 304 1293 351 major
1321 305 1445 354 fuisse
1465 305 1644 344 creditur
1665 306 1879 356 obliquitas

85 364 286 412 eclipticae
315 364 388 402 sub
411 364 653 410 Ptolemaeo,
686 365 740 401 sic
769 368 919 412 tamen,
954 369 1000 401 ut
1029 362 1198 400 rotundi
1226 366 1390 401 numeri
1421 367 1545 403 vicini
1574 366 1682 403 ratio
1711 365 1879 403 habere-

84 426 166 459 tur.
230 422 446 460 Praestare
477 427 612 460 autem
643 423 801 470 putavi,
834 433 1026 471 yraecum
1056 421 1118 458 hic
1148 425 1301 458 tea-tum
1327 422 1548 462 Ptolemaei
1563 425 1738 473 propius
1757 427 1879 473 sequi,

85 491 209 528 quam
248 492 338 518 cum
378 483 512 519 ceteris
544 481 805 528 PrutenicaS,
854 479 1122 528 Copernicum
1161 484 1198 516 et
1228 479 1518 529 Alphonsinos,
1560 484 1632 531 qui
1672 482 1881 520 arabicam

86 538 308 587 Almayesti
341 541 561 577 versionem
601 541 722 576 secuti
754 550 831 576 esse
862 539 1074 585 videntur,
1114 542 1161 574 ut
1189 537 1262 575 hoc
1287 544 1407 586 pacto
1438 541 1670 590 conferendi
1710 542 1814 578 inter
1844 552 1882 578 se

84 598 282 635 versiones
320 599 564 636 occasionem
604 597 971 643 subministrarem,
1014 601 1050 634 et
1091 597 1188 644 quia
1234 597 1433 635 incertum
1464 604 1537 646 est,
1583 601 1881 638 correxerintne

83 654 238 692 Arabes
269 658 313 693 in
346 656 600 694 Ptolemaicis
630 657 713 693 istis
744 656 900 704 aliqua,
934 668 989 694 an.
1021 656 1152 693 omnis
1183 656 1414 693 versionum
1447 657 1656 695 diversitas
1688 671 1713 696 a
1744 662 1881 696 trans-

84 714 328 760 scriptorum
360 716 525 751 incuria
556 715 605 751 sit
637 719 738 752 orta.
803 715 969 751 Paucae
998 717 1104 758 sunt,
1139 713 1280 761 quibus
1311 726 1380 762 eqo
1412 727 1582 753 manum
1615 716 1789 764 admovi,
1823 717 1883 754 vel

83 772 129 807 in
161 771 263 810 libro
294 771 340 809 de
373 772 499 810 Stella
532 772 649 810 Nova
682 773 742 809 vel
773 773 887 810 alias.
931 777 991 817 (Ex
1019 777 1101 810 Tab.
1126 775 1226 816 Rud.)

227 838 352 883 Tycho
378 838 507 872 refert:
538 837 718 879 „Jacobus
736 838 941 872 Florentius
960 837 1307 874 Amstelodamensis
1333 840 1441 874 misso
1468 840 1540 875 huc
1564 840 1636 875 filio
1656 852 1720 877 suo
1739 841 1884 886 globum

85 895 277 930 coelestem
303 895 499 930 secundum
525 900 685 930 nostram
710 895 804 930 113110
829 897 864 930 111
891 896 1081 930 affixarum
1107 895 1194 931 locis
1221 896 1512 939 verificationem,
1538 898 1712 934 hactenus
1731 901 1884 935 usitatos

88 953 302 988 certitudine
328 958 363 988 et
388 954 514 988 solerti
539 954 784 989 elaboratione
809 954 916 999 longe
943 958 1257 999 exsuperaturum,
1284 955 1504 989 adornavit&
1542 956 1772 991 Wilhelmum
1793 958 1883 992 Has-

89 1011 163 1047 siae
181 1012 447 1056 Landgravium
473 1023 698 1057 summopere
723 1012 859 1054 laudat,
886 1012 948 1057 qui
973 1012 1068 1047 ultra
1094 1013 1138 1048 30
1163 1024 1276 1048 annos
1303 1013 1428 1048 stellas
1454 1014 1694 1049 observaverit
1713 1020 1748 1049 et
1767 1027 1796 1051 c.
1816 1016 1884 1051 400

85 1070 237 1106 fixarum
256 1071 336 1106 loca
354 1071 598 1116 constituerit:
619 1071 786 1106 aberrare
803 1081 888 1106 vero
913 1071 949 1106 111
975 1071 1200 1115 longitudine
1225 1071 1358 1116 ubique
1383 1072 1457 1107 fere
1478 1074 1496 1107 5
1517 1078 1551 1107 et
1572 1073 1592 1108 6
1617 1073 1773 1117 minutis,
1801 1074 1884 1108 dum

83 1134 233 1174 uterque
250 1130 288 1164 111
304 1129 492 1165 latitudine
504 1129 744 1166 consentiant.
772 1129 894 1175 Tycho
912 1128 1023 1164 refert
1041 1140 1185 1164 causam
1204 1129 1427 1166 differentiae
1445 1131 1481 1165 in
1499 1130 1747 1166 refractionem
1766 1132 1884 1165 aWil-

84 1187 203 1223 helmo
237 1188 436 1233 neglectam
468 1192 502 1222 et
537 1189 621 1232 quia
653 1198 718 1232 per
751 1188 932 1222 azimutha
965 1193 1000 1223 et
1034 1188 1242 1223 altitudines
1284 1188 1570 1224 emendationem
1601 1199 1792 1233 aggressus
1828 1190 1883 1228 sit,

89 1258 203 1292 „quae
228 1248 318 1283 ratio
352 1247 456 1282 nimis
482 1247 620 1282 lubrica
652 1251 707 1282 est
733 1251 768 1282 et
793 1247 899 1281 variis
927 1247 969 1281 de
995 1246 1112 1282 causis
1144 1246 1418 1281 hallucinationi
1453 1246 1650 1291 obnoxia“;
1684 1246 1886 1281 mirandum

86 1316 178 1350 esse,
204 1306 322 1350 ipsum
347 1306 416 1341 hac
440 1307 580 1341 ratione
607 1306 652 1341 ad
678 1309 817 1340 tantam
842 1304 1102 1349 praecisionem
1128 1305 1352 1349 pervenisse.
1403 1304 1549 1347 „Laude
1577 1304 1795 1349 sempiterna
1813 1304 1887 1347 dig-

85 1377 168 1400 num
196 1370 252 1400 est
279 1365 404 1410 optimi
428 1365 525 1401 illius
551 1364 724 1410 principis
751 1364 930 1407 studium,
965 1364 1062 1409 quod
1095 1368 1168 1398 tam
1195 1363 1306 1398 arduo
1334 1367 1467 1398 conatu
1501 1367 1675 1406 tantaque
1703 1360 1887 1404 diligentia

82 1424 235 1460 fixarum
261 1424 545 1459 emendationem
572 1423 740 1468 expedire
766 1423 987 1458 sustinuerit.
1038 1422 1244 1468 optandum
1271 1421 1381 1465 foret,
1415 1421 1582 1456 eximium
1608 1421 1703 1455 hunc
1728 1419 1886 1454 laborem

85 1482 121 1518 in
146 1488 359 1528 perpetuam
383 1483 648 1528 Landgraviani
673 1481 826 1516 nominis
853 1481 1132 1516 celebrationem
1157 1485 1296 1516 mature
1321 1479 1455 1525 publici
1475 1480 1566 1524 juris
1584 1479 1695 1519 reddi,
1720 1490 1786 1514 nec
1806 1479 1884 1522 ejus

86 1540 140 1575 rei
174 1541 323 1585 cupidos
355 1552 420 1577 suo
455 1540 632 1576 desiderio
664 1540 768 1574 nimis
804 1539 864 1574 diu
897 1539 1109 1575 frustratum
1140 1540 1217 1574 iri.“
1261 1540 1428 1582 (Edidisse
1455 1543 1586 1571 constat
1618 1543 1746 1580 partem
1773 1541 1886 1570 obser-

85 1596 255 1626 vationum
291 1596 522 1626 Hassiacarum
548 1595 806 1626 willebrordum
841 1595 1054 1626 Snellium
1079 1595 1187 1633 Lugd.
1214 1595 1288 1626 Bat.
1317 1592 1431 1635 1618.)
1463 1610 1506 1614 -
1539 1591 1598 1624 Ex
1624 1590 1788 1633 catalogo
1821 1599 1885 1624 suo

90 1644 198 1689 elegit
222 1645 345 1691 Tycho
372 1646 440 1681 100
464 1646 566 1690 fixas,
593 1655 684 1689 quas
709 1645 755 1680 ad
781 1656 894 1681 annos
925 1646 1013 1682 1600
1039 1650 1074 1680 01
1096 1646 1183 1681 1700
1201 1644 1399 1680 secundum
1425 1655 1499 1680 330.
1525 1649 1644 1679 100133
1670 1648 1704 1677 et
1731 1642 1885 1677 declina-

84 1701 201 1738 tiones
227 1706 452 1747 computatas
478 1702 656 1747 prioribus
682 1702 858 1747 adjunxit.

223 1761 472 1797 Refractiones
505 1761 692 1796 stellarum
723 1771 916 1806 aggressus
949 1761 1133 1797 contendit
1159 1762 1301 1808 Tycho,
1335 1762 1616 1807 deprehendisse
1649 1771 1688 1795 se
1724 1759 1884 1801 „collatis

84 1820 248 1865 plurimis
272 1820 564 1865 praecedentium
588 1819 727 1865 aliquot
752 1831 926 1855 annorum
952 1821 1357 1864 animadversionibus“,
1389 1819 1622 1854 refractiones
1649 1818 1802 1852 fixarum
1827 1818 1883 1862 4}st

87 1889 194 1922 quam
217 1878 380 1922 proxime
406 1878 582 1914 solaribus
607 1879 765 1913 minores
791 1880 950 1914 evenire.
983 1880 1065 1923 (Cfr.
1091 1883 1154 1912 vol.
1183 1882 1224 1914 II.
1251 1892 1285 1922 p.
1312 1883 1379 1913 403
1408 1891 1446 1916 s..
1473 1881 1532 1910 ubi
1557 1878 1692 1909 tabulas
1718 1879 1884 1917 Tychonis

86 1934 318 1964 refractionum
346 1932 445 1976 Solis,
472 1935 583 1965 Lunae
611 1937 642 1964 et
666 1932 809 1964 fixarum
835 1943 900 1964 uuo
927 1935 961 1963 in
989 1938 1171 1974 conspectu
1196 1935 1307 1964 videre
1334 1933 1438 1974 licet.)
1482 1931 1633 1965 Causam
1659 1930 1767 1973 hujUS
1786 1928 1884 1963 diffe-

88 1983 226 2018 rentiae
256 1982 393 2018 nullam
425 1983 546 2028 affert,
581 1983 771 2019 referenda
803 1995 887 2019 vero
915 1989 970 2019 est
994 1984 1032 2018 in
1056 1983 1218 2028 nimiam,
1253 1994 1360 2028 quam
1385 1983 1525 2028 posuit,
1554 1982 1646 2017 Solis
1672 1981 1883 2026 parallaxin,

90 2042 193 2086 cujus
220 2042 352 2077 erroris
379 2052 522 2077 causam
548 2042 727 2087 Keplerus
752 2041 903 2085 inquirit
926 2041 998 2076 vol.
1024 2041 1087 2076 III.
1113 2053 1149 2086 p.
1176 2042 1243 2077 ‘219
1269 2041 1440 2085 illamque
1465 2040 1731 2085 inquisitionem
1756 2039 1887 2083 repetit

87 2100 156 2135 vol.
183 2100 261 2135 VII.
287 2112 322 2145 p.
348 2101 428 2136 271.
461 2121 504 2126 -
534 2101 660 2135 Finem
695 2100 781 2134 facit
817 2099 942 2145 Tycho
974 2099 1083 2143 hujus
1117 2099 1267 2144 capitis,
1301 2111 1372 2144 quo
1407 2099 1591 2133 stellarum
1621 2098 1771 2132 fixarum
1807 2097 1886 2130 loca

89 2158 332 2204 stabiliuntur,
358 2159 649 2204 trigonometrice
674 2158 858 2202 inquirens
884 2158 966 2192 loca
991 2158 1035 2193 20·
1074 2157 1259 2192 stellarum
1285 2157 1515 2201 Cassiopeiae
1547 2157 1593 2191 ad
1626 2166 1758 2190 annum
1786 2154 1885 2195 1572,

90 2226 181 2259 quae
217 2227 338 2252 omnes
369 2216 405 2250 in
438 2216 602 2260 catalogo
637 2215 823 2251 stellarum
856 2215 1194 2260 deprehenduntur,
1232 2214 1363 2249 additis
1395 2213 1678 2259 longitudinibus
1704 2212 1769 2246 24¹.
1818 2210 1887 2245 Hic

89 2274 220 2309 iterum
244 2275 439 2321 repetitum
465 2275 620 2311 occurrit
644 2274 808 2310 verbum:
847 2273 972 2318 „plura
1006 2273 1049 2308 de
1075 2273 1190 2308 stellis
1216 2273 1295 2308 fixis
1331 2273 1510 2316 integrum
1536 2277 1698 2307 nostrum
1724 2275 1885 2305 astrono-

93 2333 207 2368 micae
231 2333 501 2369 instaurationis
527 2345 618 2378 opus
645 2333 925 2378 suppeditabit.“

227 2392 447 2437 Secundum,
474 2397 537 2428 aut
562 2393 591 2427 si
616 2402 748 2426 annum
776 2402 845 2435 quo
871 2391 965 2436 typis
992 2402 1203 2436 expressum
1231 2395 1286 2426 est
1314 2390 1544 2435 respicimus,
1570 2390 1721 2435 primum
1747 2387 1885 2432 Tycho-

93 2449 150 2484 nis
176 2460 266 2494 opus
293 2450 463 2485 emissum
488 2456 543 2486 est
569 2461 662 2485 anno
688 2450 780 2484 1558
804 2450 1040 2495 Uraniburgi,
1066 2451 1297 2496 inscriptum:
1332 2451 1389 2485 De
1414 2450 1551 2485 Mundi
1574 2448 1745 2485 Aether-ei
1770 2457 1886 2481 recen-

91 2509 247 2544 tioribus
266 2509 529 2553 phaenomenis
553 2511 642 2545 liber
666 2510 854 2553 secundus,
881 2509 944 2554 qui
969 2513 1020 2544 est
1045 2510 1088 2544 cle
1112 2510 1245 2545 illustri
1270 2510 1373 2544 stella
1398 2509 1569 2550 caudata,
1596 2508 1640 2542 ab
1667 2507 1789 2550 elapso
1812 2505 1886 2548 fere

93 2566 223 2602 triente
248 2566 464 2603 Novembris
489 2569 581 2603 anni
606 2571 683 2601 1577
708 2579 820 2613 usque
850 2568 890 2602 in
923 2568 1031 2611 finem
1055 2568 1238 2603 Januarii
1270 2567 1450 2611 sequentis
1481 2569 1681 2610 conspecta.
1732 2561 1886 2605 (Eadem

91 2623 217 2665 editio,
252 2634 343 2658 novo
375 2630 515 2659 tantum
547 2624 652 2660 titulo
680 2631 715 2660 et
740 2625 962 2670 praefatione
988 2625 1223 2669 Tengnagelii
1256 2625 1450 2667 instructa,
1484 2633 1616 2658 annum
1640 2631 1727 2665 prae
1752 2631 1790 2654 se
1816 2620 1886 2654 fert

83 2672 197 2722 4603,
223 2681 303 2726 alia,
328 2681 458 2717 iterum
482 2687 616 2717 mutato
641 2688 782 2718 tantum
807 2684 932 2726 titulo,
968 2693 1100 2718 annum
1128 2684 1234 2727 1610,
1271 2682 1379 2717 editio
1406 2691 1487 2715 vere
1519 2691 1611 2715 nova
1635 2678 1768 2723 prodiit
1792 2688 1884 2712 anno

96 2739 185 2775 1648
209 2739 466 2784 Francofurti.)

232 2799 390 2832 Primum
416 2798 667 2835 animadvertit
692 2800 814 2844 Tycho
841 2804 1016 2834 cometam
1040 2800 1076 2834 in
1102 2800 1255 2834 Huenna
1279 2798 1396 2832 insula
1422 2797 1478 2831 die
1496 2796 1551 2831 13.
1569 2795 1660 2830 Nov.
1678 2794 1784 2839 paulo
1803 2798 1886 2828 ante

98 2856 189 2891 Solis
215 2867 396 2892 occasum.
445 2857 667 2892 Diametrum
693 2858 819 2902 capitis
846 2857 982 2902 colligit
1008 2859 1059 2900 5⁴,
1096 2856 1356 2899 longitudinem
1391 2854 1526 2889 caudae
1552 2854 1624 2888 22⁰.
1672 2852 1840 2887 Distabat
1866 2861 1886 2886 a

99 2914 272 2950 lucidiore
297 2915 459 2952 Vulturis
485 2916 549 2951 26⁰
572 2916 628 2950 48¹
655 2921 692 2950 et
716 2916 760 2950 ab
786 2916 953 2951 inferiore
978 2916 1014 2950 in
1039 2914 1154 2949 cauda
1183 2917 1213 2954 z
1239 2914 1303 2946 ‘21⁰
1329 2913 1393 2948 19¹.
1446 2912 1523 2955 Quo
1558 2911 1760 2946 accuratius
1786 2909 1885 2944 locus

102 2979 262 3010 cometae
286 2975 448 3019 prodeat,
475 2974 556 3009 loca
579 2974 707 3008 harum
733 2973 918 3008 stellarum
943 2973 1166 3015 aliarumque
1192 2972 1236 3006 10
1261 2970 1493 3014 insigniorum
1518 2969 1677 3013 Aquarii,
1703 2968 1833 3012 Pegasi
1850 2973 1885 3002 01

96 3033 216 3078 Lyrae
240 3033 386 3069 exhibet
410 3038 556 3078 auctor,
591 3032 724 3067 additis
753 3031 842 3066 locis
869 3041 991 3066 earum
1016 3041 1061 3065 ex
1084 3027 1318 3072 Alphonsinis
1351 3033 1386 3062 et
1412 3027 1602 3071 Copernici
1625 3025 1768 3061 tabulis.
1817 3025 1885 3060 Ob-

99 3092 320 3128 servationes
341 3097 502 3128 cometae
520 3091 749 3127 continuatae
766 3095 851 3126 sunt
867 3100 982 3135 usque
1007 3088 1053 3124 ad
1078 3089 1132 3124 26.
1158 3088 1179 3122 J
1183 3098 1238 3122 an.
1258 3087 1358 3129 1578,
1387 3097 1457 3130 quo
1477 3086 1533 3121 die
1550 3085 1707 3120 evanuit.
1748 3084 1886 3118 Eadem

102 3161 316 3197 progressus
341 3151 536 3197 diligentia,
563 3160 669 3195 quam
695 3149 997 3195 deprehendimus
1021 3148 1059 3183 in
1083 3146 1190 3183 stella
1213 3155 1306 3182 nova
1330 3144 1414 3181 anni
1443 3144 1547 3190 1572,
1574 3148 1610 3178 et
1634 3153 1704 3188 qua
1729 3151 1816 3178 usus
1842 3140 1888 3176 sit

169 3210 268 3244 Opera
283 3211 409 3244 Kepleri
425 3210 508 3238 vm.
1567 3202 1612 3238 42
