2126 3388
935 203 1038 240 1618.
1790 205 1874 250 853

72 319 401 364 Progymnasmatis
417 319 597 364 Tychonis
623 329 694 354 non
713 323 870 358 exstent.
910 320 1036 357 Monet
1054 320 1252 367 Kepierum
1277 324 1317 356 ut
1333 322 1519 366 promissis
1544 325 1634 359 stet:
1661 321 1739 366 „his
1759 321 1876 358 calcar

73 377 236 422 adderes,
273 382 312 414 ut
346 378 508 422 singulos
543 377 752 414 asterismos
787 377 1022 423 delinearem,
1059 379 1261 414 delineatos
1292 378 1357 414 tibi
1382 379 1427 415 ad
1453 379 1672 416 censendum
1697 378 1874 424 offerrem,

73 436 230 472 censitos
256 446 340 471 vero
366 436 441 472 aeri
465 437 659 472 inciderem
685 441 721 472 et
746 436 811 472 sub
838 438 1009 482 auspiciis
1035 438 1107 473 tuis
1134 437 1393 483 publicem-em&
1441 438 1581 474 Deinde
1605 438 1725 481 refert,
1753 449 1790 474 se
1816 449 1875 475 oc-

72 493 217 528 casione
241 494 338 530 illius
365 495 649 531 conversationis
677 496 720 531 de
746 507 837 531 novo
856 496 901 531 ad
919 496 1098 532 mathesin
1117 497 1273 532 animum
1293 497 1495 542 applicasse
1513 502 1549 532 et
1566 498 1740 533 hactenus
1765 498 1875 543 trigo-

72 553 247 587 nometria
272 553 465 598 praecipue
492 559 708 598 occupatum
735 553 860 589 fuisse.
909 555 1002 590 Hinc
1034 560 1148 590 ortam
1187 555 1252 590 sibi
1278 565 1358 590 esse
1393 555 1614 600 opinionem,
1647 567 1767 591 annon
1799 556 1876 591 sine

71 621 208 646 canone
234 612 374 647 sinuum
400 612 582 657 triangula
609 612 699 648 solvi
724 612 887 657 possint?
940 613 1112 655 „Videtur
1137 614 1231 648 enim
1262 613 1393 649 misera
1425 624 1482 649 ars
1517 623 1614 658 esse,
1651 625 1744 658 quae
1776 613 1876 650 hisce

71 669 202 706 tabulis
229 681 371 716 semper
404 671 541 716 indiget
575 677 685 715 atque
717 670 844 705 infelix
870 675 1117 716 computator,
1154 672 1214 716 qui
1240 683 1311 706 non
1346 671 1478 716 ubique
1511 671 1557 705 ad
1591 682 1716 706 manus
1741 670 1876 706 habere

70 732 192 772 potest
217 728 319 763 illum
345 739 535 774 canonem,
573 734 608 764 et
633 728 739 773 vulgo
764 730 922 765 ridemus
947 730 1048 775 illos,
1085 730 1147 775 qui
1172 735 1284 766 artem
1310 730 1467 775 aliquam
1495 730 1656 776 jactant,
1690 730 1753 766 sed
1777 730 1876 766 illam

71 786 213 821 nonnisi
239 797 258 821 e
283 786 374 821 libro
402 787 530 833 sciunt,
556 788 647 824 libro
674 792 796 823 autem
823 800 889 824 suo
915 789 1080 824 destituti
1105 789 1394 824 obmutescunt.“

209 846 405 891 Accepisse
431 856 487 890 se,
521 847 710 891 respondit
736 847 917 892 Keplerus
951 847 983 884 d.
1014 848 1067 883 11.
1092 847 1235 889 Martii,
1272 847 1486 882 Schickardi
1518 847 1642 882 literas
1668 858 1689 882 a
1712 847 1876 891 Krtigero

68 902 191 940 Idibus
216 904 350 939 Martii.
411 901 538 940 Video
571 914 630 941 me
665 903 765 940 bono
797 904 912 952 genio
946 904 983 939 in
1017 908 1053 941 te
1087 902 1287 948 incidisse,
1334 904 1399 951 qui
1432 914 1531 950 uon,
1566 908 1609 940 ut
1647 914 1719 952 ego
1750 904 1873 951 soleo,

71 961 108 997 in
140 961 310 1010 negotiis
341 962 532 1010 susceptis
564 965 606 998 ut
637 972 721 999 mus
756 963 793 997 in
825 962 911 1010 pice
943 961 1214 999 aduam-escas.
1276 961 1384 999 Bene
1417 963 1535 999 etiam
1566 961 1733 1009 factum,
1768 961 1874 1011 quod

70 1031 92 1057 a
123 1031 240 1057 manu
272 1024 339 1056 tua
371 1020 573 1068 ingeniosa
596 1018 878 1058 delineationes
900 1024 1001 1066 sunt,
1035 1020 1234 1069 sculptura
1262 1020 1311 1057 ab
1334 1019 1411 1057 alio
1433 1020 1623 1068 banauso,
1656 1031 1704 1058 ne
1729 1019 1875 1058 Caesar

70 1077 119 1115 ad
151 1079 240 1127 equi
271 1077 460 1127 pontificii
492 1089 621 1116 curam
654 1077 878 1118 descendat.
941 1077 1063 1116 Crede
1095 1078 1207 1125 mihi,
1250 1089 1310 1116 me
1341 1089 1419 1115 non
1452 1079 1535 1117 sine
1568 1077 1699 1116 dolore
1732 1078 1803 1116 abs
1836 1083 1873 1118 te

69 1140 199 1186 petere
231 1137 405 1185 potuisse
437 1136 694 1186 sculpturam,
739 1148 826 1174 cum
867 1136 995 1174 adhuc
1028 1136 1074 1174 de
1107 1136 1308 1174 voluntate
1342 1135 1501 1186 Criigeri
1540 1136 1633 1173 mihi
1667 1146 1742 1174 non
1776 1148 1873 1175 con-

70 1199 192 1233 staret
223 1206 374 1244 egoque
407 1194 676 1244 Tubingensia
706 1195 841 1244 praela
872 1200 939 1233 aut
970 1194 1192 1233 Linciensia
1225 1193 1399 1243 quidem,
1444 1194 1512 1233 sed
1548 1206 1632 1232 cum
1663 1196 1872 1234 renuncia—

71 1253 176 1291 tione
210 1253 390 1303 Criigeri,
433 1258 711 1303 exspectarem.
774 1253 886 1292 Nunc
931 1253 1087 1302 quaudo
1129 1253 1324 1291 mordicus
1363 1253 1428 1291 ille
1459 1259 1565 1291 tenet
1592 1254 1657 1302 jus
1688 1266 1801 1292 suum
1833 1255 1873 1291 in

70 1310 241 1350 curando
275 1323 413 1361 opere,
446 1311 653 1361 provideat
683 1313 800 1350 etiam
834 1312 880 1350 de
913 1313 1039 1361 operis
1044 1340 1189 1351 .....
1254 1312 1313 1350 De
1346 1311 1618 1350 emendatione
1648 1311 1758 1360 globi
1788 1324 1873 1351 me-

69 1371 230 1408 moriam
261 1381 472 1418 revocaus‚
518 1382 661 1419 magna
692 1383 752 1409 me
788 1370 992 1420 voluptate
1034 1370 1252 1420 perfudisti.
1315 1370 1445 1408 Velim
1485 1375 1522 1408 te
1553 1370 1767 1418 recordari,
1811 1382 1872 1410 me

69 1428 183 1466 fidem
226 1429 461 1468 haeredibus
499 1429 715 1467 Braheanis
768 1429 1021 1468 obstrinxisse
1061 1428 1107 1467 de
1152 1440 1228 1466 non
1276 1428 1484 1478 vulgandis
1531 1429 1873 1467 observationibus

70 1499 196 1536 neque
238 1486 383 1525 tabulis
424 1487 682 1536 excudendis,
727 1489 823 1537 ipsis
863 1498 940 1525 non
983 1488 1185 1528 consultis.
1248 1486 1454 1537 Oporteret
1491 1488 1607 1537 igitur
1638 1492 1675 1526 et
1707 1492 1744 1525 te
1776 1487 1872 1525 mihi

70 1557 154 1584 esse
187 1545 402 1595 obligatum
444 1545 494 1583 ad
537 1546 696 1594 eadem,
739 1547 794 1584 sic
827 1550 975 1594 tamen,
1021 1551 1063 1583 ut
1104 1557 1245 1584 nomen
1287 1551 1396 1583 tuum
1427 1548 1465 1583 in
1498 1546 1571 1584 hac
1604 1547 1730 1595 operis
1762 1550 1871 1597 parte

69 1609 301 1654 apponatur.
364 1604 516 1643 Deinde
558 1605 675 1643 velim
709 1609 744 1644 te
776 1604 850 1643 hoc
881 1606 998 1652 scire,
1032 1616 1108 1642 non
1143 1616 1227 1643 csse
1258 1606 1414 1642 omuino
1447 1610 1572 1642 tutum
1609 1604 1726 1643 fidere
1760 1609 1871 1642 cata-

66 1663 157 1713 logo
189 1663 350 1701 fixarum
382 1663 608 1714 Tychonico
612 1692 817 1703 .......
878 1662 959 1702 Nos
991 1662 1164 1701 locorum
1205 1662 1412 1701 intervalla
1444 1662 1641 1711 dividunt,
1682 1663 1775 1700 mihi
1807 1667 1870 1701 to-

68 1733 151 1759 mos
183 1722 500 1761 observationum
544 1723 692 1761 itineris
731 1721 913 1772 periculis
953 1733 1142 1770 exponere
1183 1733 1260 1759 non
1306 1726 1363 1760 est
1395 1723 1605 1770 integrum,
1651 1726 1693 1759 ut
1724 1721 1870 1760 exscri-

69 1781 158 1819 bam
190 1785 300 1818 vetor
333 1780 573 1830 obligatione
605 1792 708 1829 mea,
752 1781 826 1818 nisi
858 1781 1095 1818 certissimus
1128 1781 1199 1818 sim
1232 1780 1277 1818 de
1309 1781 1553 1818 restitutione
1593 1779 1759 1829 exempli
1792 1790 1870 1817 non

69 1839 167 1877 alias
200 1838 444 1878 describendi
448 1868 588 1879 .....
652 1838 684 1877 Ο
717 1840 897 1877 miseram
931 1850 1088 1876 uxorem
1122 1844 1246 1886 tuam,
1287 1850 1309 1876 o
1341 1838 1597 1877 execrabilem
1628 1838 1686 1875 illi
1718 1837 1870 1876 adven-

69 1902 151 1935 tum
182 1909 329 1946 meum,
374 1899 441 1947 qui
472 1900 651 1935 maritum
685 1899 758 1947 ipsi
790 1909 903 1935 suum
936 1899 1077 1946 eripuit
1108 1899 1224 1947 inque
1256 1897 1476 1935 matheseos
1509 1896 1662 1935 deserta
1693 1901 1731 1934 et
1762 1897 1870 1934 invia

68 1956 156 1994 loca
187 1955 369 1994 abduxit!
411 1956 488 1995 Sed
518 1957 641 1995 serio:
673 1957 730 1994 tui
761 1967 821 1994 me
852 1957 1020 2002 miseret,
1054 1957 1120 2005 qui
1152 1961 1303 2005 tempus
1335 1967 1358 1993 a
1382 1955 1564 2002 Calendis
1584 1955 1762 1993 Januarii
1792 1954 1873 1993 huc.

69 2026 192 2064 usque
224 2014 360 2064 procul
393 2014 512 2053 dubio
544 2014 759 2064 perdidisti.
813 2014 976 2052 Invenio
1009 2015 1108 2052 inter
1138 2026 1224 2052 mea
1247 2014 1524 2064 epichiremate
1555 2015 1630 2051 tuis
1663 2013 1869 2051 conatibus

69 2073 221 2120 similia,
254 2073 453 2112 frustanea
485 2078 522 2111 et
554 2073 840 2111 inconsiderata
871 2074 1014 2113 omnia.
1075 2073 1173 2111 Nam
1206 2073 1239 2110 si
1271 2078 1415 2111 certum
1449 2076 1526 2121 cst,
1567 2077 1610 2110 ut
1641 2076 1699 2110 est
1730 2073 1866 2110 certis-

69 2133 222 2179 simum,
255 2133 311 2170 sic
342 2143 428 2170 esse
460 2133 558 2170 inter
590 2143 631 2170 se
663 2132 786 2170 latera
818 2131 1116 2181 triangulorum,
1149 2133 1250 2169 sicut
1280 2136 1370 2169 sunt
1400 2133 1498 2169 inter
1528 2142 1568 2169 se
1600 2131 1708 2168 sinus
1740 2141 1865 2179 angu-

65 2191 190 2228 lorum
224 2192 503 2240 oppositorum,
536 2190 678 2228 frustra
709 2191 825 2239 igitur
855 2191 1142 2239 proportionem
1166 2189 1395 2239 angulorum
1428 2191 1597 2238 ipsorum
1631 2184 1864 2237 quaerimus,

66 2261 167 2298 quae
200 2250 357 2287 omnino
390 2249 517 2287 differt
547 2261 569 2286 a
600 2250 755 2286 sinuum
786 2250 1059 2298 proportione3
1092 2251 1186 2288 recti
1218 2249 1318 2287 enim
1350 2253 1388 2286 et
1419 2249 1525 2286 curvi
1556 2246 1664 2285 nulla
1695 2251 1753 2285 est
1772 2258 1865 2296 pro-

65 2309 193 2357 portio
236 2306 398 2345 effabilis
431 2312 502 2346 etc.
573 2307 773 2345 Imitemur
813 2308 930 2356 igitur
962 2307 1106 2355 Deum,
1150 2308 1215 2356 qui
1255 2318 1341 2344 cum
1381 2311 1418 2344 et
1449 2306 1676 2344 infinitatem
1719 2306 1756 2342 in
1790 2306 1864 2342 im-

65 2377 201 2404 mensa
232 2365 299 2404 illa
330 2365 492 2404 fixarum
524 2365 690 2415 sphaera
723 2364 842 2403 vellet
873 2377 1113 2415 expressam,
1145 2365 1360 2404 finitionem
1391 2376 1485 2403 vero
1517 2366 1554 2401 in
1587 2365 1865 2413 angustissima

65 2425 225 2473 regione
256 2424 471 2472 mobilium,
506 2423 573 2461 illa
605 2425 688 2462 sine
721 2435 823 2471 cura,
856 2425 938 2462 sine
972 2424 1105 2462 ordine
1126 2424 1294 2472 reliquit,
1328 2425 1402 2461 ista
1426 2423 1739 2473 proportionibus
1771 2421 1863 2460 har-

66 2484 227 2521 monicis
268 2484 448 2520 instruxit
490 2483 788 2531 sapientissime.
850 2482 899 2519 Et
929 2493 999 2520 nos
1032 2484 1147 2531 igitur
1185 2482 1398 2520 doctrinam
1440 2481 1742 2530 triangulorum,
1786 2491 1863 2528 qua

67 2553 164 2590 opus
195 2541 384 2579 habemus
416 2540 465 2579 ad
498 2541 727 2579 infinitatem
768 2542 918 2578 numeri
958 2545 996 2578 et
1027 2540 1293 2590 dispositionis
1331 2540 1494 2578 fixarum
1526 2538 1862 2588 separationisque

67 2599 312 2638 omnimodae
344 2598 587 2648 planetarum
619 2612 642 2637 a
673 2598 796 2637 stellis
827 2610 895 2648 per
924 2604 1072 2636 motum
1105 2601 1193 2648 (qui
1224 2604 1266 2636 ut
1297 2598 1469 2636 informis
1502 2598 1634 2646 aliqua
1667 2597 1863 2645 quantitas

66 2658 265 2695 infinitatis
288 2662 345 2695 est
364 2658 589 2706 particeps),
621 2662 828 2695 tractemus
850 2669 917 2706 per
939 2668 1125 2695 canonem
1145 2659 1312 2704 sinuum,
1346 2658 1413 2706 qui
1443 2655 1671 2693 infinitatem
1704 2653 1863 2702 quanti-

68 2717 230 2754 tativam
261 2720 537 2765 repraesentat.
598 2715 652 2752 At
683 2715 825 2764 figuras
857 2715 1177 2754 demonstrabiles
1209 2715 1375 2763 indeque
1408 2713 1686 2763 dependentem
1719 2710 1863 2748 doctri-

66 2786 156 2813 nam
185 2774 450 2812 harmonicam
485 2778 523 2811 et
554 2773 697 2811 similia
729 2772 887 2811 definita
917 2778 955 2811 et
986 2778 1089 2812 certa
1120 2784 1346 2811 revocemus
1378 2771 1428 2810 ad
1467 2771 1622 2820 regulas
1653 2769 1862 2807 memoriae

68 2831 331 2880 mandabiles,
376 2833 515 2880 cuique
556 2842 668 2868 suum
708 2831 933 2869 tribuentes.
995 2831 1057 2869 Ita
1097 2831 1163 2869 fiet
1206 2836 1248 2868 ut
1287 2835 1324 2869 et
1357 2829 1407 2867 ad
1448 2829 1621 2867 laborem
1662 2827 1861 2866 doctrinae

69 2890 369 2940 triangulorum,
414 2894 602 2939 quantum
633 2900 792 2927 neccsse
824 2894 899 2935 est,
942 2889 1197 2935 sufficiamus,
1238 2893 1275 2926 et
1306 2887 1509 2937 voluptate
1542 2886 1784 2923 divinissima
1815 2896 1862 2924 ex

71 2948 399 2998 contemplatione
431 2948 639 2986 formarum
672 2952 710 2985 et
739 2945 1036 2997 archetyporum
1067 2958 1145 2984 non
1178 2945 1459 2983 defraudemur.
1520 2943 1633 2982 Vale.

206 3015 302 3050 Num
321 3013 564 3051 Schickardus
589 3013 654 3048 has
672 3013 820 3057 Repreri
843 3013 965 3048 literas
992 3012 1172 3057 acceperit
1196 3021 1319 3057 necne,
1345 3021 1416 3046 non
1442 3014 1539 3046 certo
1565 3009 1744 3045 affirmare
1768 3008 1862 3054 licet,

71 3085 151 3110 cum
185 3074 370 3119 proximae
396 3072 609 3109 Schickardi
631 3072 757 3106 literae
783 3071 833 3113 (d.
860 3072 1062 3117 Nurtingae
1095 3071 1152 3105 die
1184 3070 1367 3106 Passionis
1398 3068 1608 3104 Dominicae
1633 3067 1742 3111 1618)
1772 3066 1862 3102 nihil

69 3132 244 3174 habeant,
278 3132 376 3177 quod
409 3132 455 3167 ad
487 3131 686 3175 praemissa
719 3130 888 3174 pertinet.
936 3129 1075 3174 Doluit,
1110 3127 1233 3164 scribit
1266 3127 1370 3173 quasi
1401 3138 1471 3162 non
1503 3126 1598 3162 lecta
1620 3124 1769 3170 Kepleri
1801 3134 1861 3160 ex·

73 3190 275 3234 cusafione,
301 3190 392 3225 illud
415 3189 598 3234 nonnihil,
625 3189 720 3234 quod
746 3188 933 3234 sculpendi
957 3188 1059 3224 labor
1085 3198 1106 3222 a
1129 3198 1205 3230 me,
1234 3187 1290 3222 cui
1316 3186 1470 3221 omnium
1494 3185 1609 3231 primo
1635 3182 1860 3220 concreditus

72 3252 159 3294 erat,
182 3249 221 3286 in
245 3249 353 3286 alium
376 3248 576 3286 translatus
600 3247 688 3294 fuit;
723 3248 950 3297 suspicabar,
981 3251 1019 3284 te
1043 3246 1164 3284 forsan
1188 3246 1232 3282 de
1255 3256 1446 3292 operarum
1470 3254 1627 3282 mearum
1650 3242 1722 3279 fide
1746 3246 1784 3280 et
1805 3242 1858 3280 in·
