2177 3408
531 123 767 162 Summarium
791 125 970 162 Historiae
994 123 1246 164 Astronomiae
1270 128 1391 166 seculo
1417 127 1510 166 XVI.
1844 130 1927 176 569

134 241 228 278 circa
253 240 347 277 Solis
373 245 547 279 centrum.
597 243 722 288 Capite
742 244 796 279 16.
822 243 971 288 inquirit
989 244 1220 289 Copernicus,
1248 249 1393 281 secutus
1411 245 1665 288 Ptolemaeum,
1693 246 1786 282 Solis
1804 256 1930 283 eccen-

135 301 329 336 tricitatem
352 301 558 346 invenitque
584 302 662 345 ejus
687 302 863 337 rationem
887 302 931 336 ad
959 301 1165 337 distantiam
1184 314 1205 338 a
1222 303 1333 338 Terra
1357 307 1397 338 ut
1413 304 1539 347 0‚0323
1565 304 1610 340 ad
1635 305 1673 348 ‘13
1700 304 1819 340 locum
1844 316 1928 350 apo-

136 359 217 404 gaei
241 359 343 403 ponit
367 360 404 394 in
429 359 469 394 6⁰
492 360 623 401 40‘5.
675 360 799 404 Capite
825 360 883 396 20.
912 360 1080 405 legimus:
1120 360 1319 405 „Equidem
1349 361 1483 406 fateor,
1518 362 1554 397 in
1585 362 1686 398 nulla
1719 366 1822 407 parte
1847 373 1927 398 esse

135 420 306 464 majorem
333 419 599 464 difficultatem,
626 430 731 464 quam
756 418 792 452 in
817 419 1120 463 apprehendendo
1147 419 1239 454 Solis
1264 430 1444 465 apogaeo,
1479 421 1540 455 ubi
1564 431 1629 466 per
1652 421 1796 455 minima
1825 431 1932 465 quae-

137 477 218 512 dam
244 481 279 511 et
302 477 362 511 vix
387 477 689 522 apprehensibilia
706 486 835 521 magna
860 476 1125 522 ratiocinamur,
1151 476 1321 522 quoniam
1347 479 1440 514 circa
1456 480 1663 525 perigaeum
1681 483 1717 514 et
1734 489 1931 524 apogaeum

137 538 238 569 totus
264 533 396 578 gradus
423 534 492 570 duo
520 535 742 570 solummodo
767 534 938 580 scrupula
962 539 1144 579 permutat
1168 535 1202 569 in
1228 535 1556 580 prosthaphaeresi,
1584 537 1677 572 circa
1694 537 1830 572 medias
1849 547 1931 571 vero

137 592 281 637 apsidas
307 592 373 628 sub
400 603 470 628 uno
497 592 666 638 scrupulo
691 595 711 629 5
739 594 794 628 vel
821 594 841 629 6
866 593 998 638 gradus
1024 597 1273 638 praetereunt,
1306 593 1468 639 adeoque
1501 595 1661 631 modicus
1687 605 1786 629 error
1810 597 1932 639 potest

137 660 216 685 sese
241 650 277 685 iu
301 646 510 684 immensum
537 655 773 695 p1·0pagare.“
826 652 939 695 Quam
967 651 1012 686 ob
1037 660 1111 685 rem
1138 651 1357 695 Copernicus
1383 652 1469 687 satis
1488 657 1653 688 accurate
1676 662 1750 688 rem
1774 651 1933 696 inquirit,

137 718 253 752 neque
278 708 393 744 solum
422 709 688 751 „instrumentis
714 709 944 754 horoscopis“
975 708 1143 753 confisus,
1170 709 1233 744 sed
1260 709 1353 745 Solis
1380 710 1486 744 etiam
1512 715 1547 746 et
1563 711 1689 746 Lunae
1709 710 1872 745 defectus
1899 710 1935 744 in

138 765 338 801 subsidium
362 775 495 800 vocans
522 771 557 801 et
583 767 852 802 observationes
878 777 961 802 suas
989 777 1067 801 cnm
1094 766 1365 812 Hipparchicis,
1398 768 1627 804 Ptolemaicis
1662 769 1812 814 aliisque
1839 779 1932 803 com-

136 833 279 868 parans.
322 823 370 858 Ut
396 823 616 859 demonstret
643 824 859 866 „secundam
885 829 921 859 et
939 824 1117 868 duplicem
1137 824 1385 869 differentiam,
1413 837 1505 870 quae
1531 827 1625 862 circa
1643 827 1761 862 Solem
1787 830 1935 871 propter

138 883 302 927 apsidum
334 883 568 918 mutationem
603 883 817 927 contingist,
852 882 981 917 iterum
1011 882 1103 917 redit
1137 883 1356 927 Copernicus
1388 883 1433 918 ad
1467 883 1622 919 circulos
1654 884 1873 919 eccentricos
1899 887 1935 918 et

137 940 317 986 epicyclos
344 941 549 977 Ptolemaei.
601 942 702 977 Circa
727 945 885 976 centrum
913 941 1100 977 eccentrici
1127 941 1352 977 describatur
1379 942 1565 986 circellus,
1592 942 1653 986 qui
1677 953 1750 977 non
1776 952 1934 986 compre-

140 999 276 1035 hendat
301 1000 436 1044 Solem3
464 1000 501 1034 in
526 1000 814 1035 circumferentia
840 999 947 1043 hujus
974 999 1108 1035 circelli
1133 1003 1319 1034 moveatur
1344 1005 1504 1034 centrum
1535 999 1768 1034 revolutionis
1795 1010 1935 1034 annuae

138 1057 251 1092 centri
277 1058 409 1092 Terrae
435 1058 470 1091 in
495 1058 759 1104 praecedentia,
787 1059 950 1095 circellus
968 1060 1046 1104 ipse
1062 1060 1098 1095 in
1115 1060 1385 1104 consequentia,
1411 1064 1601 1104 utrumque
1626 1064 1725 1094 motu
1743 1059 1933 1094 admodum

134 1115 252 1150 tardo.
298 1116 525 1157 „Invenietur
549 1116 744 1160 aliquando
770 1118 886 1162 ipsum
912 1122 1073 1152 centrum
1100 1118 1197 1153 orbis
1223 1119 1331 1153 annui
1356 1119 1392 1153 in
1417 1119 1571 1153 maxima
1597 1118 1767 1153 distantia
1793 1128 1813 1152 a
1839 1117 1933 1162 Sole,

139 1173 331 1218 aliquando
358 1175 394 1208 in
421 1174 576 1218 minima,
602 1180 637 1210 et
662 1175 735 1211 illic
760 1176 796 1211 in
821 1176 980 1211 tardiore
1005 1179 1115 1218 motu,
1142 1177 1200 1211 hic
1225 1177 1261 1211 in
1287 1177 1477 1220 velociore,
1504 1188 1545 1212 ac
1571 1177 1607 1211 in
1632 1176 1758 1211 mediis
1784 1175 1933 1211 orbiculi

135 1232 335 1267 curvaturis
360 1242 566 1268 accrescere
591 1238 627 1269 et
653 1234 860 1270 decrescere
886 1234 970 1269 facit
994 1234 1092 1269 illam
1119 1235 1323 1269 distantiam
1343 1239 1547 1271 centrorum
1566 1245 1645 1270 cum
1662 1239 1823 1278 tempore
1842 1244 1934 1268 sum-

136 1299 300 1334 mamque
325 1289 486 1334 apsidem
516 1292 734 1335 praecedere
761 1303 802 1328 ac
828 1292 1030 1328 alternatim
1056 1293 1158 1338 sequi
1184 1303 1261 1328 eam
1287 1293 1466 1338 apsidem,
1494 1294 1568 1328 sive
1593 1303 1811 1339 apogaeum,
1840 1291 1934 1337 quod

137 1351 192 1382 est
220 1347 287 1383 sub
317 1347 413 1383 linea
443 1348 620 1393 apsidum,

135 1411 307 1450 tanquam
317 1406 471 1441 medium
483 1407 618 1442 contin-
1239 1400 1303 1432 Fig·
1326 1400 1350 1427 ¹·

135 1465 220 1508 git.“
270 1464 339 1498 Per
371 1465 521 1510 epicycli
546 1465 618 1510 epi-

91 1530 95 1533 “
136 1522 274 1568 cyclum
307 1522 358 1557 sic
396 1523 619 1558 demonstrat

136 1574 352 1626 Copernicus
371 1581 520 1625 apogaei
545 1593 618 1616 mo-

134 1643 229 1674 tum:
251 1639 326 1681 „Sit
342 1639 473 1674 mundo
488 1650 529 1675 ac
545 1639 618 1675 Soli

134 1698 390 1733 homocentrus
422 1697 502 1742 AB,
538 1707 618 1732 cen-

134 1759 228 1790 trum
254 1756 290 1800 C,
327 1760 362 1791 et
394 1755 488 1790 facto
523 1756 560 1791 in
585 1757 617 1791 A

134 1817 256 1848 centro
281 1814 463 1859 epicyclus
490 1814 619 1849 descri-

133 1871 238 1907 batur
255 1872 332 1914 DE,
365 1882 408 1907 ac
432 1883 558 1907 rursus
582 1873 619 1908 in

133 1931 164 1964 D
178 1933 301 1964 centro
317 1929 529 1975 epicyclium
543 1931 617 1975 FG,

133 1988 171 2024 in
204 1998 275 2032 quo
301 1987 413 2023 Terra
445 1993 617 2033 versetur,

135 2047 255 2082 omnia
279 2046 317 2081 in
341 2045 450 2090 plano
467 2047 616 2082 zodiaci.

138 2105 192 2140 Sit
209 2103 361 2149 epicycli
378 2104 482 2148 primi
500 2109 617 2140 motus

135 2163 172 2197 in
208 2161 438 2197 succedentia
474 2172 517 2197 ac
553 2173 616 2198 an-

135 2231 228 2256 nuus
260 2219 355 2264 fere,
400 2220 549 2255 secundi
583 2221 615 2255 D

136 2277 299 2313 similiter
324 2288 474 2317 annuus.
500 2278 616 2313 sedin

136 2336 398 2380 praecedentia,
416 2336 618 2371 amborum-

137 2404 207 2438 que
225 2394 269 2428 ad
282 2394 342 2429 AG
360 2394 490 2429 lineam
512 2405 617 2439 pares

138 2453 209 2487 sint
234 2452 488 2489 revolutiones.
525 2453 617 2488 Rur-

138 2520 199 2545 sus
225 2515 386 2545 centrum
411 2511 546 2546 Terrae
572 2522 616 2545 ex

137 2570 166 2603 F
184 2569 220 2602 in
237 2567 486 2612 praecedentia
511 2569 620 2604 addat

136 2636 329 2671 parumper
358 2625 426 2669 ipsi
459 2626 502 2660 D.
561 2627 618 2661 Ex

137 2685 206 2719 hoc
215 2683 443 2717 manifestum
453 2685 618 2728 est,quod

138 2753 218 2777 cum
243 2742 355 2776 Terra
386 2740 492 2775 fuerit
516 2741 552 2775 in
576 2742 617 2786 F,

141 2800 335 2835 maximum
367 2799 499 2834 efficiet
526 2799 619 2835 Solis
651 2810 868 2846 apogaeum,
900 2803 935 2838 in
963 2802 992 2837 G
1018 2803 1219 2847 minimum,
1254 2803 1290 2837 in
1324 2802 1452 2837 mediis
1488 2805 1606 2836 autem
1643 2799 1937 2835 circumferentiis

138 2858 250 2902 ipsius
276 2857 339 2892 FG
365 2858 475 2892 faciet
498 2857 615 2901 ipsum
643 2868 842 2902 apogaeum
866 2862 1084 2905 praecedere
1110 2861 1165 2894 vel
1192 2860 1312 2904 sequi,
1349 2864 1494 2894 auctum
1521 2859 1795 2902 diminutumve,
1821 2857 1937 2901 majus

139 2920 200 2951 aut
224 2917 351 2958 minus,
377 2922 413 2950 et
438 2916 488 2950 sic
514 2920 648 2950 motum
674 2925 849 2960 apparere
876 2918 1066 2956 diversum.
1110 2918 1280 2962 Capiatur
1306 2922 1426 2952 autem
1452 2916 1500 2950 AI
1527 2916 1816 2952 circumferentia
1841 2920 1876 2950 et
1900 2914 1937 2948 in

140 2975 157 3008 I
183 2978 305 3008 centro
331 2977 535 3009 resumatur
561 2972 758 3018 epicyclus,
795 2979 831 3008 et
863 2985 1027 3010 connexa
1054 2977 1095 3010 CI
1124 2975 1341 3009 extendatur
1372 2975 1408 3008 in
1433 2974 1484 3018 K,
1517 2975 1653 3018 eritque
1679 2975 1764 3008 ΚΠ)
1782 2988 1827 3003 z
1845 2973 1935 3014 ACI,

139 3035 285 3076 propter
309 3031 572 3067 revolutionum
597 3031 801 3076 paritatem.
851 3033 966 3077 Igitur
983 3034 1014 3067 D
1044 3033 1220 3068 describet
1245 3035 1451 3067 ecccntrum
1475 3032 1707 3067 homocentro
1725 3032 1785 3066 AB
1804 3041 1934 3075 aequa-

139 3089 210 3123 lem
232 3089 269 3124 in
293 3089 323 3124 L
350 3093 484 3134 centro,
511 3100 552 3125 ac
577 3089 750 3126 distantia
777 3091 845 3136 CL,
873 3101 963 3135 quae
990 3091 1059 3135 ipsi
1084 3091 1133 3125 DI
1160 3090 1265 3126 fuerit
1281 3089 1455 3135 aequalis,
1481 3090 1510 3125 F
1530 3099 1673 3134 quoque
1691 3099 1792 3124 suum
1810 3098 1933 3124 eccen-
