2177 3408
441 210 678 247 Summarium
703 209 883 246 Historiae
907 207 1160 245 Astronomiae
1185 206 1307 244 seculo
1332 206 1427 243 XVI.
1760 200 1843 248 595

49 326 358 373 Revolutionibus,
385 329 423 374 5)
449 328 504 364 De
528 327 704 374 exemplis
734 328 803 364 ‘100
828 327 1084 372 geniturarum.
1134 324 1278 361 Additis
1310 324 1459 369 insuper
1483 320 1632 357 Tabulis
1666 321 1739 356 asc.
1771 329 1845 354 rec-

48 388 167 420 tarum
191 390 227 420 et
253 386 478 431 obliquarum
504 387 701 432 eclipticae,
728 391 764 422 et
789 385 977 421 stellarum
1003 391 1039 421 et
1054 385 1248 426 radiorum,
1274 393 1390 428 usque
1416 382 1462 417 ad
1486 379 1712 416 latitudinem
1729 378 1750 413 8
1768 388 1848 423 par-

49 443 148 478 tium.
191 444 378 490 Ejusdem,
405 449 512 480 antea
536 456 608 480 non
634 445 741 490 edita,
767 444 1065 489 Aphorismorum
1084 442 1405 479 astronomicorum
1430 443 1615 484 segmenta
1631 439 1712 474 VII.
1731 438 1848 482 Opus-

50 502 170 537 culum
194 503 506 549 incomparabile.“
549 505 591 539 In
616 504 841 550 praefatione
866 503 1062 547 alloquitur
1087 502 1295 546 episcopum
1321 498 1521 543 summique
1547 496 1727 542 pontificis
1753 496 1848 530 vica-

50 561 141 596 rium
166 561 375 607 Philippum
400 561 626 605 Archintum,
653 562 832 598 referens:
862 562 983 607 ..Quae
1002 561 1046 596 de
1064 559 1261 604 astrologia
1287 557 1333 593 ad
1350 557 1444 593 hanc
1471 567 1585 602 usque
1603 556 1698 591 diem
1716 555 1849 600 scripta

52 624 146 665 sunt,
172 619 373 655 Ptolemaei
397 620 559 666 exceptis
584 621 829 666 monimentis,
861 624 1001 656 tantum
1027 632 1048 655 a
1073 619 1225 654 veritate
1251 618 1466 661 abhorrent,
1501 621 1541 650 ut
1572 615 1704 650 fabulis
1729 616 1851 660 potius

51 677 179 714 similia
203 670 402 715 rideantur.
453 679 568 722 Quam
602 679 646 714 ob
672 690 747 715 rem
773 691 852 715 cum
886 684 997 714 artem
1032 679 1083 713 sic
1116 677 1302 721 traditam,
1337 680 1591 720 praeterquam
1626 674 1723 719 quod
1753 674 1852 708 nulla

52 741 159 781 esset,
184 737 410 781 professores
437 739 541 773 etiam
568 738 737 772 ridiculos
764 737 884 773 facere
910 738 1192 780 conspexissem,
1219 735 1263 770 ab
1283 735 1360 779 ejus
1379 735 1498 770 studio
1526 745 1667 779 semper
1684 734 1851 777 abstinui,

55 795 169 831 donec
186 796 258 831 tuis
277 796 600 840 adhortationibus,
627 797 728 840 quasi
750 796 825 840 jam
845 796 944 830 illam
962 800 1132 837 tenerem,
1160 793 1337 838 impulsus
1360 803 1436 827 rem
1462 793 1610 827 arduam
1637 803 1678 827 ac
1702 793 1854 827 incredi-

51 853 161 889 bilem
188 865 379 898 aggressus
405 865 501 898 sum,
536 854 824 898 industriamque
851 858 1022 898 quantam
1049 853 1151 898 potui
1177 852 1334 887 adhibui.
1386 851 1523 895 Quibus
1549 850 1682 886 factum
1709 856 1779 895 est,
1814 856 1855 886 ut

54 913 115 956 qui
140 913 267 948 unicus
293 917 372 948 erat
395 917 472 948 tum
497 912 702 948 inveniendi
726 917 802 947 tum
827 912 992 947 tradendi
1011 912 1235 956 disciplinam
1254 910 1393 952 modus,
1420 915 1460 945 ut
1485 909 1622 944 scilicet
1646 909 1741 943 illius
1758 910 1854 953 prin-

54 970 147 1015 cipia
173 971 428 1016 philosophiae
452 970 649 1016 principiis,
676 970 753 1014 ejus
781 971 925 1006 decreta
950 981 1030 1005 cum
1049 970 1304 1015 experimentis
1323 974 1563 1011 annecterem,
1589 978 1669 1002 eum
1686 978 1741 1002 me
1760 978 1854 1002 assc-

55 1034 178 1064 cutum
197 1029 406 1065 existimem.
442 1029 663 1074 Scripseram
689 1029 780 1064 haec
806 1030 924 1064 omnia
952 1031 994 1065 10
1019 1029 1120 1064 libris
1147 1028 1192 1063 ab
1217 1028 1329 1072 initio,
1352 1027 1428 1071 jam
1455 1037 1548 1070 quae
1574 1026 1702 1060 diffuse
1721 1027 1856 1070 scripta

55 1091 173 1130 erant,
199 1088 235 1122 in
261 1087 435 1123 dissectas
461 1088 662 1131 brevesque
687 1088 885 1123 sententias
910 1087 1048 1131 redegi,
1082 1087 1133 1122 sic
1159 1091 1199 1121 ut
1225 1086 1483 1131 nihilomnino
1516 1090 1791 1130 praeceptorum
1821 1086 1857 1120 in

56 1151 133 1181 arte
158 1146 357 1182 desiderari
383 1151 520 1191 posset.
568 1146 645 1182 Nec
670 1147 769 1191 piget
792 1145 973 1188 laborum⁷
1000 1157 1080 1181 cum
1105 1157 1215 1180 unum
1240 1145 1470 1191 perfecerim,
1499 1144 1596 1188 quod
1623 1144 1668 1178 ad
1693 1155 1749 1178 me
1776 1146 1856 1178 atti-

56 1204 184 1249 nebat,
219 1205 461 1240 inventionem
494 1204 638 1249 quidem
665 1210 772 1249 atque
806 1205 1069 1241 absolutionem
1096 1204 1182 1239 artis
1186 1230 1309 1240 .....
1358 1204 1555 1247 Postquam
1582 1203 1812 1246 astrologiam
1840 1213 1858 1237 e

56 1263 219 1299 tenebris
247 1263 335 1306 erui,
361 1263 668 1308 metoposcopiam
692 1263 811 1298 inveni
836 1275 878 1299 ac
903 1265 938 1298 in
964 1268 1077 1299 artem
1102 1262 1235 1307 redegi,
1264 1262 1527 1297 arithmeticam
1543 1261 1689 1307 perfeci,
1716 1261 1859 1295 medici-

57 1332 139 1357 nam
165 1332 295 1366 magna
320 1333 365 1357 ex
390 1325 493 1366 parte
520 1321 722 1367 dilucidavi,
751 1323 982 1367 geometriam
1008 1322 1092 1357 auxi
1117 1322 1151 1356 in
1178 1322 1390 1355 immensum
1423 1320 1523 1355 novis
1555 1320 1714 1364 undique
1738 1321 1858 1354 inven-

58 1380 217 1415 tionibus
243 1380 468 1424 excogitatis,
493 1380 679 1424 multaque
704 1379 774 1415 alia
797 1381 984 1425 praeclara
1010 1382 1046 1416 in
1070 1381 1182 1416 libros
1207 1379 1294 1414 varii
1318 1379 1460 1423 generis
1486 1379 1641 1422 contuli,
1668 1384 1859 1423 postquam

58 1439 198 1474 nullum
224 1449 315 1484 opus
340 1438 521 1482 egregium
546 1450 642 1474 nunc
666 1439 702 1474 in
728 1439 845 1474 lucem
871 1439 998 1483 editur,
1027 1439 1124 1485 quod
1150 1450 1221 1474 non
1247 1438 1291 1472 de
1308 1437 1412 1473 nobis
1429 1438 1618 1472 honestam
1636 1437 1745 1472 faciat
1764 1449 1859 1472 men-

61 1499 213 1542 tionem,
238 1502 432 1544 postquam
456 1502 581 1534 nostra
606 1497 678 1543 legi
703 1498 972 1543 desiderarique
997 1498 1042 1533 ab
1061 1497 1225 1533 omnibus
1242 1497 1314 1532 vidi
1331 1497 1625 1541 impressoribus:
1650 1508 1746 1531 nnnc
1765 1497 1861 1531 omni

61 1556 345 1592 dissimulatione
371 1557 536 1603 deposita
560 1557 733 1592 mortales
759 1557 932 1602 perfidiae
958 1557 1181 1592 aemulorum
1206 1556 1481 1599 commonefeci,
1516 1560 1591 1591 tum
1625 1555 1732 1589 etiam
1758 1556 1860 1599 prin-

60 1615 159 1660 cipes
185 1620 294 1661 atque
319 1620 487 1661 potentes
514 1616 694 1661 admonui,
720 1626 766 1651 ne
792 1616 974 1651 occasioni
994 1615 1145 1659 juvandi
1170 1614 1341 1649 mortales
1360 1613 1655 1659 propagandique
1680 1613 1715 1647 in
1742 1619 1861 1657 poste-

59 1686 138 1710 rum
163 1674 317 1710 nominis
344 1675 401 1709 sui
426 1674 553 1710 deesse
577 1674 711 1710 vellent
735 1685 777 1710 ac
803 1673 909 1710 simul
934 1674 977 1709 ab
1004 1673 1176 1709 avaritiae
1208 1685 1250 1709 ac
1275 1673 1516 1718 negligentiae
1548 1673 1604 1708 vel
1631 1674 1737 1707 etiam
1761 1673 1861 1717 igno-

59 1733 198 1768 rantiae
225 1734 430 1778 suspicione
455 1744 493 1769 se
518 1734 616 1778 ipsos
642 1733 884 1768 vindicarent“
914 1738 982 1768 etc.

199 1794 254 1828 De
278 1793 536 1837 astrologia
562 1793 667 1829 dicit:
697 1792 755 1834 „Si
773 1803 844 1837 qua
862 1793 969 1827 estin
987 1791 1151 1826 humanis
1176 1791 1300 1827 usibus
1319 1802 1377 1827 ars
1402 1792 1607 1826 necessaria
1633 1791 1863 1835 disciplinave

58 1850 168 1896 utilis,
194 1855 258 1886 aut
275 1851 529 1896 contemplatio
550 1850 712 1895 jucunda
736 1851 793 1885 vel
820 1851 938 1886 divina
967 1851 1161 1895 sapientia,
1188 1850 1395 1896 Astrologia
1421 1855 1517 1886 certe
1543 1862 1615 1886 non
1642 1850 1756 1885 solnm
1781 1849 1864 1883 talis

63 1913 128 1955 est,
154 1919 279 1945 verum
305 1910 411 1946 etiam
438 1910 596 1945 omnium
621 1910 771 1945 aliarum
796 1913 872 1944 tum
891 1910 1020 1944 artium
1038 1914 1114 1945 tum
1133 1911 1364 1945 scientiarum
1381 1909 1703 1954 praestantissima,
1731 1909 1865 1952 quippe

64 1978 145 2003 cum
170 1968 248 2004 sola
273 1973 309 2003 et
334 1972 418 2004 ante
442 1969 530 2003 alias
558 1979 681 2003 omnes
707 1973 887 2004 astrorum
912 1969 1027 2013 primo
1055 1979 1194 2012 cursus,
1221 1969 1427 2014 dignitates,
1455 1971 1630 2012 tempora,
1657 1971 1765 2011 atque
1783 1966 1866 2000 hinc

63 2027 161 2061 Deos
186 2027 286 2071 ipsos
320 2027 427 2062 etiam
453 2038 533 2062 esse
560 2027 755 2062 docuerit.“
777 2053 785 2061 .
804 2054 812 2062 .
838 2054 873 2063 ..
926 2027 1191 2072 „Astrologiam
1222 2028 1402 2063 utiliorem
1435 2027 1512 2061 fore
1545 2027 1640 2061 omni
1668 2027 1736 2060 alia
1762 2025 1865 2060 disci-

64 2083 174 2129 plina,
199 2084 278 2128 quis
306 2085 456 2130 dubitat,
486 2097 566 2121 cum
592 2089 628 2120 et
652 2084 784 2128 futura,
813 2085 842 2120 si
859 2096 1036 2130 prospera
1054 2086 1136 2128 sint,
1163 2086 1265 2130 sequi
1284 2086 1421 2131 doceat,
1448 2086 1478 2120 si
1495 2085 1655 2127 adversa,
1680 2084 1736 2119 vel
1754 2084 1867 2118 xitare

64 2143 121 2177 vel
146 2143 296 2187 aequius
322 2143 440 2178 ferre?
482 2145 575 2179 Nam
610 2153 703 2187 quae
737 2143 798 2178 diu
831 2144 984 2188 quisque
1021 2148 1104 2178 ante
1141 2143 1377 2188 praeviderit,
1410 2143 1528 2179 lenius
1560 2143 1670 2187 feret,
1705 2142 1812 2176 etiam
1838 2141 1868 2176 si

66 2201 226 2236 minuere
258 2206 425 2246 nequeat.
474 2203 586 2237 Porro
621 2213 728 2247 quam
760 2202 924 2246 jucunda
956 2203 1003 2237 sit
1036 2203 1238 2238 futurorum
1263 2202 1432 2244 scientia,
1468 2202 1626 2237 ostendit
1656 2204 1732 2235 tum
1760 2200 1868 2234 etiam

68 2259 343 2302 praeteritorum
369 2264 444 2294 tum
469 2260 715 2304 praesentium
742 2261 907 2305 cognitio,
934 2271 1027 2305 quae
1050 2261 1139 2296 adeo
1165 2273 1230 2296 nos
1249 2260 1417 2306 oblectat,
1444 2266 1484 2296 ut
1508 2261 1596 2296 nihil
1615 2261 1741 2295 horum
1760 2269 1869 2294 causa

70 2327 141 2351 non
158 2317 518 2362 praetermittamuS.“
540 2345 546 2351 .
567 2345 573 2352 .
592 2346 601 2354 .
622 2345 629 2352 .
669 2319 712 2354 In
733 2320 1026 2361 „Commentariis
1044 2320 1081 2356 in
1098 2319 1296 2355 Ptolemaei
1313 2320 1357 2355 de
1375 2324 1552 2355 astrorum
1566 2318 1712 2362 judiciis
1732 2317 1865 2352 libros“

73 2376 161 2419 (Bas.
191 2377 292 2419 1554)
326 2376 418 2411 haec
452 2376 770 2420 deprehendimus:
806 2377 1033 2421 „Astrologia
1069 2377 1292 2413 nobilissima
1324 2377 1515 2422 disciplina
1545 2377 1589 2412 ab
1619 2374 1870 2412 innumerabili

71 2433 176 2467 turba
200 2433 420 2469 nebulonum
456 2434 602 2469 foedata
627 2440 701 2476 est,
739 2436 834 2470 unde
864 2435 1000 2470 factum
1034 2441 1105 2481 est,
1142 2441 1182 2471 ut
1205 2436 1318 2479 ipsius
1343 2435 1542 2471 Ptolemaei
1577 2434 1669 2469 liber
1703 2432 1869 2477 squalore

69 2491 226 2534 jacuerit
259 2496 294 2526 et
325 2492 404 2536 ipso
438 2493 509 2527 situ
541 2492 709 2529 foedatus
741 2504 806 2538 per
835 2495 923 2530 1400
948 2505 1061 2530 annos
1095 2495 1146 2529 ita
1170 2494 1354 2538 abjectus,
1392 2498 1432 2528 ut
1462 2493 1532 2528 nisi
1558 2503 1686 2528 nomen
1713 2490 1867 2525 auctoris

73 2548 172 2583 illum
206 2548 443 2593 defendisset,
473 2550 629 2585 maxima
660 2563 740 2587 cum
768 2551 912 2596 jactura
946 2552 1120 2587 bonarum
1153 2552 1339 2588 literarum
1372 2552 1570 2597 periisset.“
1626 2551 1755 2585 Veram
1791 2558 1871 2582 esse

75 2611 208 2652 artem,
245 2607 431 2642 Cardanus
463 2608 585 2643 multis
621 2619 640 2643 e
670 2609 744 2644 vita
775 2620 841 2645 sua
877 2614 913 2644 et
947 2610 1098 2645 aliorum
1134 2610 1308 2646 desumtis
1339 2610 1559 2654 argumentis
1594 2608 1745 2653 probare
1777 2606 1870 2650 vult3

76 2666 250 2702 ecclesiae
277 2670 313 2700 et
337 2666 484 2710 politiae
513 2667 639 2702 edictis
663 2678 734 2702 non
760 2668 1012 2712 astrologiam,
1038 2669 1102 2703 sed
1127 2669 1312 2713 vaticinia,
1349 2669 1520 2712 magiam,
1553 2667 1738 2710 augurium
1763 2666 1872 2699 intr-r-

77 2723 172 2758 dicta
197 2733 290 2759 esse.
337 2724 472 2766 Legem
496 2723 595 2758 illam
620 2724 862 2760 Romanorum
881 2726 925 2760 de
944 2727 1248 2768 „mathematicis“
1275 2727 1356 2762 illos
1374 2731 1546 2771 spectare,
1573 2725 1633 2769 qui
1656 2734 1721 2768 per
1739 2728 1873 2768 puncta

79 2784 114 2816 et
137 2792 304 2816 numeros
329 2786 506 2826 notasque
531 2780 774 2817 divinaverint.
822 2784 922 2818 Inter
947 2794 1020 2829 eos,
1049 2796 1201 2829 quorum
1227 2785 1409 2830 genituras
1432 2783 1596 2829 pluribus
1621 2781 1733 2817 refert
1754 2782 1791 2816 in
1816 2781 1872 2816 his

84 2841 399 2883 „Commentariis“
429 2841 481 2883 (in
505 2840 596 2876 libro
623 2851 728 2885 quem
754 2841 854 2885 prius
880 2842 1033 2877 diximus
1058 2843 1182 2879 insunt
1209 2845 1276 2879 100
1293 2843 1477 2888 geniturae
1503 2852 1547 2876 ex
1564 2845 1666 2886 parte
1691 2840 1874 2875 hominum

83 2900 289 2945 celebrium,
315 2911 348 2935 v.
374 2910 404 2934 c.
431 2900 634 2943 Petrarcae,
662 2899 779 2934 Caroli
804 2900 846 2942 V,
876 2900 1067 2944 Ciceronis,
1094 2901 1255 2946 Lutheri,
1281 2900 1432 2944 Erasmi,
1457 2899 1612 2934 Neronis
1630 2899 1718 2940 etc),
1745 2897 1874 2941 quibus

80 2958 298 3003 astrologiae
333 2959 403 2993 vim
436 2957 674 2993 demonstrari
704 2961 824 3002 putat,
861 2958 1161 3002 deprehendimus
1188 2958 1379 2994 Christum.
1429 2957 1693 3000 objectionem,
1727 2954 1874 3000 impium

82 3026 173 3061 esse,
199 3016 297 3060 quod
320 3017 413 3052 hanc
438 3017 662 3052 nativitatem
686 3016 888 3060 inseruerit,
915 3016 971 3050 his
996 3016 1161 3050 refellere
1187 3016 1324 3051 studet:
1351 3015 1439 3050 nihil
1464 3015 1501 3049 in
1525 3015 1594 3049 hac
1619 3013 1783 3058 genitura
1804 3022 1874 3046 non

82 3073 281 3118 mirificum,
298 3085 370 3109 non
385 3079 533 3119 castum,
552 3075 660 3119 pium,
679 3080 853 3119 sanctum,
871 3074 1009 3110 illustre
1028 3085 1107 3110 esse
1125 3079 1160 3110 et
1176 3074 1213 3110 in
1230 3075 1325 3110 hunc
1342 3083 1490 3117 scopum
1506 3072 1603 3106 illam
1621 3080 1701 3106 esse
1719 3069 1875 3112 allatam,

83 3136 124 3167 ut
138 3133 174 3176 ii,
193 3133 254 3177 qui
270 3133 512 3169 Mohametem
529 3133 693 3177 adorent,
719 3133 931 3178 intelligant,
960 3137 1124 3176 „nostros
1149 3143 1266 3169 mores
1291 3136 1485 3175 nostraque
1510 3129 1675 3164 instituta
1699 3137 1777 3162 esse
1802 3126 1875 3170 pie-

84 3191 181 3235 tatis,
210 3191 413 3230 sanctitatis
437 3199 473 3230 et
495 3194 678 3239 justitiae,
704 3203 770 3229 sua
792 3203 875 3229 vero
901 3193 1059 3229 violenta
1084 3196 1121 3228 et
1147 3192 1306 3228 crudelia
1332 3196 1368 3228 et
1392 3190 1436 3226 ab
1463 3190 1557 3225 omni
1581 3187 1716 3232 pietate
1742 3186 1874 3228 aliena3

1528 3249 1604 3284 39·
