2177 3408
859 173 1099 212 1590—1594.
1793 177 1878 224 677

213 287 323 332 1593.
357 290 567 331 Revolutio
599 293 702 333 anni.
754 292 851 331 Cum
882 294 1064 343 planetae
1096 296 1173 333 sint
1195 306 1272 333 non
1294 296 1331 333 in
1352 295 1448 336 locis
1470 298 1701 348 praecipuis,
1736 299 1879 339 sufficit

72 353 114 385 ut
145 348 290 386 afflicta
320 349 596 389 accidentiaria
629 351 813 389 valetudo
836 373 889 380 —
912 353 1122 403 kephalgia
1160 357 1223 391 17.
1248 353 1449 393 Februarii
1475 379 1528 384 ——
1554 361 1591 394 et
1622 357 1878 406 impedimen-

72 412 153 443 tum
183 406 387 455 honorum,
420 414 546 447 status
578 411 669 447 item
701 415 903 458 parentum
938 411 1069 449 infelix
1104 411 1399 460 significaretur.
1460 414 1671 453 Novembri
1706 417 1876 454 vocabar

71 463 432 514 Moempelgardum
464 467 512 505 ad
546 468 800 507 Fundionem.

208 523 413 573 Tubingae
446 526 577 564 crebro
620 525 765 575 placita
797 525 999 576 Copernici
1034 529 1069 565 in
1104 529 1275 578 physicis
1310 529 1640 578 disputationibus
1684 531 1872 571 eandida-

70 587 193 618 torum
227 581 393 630 defendi,
427 589 464 621 et
496 591 719 622 accuratam
751 584 1065 633 disputationem
1099 587 1144 624 de
1168 593 1274 625 motu
1296 589 1431 636 primo,
1466 589 1569 637 quod
1593 588 1734 627 Terrae
1756 591 1869 628 volu·

69 639 174 677 tione
207 640 371 688 accidat,
396 644 637 692 conscripsi,
665 643 826 692 jamque
860 646 895 680 in
930 656 976 682 eo
1009 656 1132 692 eram,
1168 652 1209 682 ut
1242 646 1366 683 eidem
1398 648 1512 684 etiam
1546 646 1691 685 Telluri
1724 654 1871 687 motum

68 697 232 736 solarem
264 699 449 750 physicis,
481 712 550 739 seu
582 702 708 739 mavis
740 702 1017 752 metaphysicis
1050 704 1266 741 rationibus
1298 704 1568 743 adscriberern.

208 757 521 796 Consentaneum
554 765 635 807 est,
670 761 702 797 si
732 766 822 797 sunt
854 762 890 796 in
923 761 1035 798 Luna
1070 763 1246 799 viventes
1280 768 1478 800 creaturae
1512 763 1606 812 (qua
1639 764 1676 799 in
1709 767 1870 804 materia

66 815 160 852 mihi
190 821 280 865 post
312 816 576 866 Pythagoram
610 823 647 855 et
679 816 931 856 Plutarchum
974 830 1074 856 anno
1113 823 1234 857 1593.
1269 820 1472 869 Tubingac
1517 822 1659 870 scripta
1692 822 1870 872 disputa-

65 874 169 911 tione
203 873 337 912 ludere
368 874 536 924 placuit)
575 875 662 913 illas
696 877 892 924 ingenium
925 888 1018 914 suae
1051 879 1275 926 provinciae
1317 879 1456 916 imitari
1490 884 1561 916 etc.
1617 881 1658 916 In
1682 882 1795 919 literis
1822 884 1867 920 ad

65 933 258 970 Besoldum
294 935 386 970 datis
412 936 502 970 haec
528 940 721 970 occurrunt
752 936 795 971 de
821 937 882 971 illa
909 937 1154 981 disputatione
1179 937 1305 973 verba:
1340 936 1477 974 Exstat
1506 936 1610 986 apud
1642 949 1702 976 me
1734 939 1867 979 charta

63 996 260 1039 pervetus,
294 996 360 1028 tua
393 991 604 1030 clarissime
628 991 795 1030 Bcsolde
828 1004 945 1030 manu
979 999 1149 1039 exarata,
1184 1005 1270 1031 cum
1302 994 1431 1033 theses
1453 996 1602 1033 circiter
1625 999 1676 1033 ‘20
1702 996 1748 1034 de
1772 1009 1864 1036 coe-

63 1049 226 1087 lestibus
257 1051 495 1098 apparentiis
529 1051 566 1087 in
598 1049 710 1087 Luna
743 1062 788 1088 ex
821 1052 917 1088 meis
951 1050 1281 1100 disputationibus
1315 1054 1572 1102 concepisses.

203 1105 308 1148 1594.
345 1107 556 1146 Revolutio
590 1109 692 1148 anni.
744 1108 945 1158 Agebatur
985 1109 1030 1147 de
1071 1109 1147 1148 alia
1187 1112 1430 1160 promotione
1469 1113 1504 1148 in
1547 1111 1860 1162 Wirtembergia,

64 1165 218 1204 tandem
251 1170 316 1204 18.
351 1171 388 1203 et
419 1172 509 1216 post
542 1171 607 1205 28.
641 1165 821 1204 Januarii
861 1169 1060 1217 proposita
1100 1168 1190 1206 mihi
1225 1168 1454 1207 Graecensis
1497 1168 1665 1207 conditio
1709 1171 1863 1209 mathe-

61 1225 216 1262 matica.
280 1224 525 1274 Scripserunt
558 1224 723 1263 Ordines
754 1225 976 1275 Tubingam
1008 1226 1055 1263 de
1086 1227 1276 1265 mittendo
1309 1228 1454 1276 aliquo.
1497 1227 1652 1266 Electus
1681 1240 1753 1276 ego
1777 1240 1862 1267 sum

60 1283 286 1320 Februario.
349 1283 506 1333 Rogavi
538 1295 645 1321 meos
679 1289 715 1321 et
738 1285 962 1333 principem.
1018 1284 1162 1333 Quinto
1195 1285 1326 1323 Martii
1360 1285 1621 1324 dimissionem
1645 1298 1668 1323 a
1689 1288 1863 1336 principe

61 1342 280 1390 impetravi,
320 1344 381 1379 13.
407 1344 476 1379 iter
509 1343 728 1391 ingressus3
761 1346 826 1380 21.
851 1343 995 1391 Aprilis
1028 1344 1213 1381 viaticum
1247 1344 1339 1381 mihi
1363 1350 1421 1382 est
1441 1345 1674 1390 restitutum,
1710 1348 1777 1384 25.
1800 1347 1862 1382 in-

59 1399 134 1437 cidi
166 1400 204 1436 in
237 1399 382 1437 febrem
413 1400 677 1449 Hungaricam
712 1412 779 1449 per
814 1405 865 1438 14
889 1400 983 1439 dies.
1033 1405 1098 1439 ⁶24.
1121 1401 1218 1450 Maji
1252 1403 1374 1440 oratio
1396 1403 1532 1452 prima.
1585 1402 1709 1440 Simul
1729 1402 1861 1441 literas

58 1456 174 1497 Uriae
205 1457 431 1506 attuleram,
475 1459 616 1508 quibus
655 1458 748 1495 mihi
781 1459 922 1508 conjux
957 1459 1245 1508 destinabatur,
1280 1472 1352 1510 ego
1384 1472 1475 1499 vero
1508 1472 1678 1499 amorem
1709 1473 1859 1500 mecum

56 1517 273 1554 attuleram.
337 1516 480 1565 Quievi
512 1528 731 1566 parumper.
764 1539 817 1544 —

195 1573 290 1612 Cum
331 1577 497 1625 primum
535 1588 602 1624 per
644 1580 811 1613 aetatem
854 1575 1126 1625 philosophiae
1176 1575 1418 1615 dulcedinem
1462 1588 1695 1626 cognoscere
1735 1580 1857 1627 potui,

57 1634 277 1671 universam
310 1633 416 1671 illam
450 1635 598 1682 ingenti
631 1633 844 1683 cupiditate
876 1645 960 1671 sum
993 1634 1239 1683 complexus,
1283 1635 1377 1673 nihil
1410 1635 1619 1674 admodum
1651 1635 1697 1673 de
1730 1641 1858 1674 astro-

54 1693 185 1729 nomia
216 1693 255 1728 in
288 1694 455 1741 speciem
489 1691 694 1730 sollicitus.
749 1691 894 1730 Aderat
927 1692 1081 1741 quidem
1114 1693 1323 1742 ingenium,
1359 1705 1428 1732 nec
1462 1693 1665 1732 difficulter
1695 1705 1857 1743 geome-

54 1751 148 1788 trica
179 1755 217 1788 et
235 1752 507 1797 astronomica,
542 1762 642 1800 quae
667 1750 886 1788 scholarum
911 1750 1004 1787 ordo
1027 1751 1316 1800 suppeditabat,
1351 1753 1564 1802 capiebam,
1598 1751 1729 1800 figuris
1760 1753 1856 1790 sub·

53 1809 164 1846 nixus
206 1814 244 1846 et
280 1811 449 1847 numeris
490 1815 526 1847 et
560 1809 886 1858 proportionibus.
950 1808 1025 1846 Sed
1059 1816 1166 1847 erant
1209 1809 1275 1847 illa
1308 1812 1526 1849 necessaria
1567 1810 1717 1856 studia,
1759 1810 1856 1848 nihil

53 1866 159 1916 quod
189 1867 477 1905 inclinationem
522 1868 764 1916 potissimam
796 1866 844 1904 ad
878 1868 1154 1905 astronomiam
1198 1873 1389 1916 argueret.
1452 1868 1626 1917 Cumque
1663 1869 1854 1906 sumtibus

53 1925 177 1963 Ducis
209 1925 521 1975 Wirtembergici
555 1931 802 1972 sustentarer,
839 1925 1010 1963 viderem
1034 1937 1124 1963 vero
1154 1927 1436 1964 commilitones
1468 1937 1587 1973 meos,
1625 1938 1723 1976 quos
1744 1928 1852 1976 prin-

53 1995 143 2033 ceps
174 1984 442 2033 interpellatus
476 1985 511 2020 in
546 1990 696 2022 exteras
719 1985 897 2021 nationes
919 1984 1108 2030 mittebat,
1143 1986 1386 2033 tergiversari
1411 1986 1516 2023 varie
1539 1996 1667 2022 amore
1690 1986 1852 2034 patriae,

53 2042 181 2080 durior
213 2053 283 2091 ego
317 2048 466 2080 mature
499 2041 708 2079 admodum
742 2053 892 2079 mecum
916 2041 1193 2090 concluseram,
1228 2054 1461 2092 quocunque
1485 2042 1699 2080 destinarer
1719 2055 1852 2092 prom-

49 2101 196 2138 tissime
229 2102 352 2150 sequi.
415 2101 544 2138 Prima
576 2112 616 2139 se
649 2099 791 2138 obtulit
823 2100 969 2138 functio
1003 2102 1274 2147 astronomica,
1308 2101 1356 2140 ad
1391 2113 1507 2150 quam
1540 2106 1667 2138 tamen
1701 2102 1852 2139 obeun-

51 2158 138 2196 dam
160 2158 266 2208 (vere
290 2158 434 2207 dicam)
457 2165 634 2197 extrusus
665 2170 750 2197 sum
774 2160 1005 2197 auctoritate
1025 2164 1337 2208 praeceptorum,
1371 2171 1446 2197 non
1470 2159 1754 2208 longinquitate
1775 2159 1849 2198 loci

50 2218 223 2263 terrum,
269 2228 382 2266 quem
415 2223 556 2255 metum
590 2218 626 2253 in
661 2217 746 2254 aliis
789 2216 1064 2255 damnaveram
1097 2218 1156 2266 (ut
1189 2217 1302 2266 dixi),
1347 2217 1416 2255 sed
1448 2219 1650 2266 inopinato
1684 2223 1722 2255 et
1753 2229 1850 2255 con-

50 2280 168 2313 temto
211 2275 418 2313 functionis
456 2287 597 2324 genere
637 2281 674 2313 et
714 2276 901 2313 tenuitate
945 2275 1171 2313 eruditionis
1210 2277 1246 2312 in
1294 2276 1367 2314 hac
1411 2275 1682 2325 philosophiae
1727 2281 1848 2325 parte.

50 2333 161 2371 Hanc
192 2334 310 2383 igitur
348 2333 427 2372 adii
459 2335 680 2371 instructior
712 2334 761 2371 ab
794 2334 948 2382 ingenio
982 2345 1098 2382 quam
1129 2347 1152 2371 a
1183 2335 1367 2381 scientia,
1401 2334 1564 2371 multum
1595 2339 1848 2383 protestatus,

50 2404 108 2430 me
135 2392 222 2441 jure
254 2404 340 2430 meo
373 2391 422 2430 ad
454 2391 560 2429 aliud
593 2393 696 2429 vitae
728 2403 868 2440 genus,
908 2391 1015 2441 quod
1046 2391 1287 2441 splendidius
1330 2391 1553 2439 videbatur,
1599 2403 1846 2441 nequaquam

49 2449 194 2488 cedere.
230 2452 293 2495 (Ex
318 2455 564 2486 introductione
591 2456 624 2485 in
650 2458 781 2496 partem
809 2455 849 2486 ΙΙ.
878 2453 1060 2487 Comment.
1091 2454 1237 2496 Martis.)

186 2515 319 2550 Ultimo
346 2516 531 2551 Februarii
557 2515 613 2550 die
639 2516 694 2551 his
720 2516 806 2551 adiit
832 2517 1010 2561 Keplerus
1046 2517 1234 2561 collegium
1267 2516 1517 2560 theologorum
1545 2516 1845 2560 Tubingensium:

50 2577 86 2615 S.
123 2576 224 2622 Etsi,
265 2576 476 2615 Clarissimi
509 2577 666 2614 Domini
698 2578 907 2625 Doctores,
954 2578 1231 2628 Praeceptores
1263 2578 1502 2625 Reverendi,
1546 2578 1642 2616 haec
1684 2578 1842 2624 functio,

50 2646 150 2684 quae
182 2634 276 2672 mihi
307 2647 330 2672 a
363 2635 598 2683 Dignissimo
622 2636 668 2674 D.
691 2635 932 2674 Cancellario
954 2636 1120 2683 offertur,
1155 2637 1284 2674 multis
1317 2636 1538 2673 nominibus
1570 2636 1847 2673 honestissima

50 2698 118 2739 est,
151 2692 327 2742 adeoque
356 2691 473 2741 longe
505 2693 678 2741 amplior,
711 2704 828 2741 quam
861 2694 965 2731 illam
999 2695 1061 2732 vel
1094 2706 1270 2732 recusare
1303 2694 1364 2732 vel
1396 2694 1527 2730 multis
1560 2693 1846 2731 conditionibus

49 2751 252 2789 limitatam
293 2755 470 2800 expetere
508 2751 591 2788 sine
630 2752 790 2799 insignis
834 2754 1079 2800 arrogantiae
1121 2753 1342 2801 suspicione
1379 2752 1543 2800 possim:
1590 2756 1717 2788 tamen
1760 2762 1845 2789 cum

51 2814 240 2858 cognatos
273 2813 309 2847 et
348 2813 546 2858 parentes,
592 2819 755 2856 quorum
787 2810 823 2844 in
857 2814 1049 2858 potestate
1081 2821 1182 2856 sum,
1227 2808 1454 2846 consulendi
1496 2819 1614 2845 causa
1656 2808 1845 2847 hactenus

52 2867 259 2915 abfuerim,
294 2867 472 2905 existimo
504 2877 565 2903 me
597 2866 700 2902 bona
733 2871 862 2904 vestra
894 2869 1040 2913 gratia,
1083 2867 1173 2915 quid
1209 2866 1282 2903 illis
1315 2867 1388 2903 hac
1419 2866 1456 2902 in
1489 2877 1528 2903 re
1560 2867 1686 2903 visum
1718 2867 1843 2915 fuerit,

52 2925 272 2963 relaturum.
335 2925 392 2962 Ac
423 2925 546 2971 initio,
579 2930 673 2972 quot
705 2930 741 2961 et
774 2929 939 2972 quantas
973 2923 1267 2962 commoditates
1299 2925 1553 2972 reperiamus,
1588 2935 1688 2973 quae
1721 2936 1767 2962 ex
1799 2937 1845 2963 ea

52 2983 102 3021 ad
132 2995 192 3021 me
223 2983 347 3021 redire
380 2983 548 3031 possint,
581 2992 657 3019 non
690 2987 747 3019 est
778 2984 1037 3019 necessarium
1068 2982 1255 3031 prolixius
1286 2992 1504 3028 recensere,
1548 2983 1619 3019 nisi
1652 2981 1691 3019 id
1722 2994 1843 3032 pecu-

49 3041 194 3079 liariter
219 3041 390 3090 jubeatis
413 3046 622 3089 vestraque
643 3051 734 3078 cura
757 3038 912 3089 dignum
934 3040 1182 3077 arbitremini.
1225 3038 1433 3077 Jusserunt
1462 3041 1577 3089 igitur
1596 3040 1698 3078 hunc
1721 3041 1770 3078 D.
1791 3041 1842 3079 D.

52 3098 280 3137 Cancellarii
310 3099 484 3137 favorem
515 3102 626 3147 grato
659 3098 787 3135 animo
820 3108 1030 3147 agnoscere
1062 3096 1246 3146 illumque
1279 3107 1392 3147 porro
1431 3109 1588 3147 quoque
1626 3098 1841 3138 studiorum

52 3158 296 3197 contentione
327 3162 365 3196 et
395 3158 501 3196 vitae
533 3156 754 3206 integritate
787 3154 984 3196 demereri.
1046 3155 1197 3195 Deinde
1228 3157 1265 3193 in
1299 3155 1471 3198 oblatam
1513 3155 1772 3197 conditionem
1802 3161 1843 3198 et
