2126 3388
175 177 259 221 980
844 175 926 211 Vita
950 176 1100 212 Joannis
1126 174 1284 221 Kepleri.

172 296 288 334 rebus
322 306 446 344 „quae
484 293 559 342 ipsi
590 292 817 341 dignitatem
849 297 887 330 et
916 305 1005 342 spes
1036 294 1248 333 adferent“.
1303 294 1413 343 „Non
1445 293 1617 340 credis“,
1650 293 1782 331 scribit
1811 294 1971 344 mortuo*

173 353 358 403 Tychone
393 355 604 400 „quantum
646 349 692 386 de
732 355 769 387 te
812 362 963 399 semper
993 351 1183 390 sollicitus
1219 353 1368 390 fuerim.
1431 352 1559 390 Velim
1590 352 1689 389 enim
1720 355 1757 387 te
1788 350 1825 385 in
1858 348 1963 396 ejus-

171 411 277 449 modi
308 421 390 448 esse
421 410 520 454 loco,
553 409 618 456 qui
650 407 846 446 doetrinae
878 414 993 457 atque
1025 410 1179 458 ingenio
1211 415 1277 447 tuo
1310 411 1482 448 bonitate
1513 409 1756 458 respondeat.
1805 404 1962 444 Utinam

171 470 209 505 in
240 480 300 505 me
333 472 433 504 esset
472 466 605 514 aliqua
636 465 818 512 facultas,
860 466 1186 515 praeclarissimos
1226 474 1314 505 tuos
1354 473 1513 505 conatus
1549 465 1787 516 provehendi
1792 491 1962 502 ......

172 525 296 574 Quam
329 524 462 561 Cicero
495 525 674 560 virtutem
706 525 880 561 nominat
902 529 939 562 et
971 536 1039 573 pro
1072 526 1285 563 arctissimo
1318 527 1509 563 amicitiae
1542 524 1694 562 vinculo
1727 523 1847 572 ponit,
1880 532 1963 557 eam

171 594 255 632 ego,
287 581 496 619 clarissime
517 582 567 618 mi
588 580 768 630 Keplere,
802 593 933 619 veram
964 584 1149 631 pietatem
1172 589 1209 621 et
1236 583 1446 621 doctrinam
1471 582 1643 634 appello,
1683 590 1858 631 quosque
1891 578 1964 615 hac

169 639 363 689 praeditos
405 638 691 684 animadverto,
733 650 798 676 eos
840 641 894 676 sic
934 640 1072 689 diligo,
1111 645 1154 678 ut
1192 643 1222 678 si
1262 640 1460 679 redamare
1498 653 1557 679 me
1600 640 1738 686 velint,
1778 641 1964 688 perpetuo

169 700 272 747 ipsos
306 709 434 734 amare
466 699 644 745 cogitem.
684 696 794 734 Haec
826 703 862 734 te
894 699 986 735 mibi
1019 710 1174 747 quoque
1204 699 1390 737 hactenus
1412 699 1566 737 amandi
1588 697 1816 745 colendique
1849 704 1966 732 causa

167 756 239 792 suit
270 761 307 792 et
339 755 545 791 etiamnum
588 760 647 792 est
678 760 716 792 et
746 755 779 792 si
809 756 879 793 tibi
910 755 1037 805 placet
1067 759 1154 805 erit,
1191 769 1307 806 quam
1339 757 1404 795 diu
1436 759 1540 795 vitae
1572 756 1687 805 hujus
1718 765 1836 793 usura
1866 752 1964 790 utri-

171 825 244 862 que
277 814 523 860 coutigerit“.
556 835 609 839 ——

309 870 507 907 Prioribus
539 870 694 919 quidem
726 871 762 906 in
794 869 916 908 literis
948 871 1094 920 Papius
1125 873 1282 922 saepius
1314 884 1354 911 se
1386 885 1539 924 sperare
1573 872 1740 919 dixerat,
1774 870 1859 908 Deo
1892 866 1965 905 ad-

161 928 289 976 jutore
323 927 414 965 olim
445 929 613 965 futurum
646 940 742 974 esse,
779 933 847 976 „ut
869 940 946 966 una
967 929 1083 966 simul
1104 931 1264 977 simus“,
1298 936 1434 979 postea
1465 937 1594 968 autem
1618 942 1704 967 cum
1737 930 1772 967 ei
1794 928 1963 965 maxima

165 997 253 1035 spes
285 990 388 1023 esset
409 985 710 1034 Regiomontum
740 986 977 1033 transeundi,
1011 989 1093 1037 ipse
1125 1000 1201 1026 non
1235 988 1412 1037 deposita
1443 989 1515 1026 bae
1547 988 1836 1038 exspectatione
1868 985 1965 1022 scri-

166 1044 241 1080 bit:
279 1045 342 1092 „in
375 1043 510 1081 Monte
532 1044 655 1092 Regio
686 1044 859 1080 fortassis
892 1045 1057 1082 facultas
1081 1046 1244 1091 dabitur,
1278 1047 1586 1094 praeclarissima
1609 1053 1674 1083 tua
1696 1044 1827 1083 studia
1848 1049 1964 1090 atque

166 1100 439 1138 liberalissima
476 1101 708 1139 liberalitate
752 1102 884 1150 aliqua
926 1104 1134 1140 exornandi
1181 1110 1298 1152 atque
1340 1102 1578 1143 reci·eandi.“
1651 1103 1779 1152 Quum
1818 1101 1964 1149 Regio-

167 1164 341 1196 montum
376 1161 557 1205 venisset,
592 1159 735 1208 Papius
770 1165 805 1196 et
837 1162 908 1197 iter
940 1167 977 1197 et
1008 1163 1113 1199 urbis
1145 1162 1385 1200 conditiones
1419 1163 1635 1212 descripsit.
1696 1159 1964 1198 Mathematici

166 1228 305 1254 munus
339 1228 477 1255 vacare
510 1219 687 1264 nunciat,
727 1217 786 1254 bis
820 1217 980 1255 additis:
1028 1219 1298 1269 „Stipendium
1334 1226 1392 1258 est
1431 1225 1510 1258 200
1545 1230 1747 1257 aureorum
1779 1217 1965 1255 Rhenen-

164 1276 277 1313 sium.
340 1273 497 1312 Utinam
539 1275 770 1312 haberemus
810 1277 1040 1326 principem,
1085 1289 1252 1325 quocum
1295 1278 1341 1315 de
1384 1278 1606 1326 hujusmodi
1649 1278 1764 1315 rebus
1795 1275 1964 1313 conferre

163 1333 320 1381 liceret3
364 1339 573 1381 augmento
616 1335 821 1382 impetrato
855 1339 890 1370 te
924 1334 971 1371 ad
1010 1346 1080 1372 nos
1112 1337 1355 1374 invitarem.“
1420 1336 1533 1384 Quod
1575 1347 1660 1373 cum
1702 1345 1856 1384 sperare
1887 1343 1964 1369 non

163 1397 310 1439 posset,
343 1392 618 1428 amicissimum
651 1403 763 1428 suum
793 1391 1005 1440 Keplerum
1039 1405 1126 1430 mox
1160 1395 1317 1442 propius
1349 1405 1388 1431 se
1422 1406 1506 1432 esse
1538 1405 1794 1439 accessurum,
1827 1393 1964 1428 iterum

167 1451 393 1496 iterumque,
429 1461 664 1497 quamquam
698 1449 831 1496 procul
864 1451 1025 1496 absens,
1059 1453 1093 1488 ei
1125 1458 1162 1489 et
1194 1452 1381 1489 auxilium
1415 1452 1523 1489 offert
1555 1458 1592 1489 et
1624 1452 1712 1498 sert,
1756 1461 1842 1488 eum
1874 1460 1965 1486 sae—

163 1508 264 1555 pius,
297 1512 340 1543 ut
372 1507 509 1544 saltem
535 1507 747 1544 officiosam
770 1518 879 1544 suam
906 1508 1144 1546 voluntatem
1166 1510 1379 1558 praeberet,
1413 1509 1580 1559 Keplero
1604 1509 1765 1557 ejusque
1793 1506 1963 1545 familiae

164 1564 267 1601 dona
299 1565 480 1602 mitteret.
544 1565 679 1613 Neque
711 1566 837 1602 minus
871 1568 1063 1604 maximae
1096 1568 1130 1604 ei
1164 1579 1277 1606 curae
1311 1573 1378 1614 est,
1414 1573 1456 1604 ut
1488 1567 1588 1605 idem
1623 1569 1658 1603 in
1690 1567 1812 1604 literis
1844 1564 1963 1614 profi-

164 1627 286 1669 ceret,
320 1622 546 1660 adhortatur
588 1624 687 1660 enim
719 1624 906 1670 amicum,
952 1630 993 1661 ut
1033 1625 1255 1663 inchoatum
1297 1625 1343 1663 de
1374 1625 1500 1663 Marte
1542 1637 1638 1674 opus
1681 1624 1881 1673 perficeret
1912 1622 1961 1659 ab

164 1691 289 1728 eoque
331 1686 462 1729 sperat
509 1692 657 1729 „novas
691 1681 862 1718 theorias
901 1681 1164 1733 planetarum,
1208 1689 1249 1720 ut
1290 1684 1402 1721 nobis
1435 1684 1638 1732 Copernici
1681 1683 1852 1720 theoriae
1885 1692 1961 1717 non

163 1743 313 1775 tantum
335 1738 528 1776 facessant
552 1738 718 1787 amplius
742 1741 992 1788 riegotii1m“;
1026 1740 1072 1778 de
1097 1743 1213 1779 variis
1236 1740 1394 1790 Optices
1418 1742 1513 1779 locis
1537 1740 1816 1778 difficilioribus
1839 1750 1962 1787 quae-

162 1797 211 1832 rit
252 1798 621 1845 interpretationem.
685 1795 813 1844 Quum
855 1798 1046 1847 Keplerus
1087 1799 1212 1837 eidem
1255 1799 1411 1837 videndi
1455 1805 1631 1836 naturam
1673 1798 1960 1847 explicavisset,

163 1853 395 1891 exclamavit
427 1855 523 1892 haec
557 1855 693 1892 verba:
732 1855 943 1906 „Agnosco
976 1868 1068 1894 saue
1101 1862 1138 1895 et
1169 1862 1278 1906 grata
1312 1863 1438 1896 mente
1461 1869 1642 1906 agnosco,
1677 1862 1712 1894 te
1734 1856 1897 1905 primum
1924 1859 1961 1892 et

162 1912 287 1949 solum
319 1912 433 1949 nobis
472 1912 630 1950 medicis
664 1918 701 1949 et
738 1912 979 1962 philosophis
1022 1926 1151 1952 veram
1192 1915 1347 1952 videndi
1386 1917 1572 1953 rationem
1616 1919 1959 1959 commonstrasse3

163 1969 428 2018 dignissimum
471 1983 542 2019 ego
575 1975 629 2016 te,
673 1971 728 2008 ita
771 1982 829 2008 me
863 1972 970 2009 Deus
1012 1978 1135 2019 amet,
1175 1973 1388 2021 judicarem
1430 1985 1547 2011 aurea
1579 1984 1737 2020 corona,
1772 1983 1871 2020 quae
1904 1972 1959 2007 tui

163 2029 331 2076 corporis
365 2028 516 2076 pondus
548 2030 728 2076 aeqiiet.“
754 2050 807 2056 ——
832 2030 1005 2067 Eundem
1036 2031 1114 2068 fere
1146 2033 1182 2067 in
1216 2031 1371 2068 modum
1395 2043 1526 2069 omnes
1551 2043 1650 2079 quac
1682 2037 1771 2068 sunt
1799 2034 1957 2067 secutae

165 2086 354 2134 epistolae
389 2088 552 2135 scriptae
586 2096 686 2131 sunt,
718 2086 998 2134 pulcherrimae
1031 2090 1224 2127 amicitiae
1252 2091 1471 2135 continuae,
1506 2091 1657 2136 amoris,
1692 2087 1958 2125 admirationis

168 2148 306 2192 testes3
339 2145 377 2180 in
409 2156 455 2181 ea
487 2145 660 2192 inprimis
693 2145 859 2193 epistola
889 2146 1034 2194 Papius
1067 2159 1113 2185 ex
1146 2149 1281 2185 intimo
1314 2150 1442 2185 animo
1477 2147 1617 2184 dixisse
1663 2146 1834 2192 videtur,
1880 2156 1958 2192 qua

160 2201 317 2250 Kepleri
349 2203 480 2240 uxoris
512 2208 673 2239 mortem
698 2204 907 2240 verissimis
932 2204 1057 2242 verbis
1090 2205 1207 2242 dolet.
1252 2204 1361 2253 Quae
1396 2207 1479 2254 ipsa
1502 2204 1668 2254 epistola
1690 2209 1728 2242 et
1749 2207 1956 2251 sequentes

163 2259 240 2296 vol.
273 2259 342 2297 VI.
375 2271 413 2308 p.
448 2264 498 2298 ‘2ss
533 2272 583 2296 ss.
617 2259 781 2308 allatae,
814 2262 1002 2300 nonnulla
1034 2274 1079 2300 ex
1103 2263 1268 2312 epistola
1293 2276 1325 2302 a.
1353 2266 1475 2301 1611.
1508 2264 1651 2311 scripta
1672 2273 1789 2310 supra
1811 2273 1847 2310 p.
1875 2263 1953 2299 796

166 2317 347 2367 suppleta
379 2324 481 2356 sunt.
544 2316 731 2356 Ultimum
764 2318 812 2355 ad
844 2319 1055 2368 Keplerum
1088 2322 1239 2370 scripsit
1270 2321 1414 2370 Papius
1438 2333 1473 2360 a.
1501 2324 1637 2367 1616„
1672 2325 1708 2357 et
1741 2331 1857 2368 quum
1889 2317 1955 2356 ille

163 2375 287 2424 Papio
319 2387 387 2424 per
417 2376 629 2423 Criigerum
662 2379 826 2414 amicum
860 2390 893 2414 a.
932 2382 1053 2418 1623.
1085 2379 1258 2416 libellum
1292 2380 1477 2426 misisset,
1520 2378 1684 2427 Papium
1721 2375 1954 2426 „nonnullos

163 2439 252 2471 ante
275 2431 422 2471 annos“
448 2433 660 2471 decessisse
682 2445 908 2484 responsum
927 2441 995 2473 est.
1029 2436 1242 2486 (Mortuum
1267 2449 1351 2474 esse
1373 2437 1487 2475 refert
1508 2436 1730 2473 Hanschius
1753 2447 1789 2475 a.
1815 2431 1955 2484 1622.)

307 2491 411 2528 Inter
449 2503 531 2538 eos,
576 2493 804 2540 quibuscum
846 2493 1015 2543 Keplero
1055 2494 1250 2532 literarum
1291 2494 1444 2543 quidem
1486 2494 1554 2532 sed
1596 2495 1722 2531 minus
1764 2492 1958 2530 amicitiae

170 2553 252 2587 erat
282 2561 388 2596 usus,
420 2551 577 2599 saepius
605 2549 688 2597 jam
722 2551 1049 2589 Christianus
1083 2552 1322 2590 Severini
1355 2552 1789 2601 Longomontanus
1833 2549 1958 2587 dictus

176 2611 244 2652 est,
278 2607 420 2644 diutius
452 2607 649 2657 Tycbonis
680 2609 718 2644 in
751 2609 891 2655 Dama,
923 2609 1096 2658 paullum
1129 2611 1312 2660 temporis
1344 2612 1380 2647 in
1415 2611 1602 2648 Bobemia
1634 2610 1808 2658 adjutor,
1849 2608 1958 2656 cujus

176 2666 370 2712 cognitum
401 2670 457 2703 est
487 2677 625 2702 nomen
659 2666 761 2703 edita
794 2667 1068 2714 „Astronomia
1100 2668 1288 2715 Danica“,
1322 2680 1398 2717 qua
1428 2670 1465 2705 in
1499 2667 1773 2706 conscribenda
1804 2665 1958 2716 prorsus

166 2723 333 2760 rationes
365 2729 422 2760 est
453 2728 607 2761 secutus
640 2723 925 2774 Tyclronianas.
969 2725 1074 2763 Idem
1107 2738 1192 2763 cum
1224 2727 1350 2763 minus
1382 2726 1541 2777 Kepleri
1572 2725 1701 2763 studia
1734 2730 1772 2763 et
1804 2724 1958 2774 opinio-

168 2789 234 2815 nes
268 2782 553 2830 comprobaret‚
589 2782 662 2819 hoc
695 2785 898 2832 praecipue
931 2785 1139 2831 aegerrime
1170 2784 1277 2829 tulit,
1323 2784 1427 2832 quod
1459 2783 1650 2834 Keplerus
1691 2788 1728 2821 et
1759 2780 1956 2832 Tychonis

169 2840 441 2876 astronomiam
485 2840 687 2877 emendare
729 2841 844 2878 vellet
886 2846 922 2878 et
962 2841 1008 2879 de
1049 2843 1197 2880 ratione
1237 2842 1503 2892 Copernicana
1539 2854 1578 2880 se
1612 2841 1836 2879 destiturum
1871 2849 1956 2876 esse

172 2899 391 2933 constanter
431 2902 624 2945 negasset.
685 2898 789 2935 Dicit
832 2898 985 2947 quidem
1018 2911 1105 2936 eum
1137 2901 1174 2936 in
1207 2901 1373 2949 epistola
1405 2913 1440 2938 a.
1478 2904 1599 2938 1604.
1642 2899 1732 2936 data
1766 2898 1956 2945 „amicum

172 2954 288 2989 veteri
319 2954 601 2991 necessitudine
634 2955 920 3004 conjunctiiiii“,
955 2956 1022 2993 sed
1058 2957 1103 2995 de
1136 2958 1219 3006 ejus
1250 2958 1386 2995 studiis
1407 2959 1646 3007 iniquissime
1674 2956 1822 3004 judicat
1851 2954 1957 3002 ejus—

172 3019 245 3055 que
277 3016 454 3047 conatum
488 3012 749 3051 emendandae
782 3014 1029 3063 Tycbonicae
1071 3015 1243 3053 theoriae
1275 3015 1420 3053 lunaris
1456 3015 1712 3064 „superfluam
1751 3013 1956 3050 curiosita-

171 3067 272 3102 16111α
307 3066 523 3117 compellat.
585 3072 803 3115 (Epistol-am
829 3074 921 3109 hanc
946 3076 1195 3118 praemisimus
1223 3076 1292 3110 vol.
1316 3077 1379 3111 III.
1407 3088 1441 3120 p.
1466 3076 1565 3119 443.)

312 3125 382 3163 Cui
414 3126 580 3175 injustae
612 3132 648 3165 et
678 3129 804 3166 minus
836 3130 1006 3169 urbanae
1037 3131 1338 3181 interpellationi
1359 3131 1549 3183 Keplerus
1579 3130 1748 3168 maxima
1777 3126 1956 3167 modera-
