2126 3388
575 182 722 231 Kepleri
745 182 930 221 literarum
955 183 1075 222 studia
1099 187 1136 223 et
1161 184 1335 226 doctrina.
1743 188 1854 235 1013

59 304 239 344 metricas
271 305 369 345 inter
399 317 440 345 se
473 305 657 354 conferre,
691 316 853 355 quarum
885 316 1004 354 quum
1034 307 1085 344 sit
1115 317 1295 344 numerus
1317 306 1501 356 infinitus,
1536 307 1689 347 omissis
1721 310 1858 347 ceteris

59 375 226 414 paucaS,
259 376 359 413 quae
394 365 631 415 „pulchrae“
668 365 931 414 cognominari
963 369 1143 413 possent,
1188 365 1410 403 retinendas
1443 378 1549 416 esse3
1590 367 1857 417 analogiarum

60 434 157 469 esse,
190 434 250 460 res
282 424 410 472 ipsas,
456 423 506 461 ad
539 435 636 473 quas
667 422 785 472 plana
817 426 854 460 et
886 431 1048 470 corpora
1088 422 1281 471 regularia
1319 426 1575 473 pertinerent,
1620 436 1856 475 comparare.

63 480 302 529 „Pulchras“
338 481 423 519 illas
455 483 724 531 proportiones
755 485 793 518 et
822 481 860 516 in
892 480 1023 529 figuris
1055 480 1181 530 planis
1203 482 1368 519 inveniri
1401 487 1437 520 et
1458 483 1616 521 auribus
1647 485 1686 521 in
1710 485 1858 522 musica

59 540 226 588 percipi:
261 551 360 588 quae
393 542 494 578 enim
526 542 564 576 in
595 541 742 577 musica
773 543 1006 588 ponerentur
1037 544 1185 588 septem
1218 539 1280 577 vel
1312 544 1398 577 octo
1431 541 1655 589 intervalla,
1697 554 1743 580 ea
1774 554 1857 580 res-

59 597 231 646 pondere
263 598 396 646 figuris
427 597 668 646 regularibus
702 596 843 635 circulo
877 598 1082 645 inscriptis.
1143 596 1230 634 Hac
1262 600 1549 646 comparatione
1581 599 1731 638 Timaei
1761 599 1857 637 Pla-

61 656 178 693 tonici
212 661 248 693 et
271 656 631 706 Pythagoraeorum
665 655 885 693 admonitus
919 654 968 692 ad
1000 655 1087 693 illos
1122 655 1352 704 digreditur,
1388 668 1510 705 eaque
1543 657 1588 695 de
1622 669 1739 696 causa
1770 658 1858 696 illos

63 714 177 752 docet
208 714 432 752 harmonias
464 726 555 752 suas
587 725 663 752 non
696 719 798 752 recte
830 713 1060 762 probavisse
1092 718 1160 751 aut
1191 716 1440 763 exposuisse,
1485 715 1589 764 quod
1620 716 1729 754 nulla
1760 728 1858 765 geo-

59 774 220 810 metriae
262 767 411 810 ratione
453 773 587 810 habita
629 784 720 809 suas
752 771 799 810 de
832 773 981 810 musica
1023 763 1225 821 opinio'nes
1270 772 1512 811 arithmetica
1553 773 1686 811 fulcire
1730 775 1858 812 conati

59 835 199 868 essent.
260 830 321 868 Ad
365 831 456 878 has,
502 843 602 880 quae
640 832 678 867 in
721 830 935 878 geometria
977 835 1015 867 et
1052 832 1200 868 musica
1241 829 1598 879 deprehendantur,
1638 831 1859 871 harmonias

60 888 251 938 Keplerus
283 891 438 927 tertium
481 889 587 927 addit
628 893 827 937 aspectuS,
872 898 1034 936 quorum
1076 894 1113 926 et
1154 889 1324 937 ipsorum
1366 894 1451 927 octo
1492 894 1641 927 tantum
1682 890 1859 929 efficaces

60 951 192 985 censet
223 958 320 994 esse,
354 949 419 997 qui
453 953 490 985 et
521 949 593 997 ipsi
625 947 758 996 figuris
790 945 1034 995 regularibus
1066 948 1103 984 in
1137 946 1279 984 circulo
1312 948 1504 997 inscriptis
1537 948 1789 995 efficerentur,
1822 953 1859 987 et

59 1016 220 1054 quorum
253 1006 462 1044 efficaciam
496 1007 545 1044 ab
577 1007 662 1055 ipso
696 1004 892 1042 contendit
925 1015 996 1042 usu
1039 1006 1234 1055 cognitam
1267 1016 1371 1055 esse3
1414 1017 1580 1055 namque
1619 1018 1687 1055 per
1717 1007 1859 1046 multos

60 1075 182 1102 annos
215 1063 260 1101 dc
294 1075 339 1102 ea
371 1076 410 1102 re
444 1065 736 1102 observationes
769 1077 791 1101 a
823 1074 863 1100 se
896 1064 1092 1101 institutas
1123 1075 1220 1113 esse.

207 1121 316 1160 Haec
348 1124 520 1172 cogitata
550 1125 589 1159 in
622 1121 774 1160 duabus
807 1121 882 1158 illis
915 1121 1091 1170 epistolis
1124 1133 1221 1171 quas
1255 1123 1641 1160 commemoravimus
1673 1124 1768 1161 satis
1799 1125 1860 1161 in-

60 1181 275 1230 composite
305 1182 572 1230 proseruntur3
611 1179 798 1218 nonnulla
836 1190 927 1217 vero
961 1182 1022 1224 (de
1058 1181 1187 1226 quibus
1220 1182 1290 1219 vol.
1316 1183 1342 1217 I.
1380 1194 1416 1226 p.
1449 1183 1627 1220 197—203
1661 1189 1696 1219 et
1720 1185 1790 1219 vol.
1817 1186 1859 1220 V.

59 1253 95 1286 p.
119 1240 257 1276 ‘20-29
282 1241 523 1286 comparanda
556 1245 657 1285 sunt)
691 1237 866 1287 pluribus
898 1236 1092 1287 explicata
1123 1242 1223 1275 sunt.
1289 1238 1400 1276 Anno
1438 1243 1560 1277 1607.
1595 1245 1724 1279 autem
1756 1240 1860 1279 Her-

58 1300 178 1335 warto
222 1296 268 1334 de
312 1296 449 1334 studiis
482 1309 505 1334 a
535 1308 576 1334 se
618 1297 655 1332 in
699 1297 919 1334 harmonias
962 1297 1144 1346 impensis
1188 1296 1313 1334 denuo
1350 1299 1583 1336 mentionem
1625 1299 1770 1336 faciens
1814 1298 1860 1337 de

59 1358 286 1404 argumento
319 1360 485 1404 quatuor
516 1356 696 1404 partium,
730 1356 766 1391 in
800 1366 896 1403 quas
929 1365 1026 1403 opus
1058 1366 1169 1392 suum
1204 1360 1305 1393 esset
1333 1355 1539 1404 divisurus,
1573 1358 1768 1407 copiosius
1799 1357 1861 1394 lo-

61 1415 202 1463 quitur.
263 1413 398 1462 Neque
442 1424 532 1451 vero
572 1425 613 1451 se
652 1414 706 1450 ait
738 1412 898 1451 arduum
930 1412 1004 1451 hoc
1039 1424 1136 1462 opus
1177 1424 1448 1463 aggressurum
1490 1426 1593 1463 esse,
1634 1417 1859 1465 priusquam

61 1474 347 1519 astronomiam,
382 1483 498 1520 quam
530 1476 608 1509 tum
641 1472 807 1509 maxime
839 1470 1068 1518 elaboraret,
1101 1470 1151 1508 ad
1182 1471 1298 1510 finem
1328 1472 1585 1521 perduxisset.
1628 1473 1786 1522 Adjicit,
1819 1485 1861 1511 se

59 1530 261 1568 Herwarto
292 1530 572 1579 gratificantem
606 1531 721 1567 etiam
753 1529 967 1567 Ptolemaei
1000 1529 1241 1568 harmoniam
1281 1530 1330 1569 ab
1363 1531 1430 1569 illo
1471 1542 1602 1570 secum
1643 1533 1861 1570 communi-

60 1594 186 1627 catam
220 1589 345 1626 denuo
378 1590 716 1638 interpretaturum
739 1593 777 1626 et
798 1589 1117 1626 annotationibus
1139 1588 1373 1628 illustratam
1397 1589 1589 1628 editurum
1622 1601 1718 1629 esse.
1771 1592 1860 1637 (Cfr.

58 1648 127 1684 vol.
154 1649 195 1683 V.
222 1662 256 1694 p.
284 1651 329 1686 30
355 1651 413 1693 ss)

199 1706 260 1743 Ab
292 1718 392 1743 anno
418 1710 540 1744 1607.
575 1717 698 1755 usque
731 1705 779 1743 ad
803 1716 946 1743 annum
974 1708 1097 1743 1618.
1130 1705 1166 1741 in
1190 1704 1350 1754 Kepleri
1384 1706 1557 1755 epistolis
1580 1706 1727 1745 nullam
1752 1706 1857 1745 Har-

59 1765 213 1802 moniae
235 1767 470 1802 mentionem
502 1764 644 1802 factam
676 1765 919 1812 invenimus,
952 1763 1019 1801 secl
1041 1763 1296 1812 fragmentum
1325 1776 1368 1802 ex
1400 1767 1671 1815 manuscriptis
1693 1765 1856 1805 Pulcov.

62 1825 251 1869 (scriptum
286 1826 342 1860 die
375 1826 430 1861 24.
455 1826 537 1861 Jan.
566 1825 688 1870 1614),
720 1822 824 1871 quod
847 1822 925 1859 vol.
949 1822 997 1860 V.
1030 1834 1067 1871 p.
1094 1826 1142 1859 71
1179 1824 1562 1871 communicavimus,
1596 1826 1634 1860 in
1668 1835 1743 1873 quo
1765 1824 1858 1862 har-

60 1882 213 1918 monica
246 1880 472 1918 chordarum
507 1882 645 1919 divisio
679 1892 764 1919 cum
796 1881 1033 1930 geometrica
1064 1880 1194 1917 circuli
1228 1880 1419 1919 divisione
1452 1882 1662 1920 secundum
1695 1894 1860 1932 propor-

27 1983 31 1988 .
61 1940 185 1976 tiones
216 1939 426 1977 rationales
466 1940 568 1978 sacta
600 1944 865 1988 comparatur,
899 1938 1132 1976 documento
1173 1944 1252 1987 est,
1296 1951 1382 1978 eum
1416 1941 1530 1977 etiam
1570 1940 1643 1978 hoc
1676 1942 1859 1990 temporis

60 1997 263 2035 intervallo
297 1998 356 2035 his
387 1998 503 2035 rebus
537 2010 691 2047 operam
723 1999 945 2035 navavisse.
1000 1996 1123 2034 Paulo
1156 1998 1381 2046 priusquam
1411 1997 1624 2036 Harmonia
1656 1999 1758 2048 typis
1791 2010 1860 2036 ex·-

61 2057 206 2104 scripta
239 2061 295 2093 est
329 2057 503 2104 (1619),
537 2056 729 2105 Keplerus
762 2068 848 2094 cum
881 2054 1093 2093 Guilielmo
1127 2054 1374 2104 Schickarto,
1407 2061 1563 2105 pastore
1595 2061 1675 2093 tum
1709 2056 1858 2106 (1617)

59 2113 328 2163 Niirtingensi,
361 2120 498 2164 postea
532 2114 678 2165 (1618)
709 2115 928 2164 professore
959 2113 1221 2161 Tubingensi,
1266 2116 1469 2153 arctiorem
1500 2116 1584 2152 iniit
1616 2116 1855 2162 societatem,

60 2174 169 2220 isque
202 2172 409 2210 nonnullas
441 2173 650 2222 figurarum
683 2172 732 2210 ad
764 2171 1034 2209 illustrandum
1069 2183 1165 2221 opus
1197 2175 1501 2210 necessariarum
1533 2173 1638 2222 ligno
1671 2178 1708 2210 et
1740 2185 1857 2222 cupro

63 2229 308 2269 excudendas
331 2232 513 2280 suscepit.
557 2231 735 2270 Ceterum
768 2230 1020 2280 epistolarum
1053 2230 1101 2267 ab
1134 2232 1180 2268 iis
1213 2233 1312 2268 inter
1343 2243 1384 2269 se
1406 2233 1609 2269 missarum
1640 2243 1858 2281 perpaucae

61 2287 110 2326 ad
141 2300 211 2326 nos
244 2295 523 2338 pervenerunt,
567 2295 609 2326 ut
641 2289 687 2327 de
720 2290 899 2327 extremis
930 2287 1089 2337 Kepleri
1130 2288 1267 2326 studiis
1310 2290 1349 2326 in
1394 2289 1460 2327 illo
1499 2301 1613 2339 opere
1655 2289 1857 2327 collocatis

61 2346 156 2383 nihil
190 2347 277 2385 inde
318 2347 498 2396 colligere
531 2349 739 2397 possimus.
802 2346 976 2385 Exscribi
1019 2348 1122 2396 typis
1163 2347 1364 2385 harmonia
1405 2349 1533 2397 coepit
1573 2359 1705 2386 mense
1736 2347 1857 2386 Junio

62 2406 152 2441 anni
189 2409 312 2451 1618,
345 2405 453 2443 finita
484 2411 540 2444 est
572 2417 703 2444 mense
734 2405 877 2443 Martio
910 2405 999 2442 anni
1036 2409 1157 2443 1619.
1194 2405 1409 2444 Ptolemaei
1441 2406 1682 2444 harmoniam
1716 2407 1749 2443 ei
1782 2417 1858 2443 non

61 2462 227 2511 addidit,
273 2463 311 2500 id
353 2463 455 2512 quod
496 2464 606 2502 initio
650 2465 724 2501 sibi
763 2468 1044 2514 proposuerat;
1087 2474 1158 2501 nos
1199 2475 1284 2502 eam
1329 2476 1374 2502 ex
1414 2465 1677 2514 manuscripto
1718 2466 1856 2510 (v01.V.

60 2524 317 2568 psas-412)
345 2523 450 2570 operi
482 2522 554 2571 ipsi
586 2521 844 2571 adjunximus.

206 2579 388 2617 Continet
419 2581 534 2628 igitur
565 2580 803 2628 Harmonia,
849 2580 960 2629 cujus
992 2585 1258 2629 argumentum
1287 2580 1370 2629 jam
1403 2580 1571 2619 breviter
1604 2591 1856 2630 exponemus,

61 2637 178 2675 studii
211 2639 350 2686 viginti
381 2649 568 2675 annorum
594 2639 777 2676 ¹fructum.
841 2638 968 2686 Quum
1001 2640 1270 2687 proportiones
1303 2638 1546 2677 harmonicas
1580 2651 1624 2677 ex
1656 2639 1789 2687 figuris
1821 2645 1858 2676 et

63 2696 289 2746 corporibus
321 2696 564 2745 regularibus
595 2696 786 2745 proficisci
819 2697 1020 2744 existimet,
1053 2696 1245 2746 Keplerus
1267 2697 1399 2745 primis
1423 2696 1574 2735 duobus
1594 2696 1700 2734 libris
1722 2696 1859 2733 harum

61 2765 186 2791 rerum
219 2755 406 2791 rationem
440 2754 626 2804 explicat,
666 2756 889 2804 praemissis
922 2754 1155 2803 quibusdam
1189 2754 1478 2792 definitionibus
1510 2759 1548 2792 et
1579 2754 1754 2792 thesibus
1787 2753 1857 2792 de-

62 2813 151 2849 cimi
181 2812 268 2850 libri
301 2811 485 2858 Euclidis,
520 2824 617 2861 quas
650 2812 728 2852 vol.
760 2813 808 2852 V.
840 2825 876 2862 p.
913 2817 950 2850 9.
984 2813 1153 2851 breviter
1186 2812 1477 2860 explicavimus.
1533 2812 1698 2850 Conficit
1730 2816 1858 2850 autem

61 2871 173 2919 primi
205 2870 292 2908 libri
324 2871 654 2919 inquisitionibus,
687 2870 746 2908 his
779 2875 929 2908 tantum
962 2870 1093 2908 circuli
1125 2871 1400 2920 partitionibus
1433 2872 1469 2907 in
1503 2874 1689 2919 sequente
1722 2870 1857 2919 dispu-

64 2929 212 2966 tatione
244 2928 429 2966 utendum
463 2939 567 2966 esse:
605 2932 639 2965 1.
674 2928 865 2966 divisione
895 2929 933 2965 in
967 2928 1082 2977 duas,
1118 2934 1153 2966 2.
1187 2930 1224 2965 in
1258 2933 1353 2975 tres,
1389 2932 1424 2966 3.
1458 2930 1496 2965 in
1528 2933 1713 2977 quatuor,
1748 2932 1783 2966 4.
1819 2930 1857 2971 iu

63 2988 245 3035 quinque,
281 2991 317 3025 6.
352 2988 390 3023 in
423 2997 490 3024 sex
524 2986 708 3034 aequales
741 2990 868 3035 partes
902 2998 1111 3035 earumque
1145 2986 1275 3035 dupla,
1309 2986 1449 3034 quibus
1481 2988 1637 3035 insuper
1668 2985 1858 3024 accedunt

65 3045 252 3092 „stellae“
287 3044 334 3082 ad
367 3046 646 3094 pentagonium
679 3049 716 3082 et
748 3044 1003 3092 decagonium
1043 3044 1218 3092 regulare
1258 3045 1506 3093 pertinentes.
1568 3044 1689 3091 Nobis
1722 3055 1858 3083 recen-

63 3103 247 3149 tioribus,
292 3104 435 3153 quippe
470 3101 636 3151 quibas
666 3114 725 3140 res
766 3113 922 3151 prorsus
965 3103 1040 3140 alio
1080 3102 1194 3140 modo
1236 3101 1486 3151 contemplari
1529 3103 1856 3149 consueverimus,

63 3160 227 3211 Kepleri
258 3160 375 3211 hujus
407 3161 592 3200 materiae
624 3162 803 3200 tractatio
835 3171 909 3198 non
944 3160 1068 3201 facilis
1100 3165 1158 3201 est
1188 3165 1416 3212 perspectu3
1458 3171 1529 3199 nos
1562 3171 1654 3201 vero
1686 3161 1801 3201 nimis
1834 3173 1858 3203 a
