2177 3408
502 191 738 228 Summarium
763 190 944 227 Historiae
968 191 1219 228 Astronomiae
1246 191 1368 227 seculo
1393 190 1487 227 XVI.
1827 191 1908 235 611

107 307 194 354 tati,
219 311 429 354 103111111οΨ-
478 308 653 354 Ejusdem
677 307 872 344 Elementa
896 307 1158 344 Arithmeticae
1185 309 1301 352 (1579)
1332 307 1456 343 innixa
1487 310 1572 343 sunt
1604 307 1749 352 penitus
1781 307 1910 352 princi-

107 367 177 412 piis
203 368 368 412 Rameis,
397 367 433 403 in
459 367 605 411 quibus,
631 366 745 401 Ramo
773 367 882 410 duce,
909 368 992 410 plus
1019 367 1158 412 logicae
1185 378 1292 411 quam
1318 366 1592 402 mathematicae
1618 366 1744 401 tribuit
1769 370 1909 401 auctor.

106 426 239 460 Petri
272 425 398 460 Rami
444 424 652 469 philosophi
685 425 836 460 celebris
881 425 1000 460 studia
1039 430 1075 460 et
1115 424 1191 459 fata
1225 426 1303 469 quis
1337 425 1475 461 nescit?
1537 424 1652 469 Quam
1687 424 1731 459 ob
1771 434 1845 459 rem
1878 426 1914 458 et

105 484 190 527 quia
214 494 340 527 parum
366 483 547 528 praestitit
571 484 607 517 111
632 483 693 517 1110
721 483 905 518 doctrinae
922 494 1065 526 genere,
1093 483 1137 519 de
1158 493 1228 528 quo
1253 484 1313 519 1110
1338 483 1442 519 nobis
1468 483 1717 518 disserendum
1742 486 1814 527 est,
1849 481 1911 517 ab·

106 541 267 585 legamus
294 541 449 577 lectores
475 541 520 576 ad
545 542 786 576 Kaestuerum
804 542 955 586 (Gesch.
976 542 1010 578 d.
1029 542 1143 577 Math.
1161 542 1189 586 Ι,
1216 543 1294 578 381.
1322 540 1369 585 ΙΙ,
1387 542 1482 587 725),
1510 542 1570 586 (1111
1594 540 1711 576 fusius
1737 551 1790 586 ea,
1818 550 1910 584 quae

107 599 244 634 Ramus
270 599 314 634 de
338 610 378 635 re
402 599 658 634 mathematica
684 598 880 644 evulgavit,
914 600 1112 644 excerpsit3
1149 600 1218 634 hoe
1243 604 1383 635 tantum
1409 605 1592 645 notamus,
1619 599 1739 644 magni
1766 598 1911 642 quidem

106 657 234 693 fecisse
260 659 412 694 Ramum
440 657 628 702 Copernici
652 657 834 702 ingenium
861 657 943 698 (cfr.
971 657 1040 692 vol.
1069 659 1132 692 III.
1159 670 1195 702 p.
1222 659 1325 702 453),
1363 669 1480 702 neque
1505 670 1588 693 vero
1614 658 1650 692 in
1685 657 1764 701 ejus
1788 661 1911 702 partes

107 716 215 761 plane
241 717 418 761 pleneque
444 716 641 750 transiisse.
692 716 840 759 (Ramus
866 716 1012 749 Parisiis
1039 716 1279 759 professorem
1313 717 1384 761 egit
1410 716 1673 761 philosophiae,
1699 716 1910 750 interfectus

106 785 189 809 vero
215 779 270 810 est
295 785 388 810 anno
420 774 505 810 1572
530 775 566 808 in
592 773 705 808 turbis
734 774 960 818 „nuptiarum
986 774 1264 809 Parisiensium“
1294 785 1425 809 annum
1451 784 1561 818 agens
1588 775 1654 817 57.)

246 996 371 1044 Qualis
398 1009 419 1034 a
439 996 638 1043 Copernico
666 995 711 1033 ad
731 995 940 1043 Tychonem
965 1006 1082 1042 usque
1107 995 1347 1034 astronomiae
1374 994 1546 1033 colendae
1566 996 1657 1032 ratio
1678 995 1786 1032 fuerit
1803 1008 1908 1033 enar⁴

104 1070 184 1095 rare
211 1059 340 1104 conati,
367 1058 437 1093 nisi
456 1058 663 1102 scriptores,
691 1057 751 1101 qui
768 1057 990 1092 verissimam
1015 1057 1124 1100 hujus
1151 1056 1364 1102 disciplinae
1389 1057 1580 1100 imaginem
1606 1057 1808 1101 redderent,
1835 1068 1906 1091 11011

108 1118 365 1153 00113111111111113.
416 1117 609 1151 Omisimus
643 1126 786 1161 omnes,
821 1115 881 1159 qui
912 1115 1055 1150 levioris
1089 1121 1210 1150 essent
1243 1115 1413 1150 momenti
1444 1121 1506 1150 aut
1538 1116 1614 1149 sola
1647 1116 1681 1149 111
1715 1116 1911 1160 astrologia

108 1177 266 1212 studium
292 1185 510 1220 operamque
544 1178 738 1219 ponerent,
774 1183 890 1217 neque
916 1173 1029 1218 magis
1065 1173 1154 1208 alios
1181 1173 1424 1218 laudavimus,
1460 1174 1520 1218 qui
1547 1173 1650 1207 editis
1678 1173 1910 1208 classicorum

105 1245 194 1279 quos
221 1238 351 1269 vocant
377 1237 440 1267 aut
466 1233 705 1277 posteriorum
731 1232 782 1275 (S.
801 1233 920 1277 Bosci,
946 1233 1234 1276 Regiomontani,
1260 1232 1454 1267 Purbachii
1480 1232 1722 1275 aliorumque)
1748 1237 1910 1266 astrono-

107 1304 247 1328 morum
274 1292 441 1337 operibus
469 1291 558 1326 illud
582 1291 769 1325 literarum
794 1301 906 1335 genus
933 1294 1130 1335 auxerunt,
1157 1291 1224 1325 nisi
1251 1291 1356 1325 simul
1383 1290 1427 1325 ad
1453 1290 1695 1325 astronomiae
1720 1290 1912 1334 perfectio-

106 1363 186 1387 nem
211 1351 293 1396 plus
328 1350 490 1385 minusve
525 1348 794 1384 contribueriut.
844 1349 936 1384 Nam
968 1349 1171 1384 istiusmodi
1208 1349 1350 1393 quidem
1384 1348 1466 1383 libri
1508 1348 1624 1383 medio
1668 1347 1789 1383 seculo
1815 1349 1909 1382 XVI.

112 1412 186 1447 fere
211 1401 389 1446 innumeri
415 1410 501 1457 editi
528 1413 622 1452 sunt,
650 1420 801 1453 quorum
828 1420 1015 1444 numerum
1042 1421 1151 1453 quum
1179 1408 1329 1453 singulis
1356 1407 1429 1441 fere
1455 1407 1557 1441 annis
1577 1417 1668 1441 novo
1688 1417 1796 1451 opere
1815 1406 1911 1441 edito

105 1475 250 1505 auctum
276 1480 357 1505 esse
384 1479 427 1504 ex
453 1468 596 1513 egregia
622 1467 795 1502 librorum
822 1468 1142 1502 astronomicorum
1169 1466 1410 1510 descriptione
1435 1466 1478 1499 E.
1499 1465 1690 1500 Scheibelii
1715 1465 1910 1508 videamus,

105 1540 211 1574 quam
237 1528 340 1563 multi
366 1528 411 1564 ad
436 1538 584 1572 graecos
610 1526 884 1561 mathematicos
911 1530 947 1562 et
972 1530 1198 1560 astronomos
1225 1530 1301 1560 tum
1326 1524 1531 1559 incumbere
1566 1523 1749 1568 coeperint
1775 1522 1910 1567 colligi·

102 1598 193 1625 mus,
243 1588 309 1622 His
334 1587 445 1631 igitur
471 1586 612 1621 omissis
639 1595 754 1620 annus
780 1588 864 1629 post
889 1584 1118 1619 millesimum
1136 1582 1449 1628 quingentesimus
1469 1582 1757 1626 septuagesimus
1785 1592 1910 1616 secun-

101 1646 167 1681 dus
193 1646 221 1680 is
249 1646 390 1681 videtur
416 1655 511 1688 esse,
545 1644 639 1678 unde
666 1654 686 1677 a
711 1643 815 1678 nobis
848 1643 1089 1678 astronomiae
1129 1642 1303 1677 colendae
1337 1640 1512 1674 rationem
1551 1640 1770 1675 enarraturis
1796 1650 1909 1675 novus

100 1704 187 1738 ordo
214 1708 407 1738 statuatur.
456 1702 520 1737 Illo
542 1702 634 1736 enim
652 1711 746 1736 anno
766 1702 979 1746 apparuisse
1005 1705 1149 1736 constat
1173 1700 1209 1734 111
1236 1699 1396 1735 sidere
1424 1698 1702 1742 Cassiopeae
1729 1697 1908 1732 stellam

102 1762 226 1797 illam
251 1773 302 1796 no
315 1764 422 1803 vam,
440 1771 548 1806 quam
566 1759 775 1802 astronomi,
793 1759 985 1794 relationes
1004 1760 1164 1803 priorum
1183 1760 1445 1802 comparantes,
1466 1756 1622 1790 omnium
1641 1766 1732 1799 quae
1751 1766 1908 1800 uuquam

101 1820 136 1854 111
163 1820 263 1855 00010
290 1823 537 1864 apparuerunt
570 1818 773 1862 specierum
809 1828 880 1852 uno
914 1827 1092 1851 consensu
1126 1816 1232 1860 longe
1265 1814 1604 1850 excellentissimam
1636 1815 1843 1848 describunt
1874 1819 1909 1848 et

100 1878 270 1912 assumtis
305 1887 396 1921 quae
436 1876 609 1911 historiae
653 1875 810 1910 afferunt
850 1876 989 1912 duobus
1027 1875 1203 1911 similibus
1240 1875 1390 1910 ostentis
1426 1875 1618 1919 (annorum
1652 1874 1717 1908 945
1745 1878 1780 1907 et
1812 1873 1910 1916 1264)

100 1936 317 1971 variabilem
350 1941 561 1979 nuncupant
596 1933 750 1969 stellam.
803 1934 1092 1979 Splendidissimi
1127 1933 1223 1968 illius
1265 1933 1432 1968 coelestis
1470 1933 1582 1977 signi,
1619 1933 1759 1966 nemine
1799 1932 1912 1976 suspi-

103 1998 207 2028 cante
233 1993 352 2028 subito
378 1993 510 2035 exorti,
538 1998 687 2037 stupore
714 1992 966 2038 deligebantur
991 1991 1180 2032 mortales,
1218 1992 1507 2035 astronomisque
1535 2001 1604 2034 quo
1630 2001 1689 2025 res
1715 1991 1912 2034 pertineret

103 2051 240 2087 frustra
266 2051 567 2096 conjectantibus,
593 2051 767 2095 astrologi
793 2051 982 2086 horrendis
1009 2050 1185 2085 vaticiniis
1212 2054 1338 2094 gentes
1364 2049 1560 2084 terrebant.
1611 2048 1731 2082 Etiam
1757 2048 1909 2093 Tycho

102 2109 156 2145 de
182 2110 348 2155 Brahe,
383 2114 456 2144 tum
489 2110 633 2154 quidem
665 2110 861 2154 auspicans
888 2109 979 2144 coeli
1016 2108 1220 2144 dimetiendi
1254 2108 1391 2153 studia,
1426 2107 1736 2152 diligentissimam
1763 2116 1908 2150 operam

102 2168 224 2213 posuit
250 2169 288 2202 in
314 2167 567 2213 cognoscenda
592 2167 655 2201 illa
681 2168 802 2212 stella,
837 2178 907 2212 qua
937 2167 1082 2211 quidem
1109 2171 1148 2201 ut
1173 2167 1366 2201 intentiore
1393 2177 1480 2201 cura
1510 2166 1544 2200 in
1573 2164 1826 2200 astronomiam
1850 2165 1908 2198 111-

109 2226 296 2262 cumberet
321 2232 356 2261 et
383 2227 633 2272 cognoscendo
660 2227 762 2261 coelo
789 2231 963 2271 quantum
989 2225 1128 2260 valeret
1153 2226 1331 2260 tribueret
1356 2235 1394 2259 se
1414 2228 1617 2269 permotum
1637 2232 1716 2258 esse
1734 2222 1810 2266 ipse
1829 2232 1909 2265 pro-

106 2284 243 2320 fitetur.
291 2284 432 2329 Operae
457 2285 492 2319 in
519 2283 770 2329 cognoscenda
794 2284 856 2319 illa
884 2283 990 2319 stella
1015 2283 1155 2328 positae
1180 2282 1335 2319 fructum
1361 2283 1475 2317 habes
1502 2292 1546 2316 ex
1573 2281 1690 2325 amplo
1718 2279 1812 2324 quod
1839 2279 1908 2313 evi-

107 2343 232 2386 gilavit
258 2353 385 2387 opere,
416 2343 452 2377 in
479 2354 549 2386 quo
576 2343 682 2379 etiam
710 2355 833 2380 eorum
860 2345 920 2388 (1111
948 2343 991 2378 (10
1018 2344 1142 2378 eadem
1169 2353 1208 2378 re
1235 2342 1457 2386 scripserunt
1481 2339 1626 2385 plurimi
1652 2339 1699 2380 (h.
1727 2348 1757 2372 e.
1786 2347 1907 2370 01111103

100 2399 175 2434 fere
200 2400 295 2435 illius
322 2401 496 2445 temporis
523 2403 736 2443 astronomi>
769 2402 969 2437 afferuntur
995 2406 1030 2436 et
1057 2401 1319 2435 examinantur.
1368 2400 1511 2434 Novum
1543 2396 1650 2441 igitur
1675 2395 1774 2429 illum
1803 2406 1907 2439 quem

102 2458 256 2492 diximus
275 2458 436 2493 ordinem
453 2459 648 2494 ineundum
665 2471 686 2495 a
711 2461 945 2506 Tychone,
975 2459 1077 2503 cujus
1098 2459 1240 2503 quidem
1259 2468 1387 2493 nomen
1414 2455 1663 2491 astronomicis
1690 2454 1907 2488 observatio-

103 2516 209 2552 nibus
235 2517 521 2553 accuratioribus
550 2524 584 2553 et
609 2520 712 2553 novis
739 2519 953 2564 excogitatis
989 2518 1025 2552 in
1050 2518 1146 2552 hunc
1177 2517 1284 2551 finem
1310 2514 1556 2550 instrumentis
1589 2512 1814 2547 nobilitatum
1841 2515 1905 2555 est,

104 2573 201 2609 haud
227 2574 299 2609 scio
326 2585 371 2609 an
395 2581 491 2611 recte
518 2582 738 2619 statuamus,
764 2588 981 2623 quamquam
1007 2576 1089 2611 libri
1115 2575 1158 2611 ab
1185 2575 1248 2610 illo
1275 2572 1472 2617 conscripti
1498 2576 1649 2615 excepto
1677 2582 1747 2604 uno
1773 2569 1905 2603 leviore

101 2633 305 2678 posteriore
331 2633 472 2668 demum
497 2640 659 2680 tempore
685 2637 771 2671 editi
797 2642 892 2671 sunt.
942 2635 1134 2671 Volumine
1160 2635 1187 2669 Ι.
1214 2645 1248 2678 p.
1277 2634 1342 2668 190
1368 2643 1397 2667 s.
1425 2642 1482 2674 ea,
1516 2639 1609 2674 quae
1636 2628 1778 2662 celeber
1804 2627 1904 2661 Gas-

104 2691 269 2726 sendus
287 2681 340 2726 ‘de
365 2692 438 2726 vita
463 2693 644 2737 Tychonis
669 2695 788 2737 refert,
815 2706 923 2739 quam
949 2694 1159 2730 brevissime
1179 2692 1435 2734 enarravimus,
1462 2689 1591 2732 quibus
1608 2687 1682 2730 jam
1708 2685 1904 2729 adjungen-

103 2750 184 2785 dam
210 2751 414 2785 censuimus
448 2761 622 2785 summam
659 2762 780 2785 eorum
814 2763 904 2795 quos
941 2751 1154 2795 conscripsit
1179 2750 1361 2784 librorum.
1415 2748 1640 2790 Quamquam
1666 2744 1844 2788 Keplerus
1870 2743 1904 2777 in

100 2808 201 2845 libris
226 2810 300 2845 suis
325 2820 432 2854 quam
459 2809 668 2853 saepissime
694 2809 874 2852 Tychonis
904 2811 1121 2844 mentionem
1146 2808 1250 2849 facit,
1284 2805 1554 2842 observationes
1587 2803 1665 2847 ejus
1691 2808 1727 2837 et
1752 2811 1843 2846 quae
1867 2802 1903 2837 in

103 2868 353 2902 astronomicis
388 2877 481 2902 nova
512 2866 670 2911 prodidit
704 2866 975 2910 diligentissime
1009 2866 1119 2901 refert
1149 2875 1302 2909 eumque
1337 2869 1376 2899 ut
1403 2863 1529 2897 ducem
1561 2864 1904 2906 praeceptoremque

104 2925 228 2960 laudat
254 2931 290 2960 et
313 2925 521 2970 loquentem
545 2924 698 2968 inducit,
730 2935 878 2968 prorsus
903 2929 1022 2958 tamen
1048 2923 1290 2958 necessarium
1323 2921 1480 2965 videtur,
1523 2922 1563 2954 ut
1587 2919 1645 2954 hic
1671 2917 1813 2962 scriptis
1839 2918 1903 2952 viri

102 2984 219 3019 locum
238 2985 487 3029 praebeamus,
516 2984 576 3026 qui
595 2981 766 3017 alacriore
783 2982 816 3015 vi
836 2982 949 3016 erexit
967 2980 1206 3016 astronomiae
1231 2979 1404 3014 colendae
1420 2977 1540 3013 studia
1557 2976 1813 3021 plurimosque,
1841 2976 1902 3020 qui

101 3046 185 3086 post
209 3042 358 3076 alteram
385 3041 498 3077 seculi
516 3041 611 3075 XVI.
636 3044 777 3084 partem
800 3039 991 3083 viguerunt
1016 3043 1261 3081 astronomos,
1294 3036 1560 3073 necessitudine
1593 3036 1748 3080 quadam
1784 3035 1902 3078 attigit

103 3100 366 3145 plurimumque
390 3100 502 3135 valuit
528 3099 572 3134 ad
598 3099 707 3133 vitam
731 3102 768 3133 et
793 3097 913 3133 studia
939 3097 1101 3141 Kepleri.

242 3159 384 3195 Primus
410 3159 501 3195 liber
526 3169 546 3194 a
565 3158 738 3204 Tychone
755 3157 993 3200 conscriptus,
1019 3160 1058 3191 ut
1081 3156 1160 3201 ipse
1178 3155 1273 3197 dicit,
1301 3153 1477 3198 „juvenile
1501 3151 1680 3196 ingenium
1706 3151 1900 3196 referens“,

1548 3209 1626 3246 40*
