2126 3388
215 134 299 181 842
842 135 926 172 vita
949 135 1101 172 Joannis
1126 135 1284 182 Kepleri.

213 258 313 297 hanc
344 257 549 298 deformem
581 256 851 294 necessitatem
892 259 1030 304 sponte
1061 267 1147 294 mea
1178 260 1482 305 praeverterem,
1523 258 1689 305 primum
1720 261 1837 306 atque
1867 257 1999 295 literas

218 316 366 365 Apellis
396 318 528 364 tuique
551 325 627 352 una
658 313 727 351 filii
757 312 931 351 libellum
966 315 1027 359 (de
1059 316 1210 352 maculis
1243 315 1437 360 solaribus)
1476 312 1654 363 legerem.
1706 313 1841 362 Quid?
1891 315 2000 353 Tune

216 374 379 413 fidiculis
411 385 506 422 opus
538 384 622 410 esse
653 376 767 421 putas
799 370 848 408 ad
881 372 1140 409 confessiones
1171 371 1235 409 hic
1267 371 1554 420 extorquendas
1586 374 1684 411 inter
1715 384 1793 420 eos,
1827 374 1890 422 qui
1923 385 1998 411 non

215 445 282 482 pro
321 433 460 480 gloria,
502 430 570 469 sed
615 429 661 468 de
695 431 855 468 veritate
898 429 1077 467 certant?
1127 429 1226 467 Nam
1268 428 1371 478 quod
1409 430 1607 478 publicam
1645 430 1759 480 hujus
1792 432 1999 480 agnitionis

214 490 530 538 significationem
562 500 638 526 non
673 487 772 534 dedi,
804 499 921 525 causa
953 493 1012 525 est
1044 488 1134 536 quia
1164 486 1273 525 locus
1305 486 1360 523 illi
1394 499 1469 524 non
1501 488 1574 526 suit
1604 488 1704 526 alius
1726 490 1798 526 nisi
1822 489 1884 526 hic
1906 491 1999 538 ipse.

218 549 369 585 Librum
402 547 635 596 peculiarem
668 546 742 584 hoc
774 544 840 582 vili
871 550 1098 594 argumento
1130 546 1306 592 scribere,
1340 544 1378 582 id
1408 546 1480 582 fuit
1512 547 1694 584 insanire.
1722 568 1769 573 —
1795 547 1898 584 Dum
1931 549 2000 594 ais,

214 617 295 643 esse
327 605 497 655 lynceos,
532 607 596 654 qui
628 605 802 642 homines
836 608 874 641 et
905 603 1089 641 animalia
1119 604 1156 639 in
1188 603 1322 640 Lunae
1353 603 1471 651 globo
1505 603 1644 653 degere
1677 604 1876 647 affirment,
1911 607 2002 653 quia

214 663 362 701 nullum
392 665 497 712 novi,
530 665 595 714 qui
627 663 701 700 hoc
732 662 906 709 affirmet,
939 673 1010 700 nec
1042 663 1158 700 etiam
1190 672 1235 699 eo
1267 672 1390 709 usque
1422 674 1463 700 se
1484 664 1646 712 porrigit
1677 663 1872 701 subtilitas
1904 662 2002 702 tele-

213 722 348 770 scopii,
381 722 472 760 hinc
502 733 618 771 cogor
647 722 835 770 suspicari
867 721 1106 769 perstrictam
1139 731 1222 757 esse
1245 719 1565 758 Dissertationem
1588 733 1712 759 meam
1745 733 1831 759 cum
1852 721 2001 759 Nuncio

213 778 370 818 Sidereo
403 784 464 826 (ΙΙ.
491 784 589 827 497).
648 780 767 828 Atqui
799 791 874 816 non
906 778 1118 826 affirmavi,
1159 790 1219 816 me
1251 777 1344 815 talia
1386 777 1515 816 videre
1554 780 1723 826 minuta,
1765 779 1833 817 sed
1865 791 1910 817 ex
1941 780 2001 827 iis,

213 850 312 886 quae
344 838 424 876 vidi
455 839 672 888 majuscula
703 849 806 884 sane,
840 838 1072 886 comparatis
1105 848 1191 875 cum
1223 837 1280 882 iis,
1315 847 1414 884 quae
1445 836 1506 874 hic
1539 838 1575 874 in
1599 837 1726 875 Terris
1757 837 1852 874 fiunt
1874 839 2001 874 minu-

214 897 374 944 tissima,
406 898 573 936 audacia
603 902 732 936 sumta
761 894 1018 934 ratiocinandi
1050 895 1226 944 quaesivi
1252 894 1332 943 j0ci
1364 894 1533 932 liberalis
1566 900 1603 932 et
1633 895 1894 945 philosophici
1928 907 1996 933 oc-

213 956 419 1001 casionem,
452 962 494 994 ut
525 956 790 1005 praedixeram
823 956 859 991 in
881 953 1131 1003 praefatione.
1182 952 1358 991 Maculas
1379 952 1482 1002 Solis
1503 965 1526 990 a
1555 952 1633 991 filio
1666 960 1732 991 tuo
1764 953 1877 1003 longe
1910 959 1999 991 ante

212 1012 390 1061 Apellem
430 1016 552 1061 visas,
586 1016 617 1052 si
649 1014 782 1052 harum
817 1012 1068 1050 vindiciarum
1100 1012 1266 1060 satagis,
1305 1017 1343 1048 et
1380 1016 1543 1049 testatus
1574 1023 1660 1049 sum
1691 1012 1839 1061 Pragae
1872 1012 2002 1049 multis

213 1076 250 1108 et
288 1076 408 1110 testor
447 1074 668 1111 etiamnum.
722 1074 788 1108 His
805 1073 934 1108 iterum
948 1073 1077 1116 jocans
1095 1072 1194 1107 addit
1218 1071 1405 1116 Keplerus,
1431 1071 1572 1106 rediens
1590 1073 1635 1107 ad
1654 1082 1811 1108 errorem
1830 1083 1932 1107 suum
1959 1073 2002 1107 de

214 1132 392 1168 Mercurio
417 1133 493 1168 viso
525 1133 560 1168 in
593 1133 696 1168 Sole:
730 1130 847 1167 etiam
877 1128 979 1166 filius
1001 1133 1089 1166 tuus
1111 1139 1223 1165 suum
1245 1127 1338 1164 mihi
1365 1127 1476 1165 cedat
1496 1128 1754 1175 honorarium,
1788 1130 1879 1178 quia
1899 1128 2003 1167 Solis

214 1188 386 1227 maculas
417 1191 519 1238 prior
550 1191 633 1238 ipso
667 1188 795 1226 detexi
826 1186 941 1236 idque
974 1190 1062 1223 ante
1095 1187 1295 1224 inventum
1326 1185 1577 1235 telescopium
1601 1186 1811 1235 belgicum3
1845 1191 1886 1224 ut
1915 1188 2003 1236 qui-

213 1246 298 1284 dem
328 1249 471 1296 passim
505 1249 541 1285 in
574 1247 742 1285 delubris
775 1245 933 1283 obvium
967 1250 1023 1282 est
1055 1244 1262 1282 observare
1294 1244 1364 1281 has
1393 1243 1495 1282 Solis
1527 1244 1712 1290 maculas,
1745 1244 1849 1293 quod
1871 1245 2002 1283 Ratis-

213 1305 337 1343 bonae
368 1307 405 1343 in
438 1305 581 1355 templo
614 1303 826 1343 cathedrali
857 1315 957 1341 anno
994 1306 1117 1341 1613.
1151 1301 1282 1340 multis
1315 1302 1480 1340 ostendi.
1519 1325 1567 1329 —
1604 1301 1717 1351 Quod
1749 1303 1906 1351 Metius,
1939 1304 2001 1339 in-

213 1368 348 1401 ventor
379 1363 592 1414 telescopii,
624 1364 826 1413 pollicetur
857 1363 1161 1407 instrumentum,
1196 1371 1272 1409 quo
1303 1360 1435 1398 literas
1467 1372 1512 1399 ex
1535 1360 1738 1399 intervallo
1769 1363 1881 1399 trium
1914 1361 2002 1398 mil-

210 1421 362 1459 liarium
393 1422 522 1471 legere
553 1424 702 1471 possis,
746 1420 786 1458 id
815 1420 1015 1469 pulchrum
1048 1430 1164 1465 ausu,
1205 1418 1444 1468 impossibile
1485 1419 1589 1457 factu
1620 1426 1726 1468 puto.
1786 1419 1872 1457 Non
1906 1419 2004 1457 vidit

211 1479 325 1517 homo
358 1486 425 1518 aut
457 1493 532 1519 non
572 1481 743 1530 percepit
785 1479 1130 1517 demonstrationes
1163 1489 1186 1514 a
1217 1488 1277 1515 me
1309 1477 1496 1526 proditas.
1557 1475 1740 1515 Unciales
1777 1477 1908 1516 literas
1939 1489 2002 1516 re-

210 1544 415 1587 praesento
446 1539 572 1586 facile,
606 1539 673 1576 sed
705 1538 803 1583 illas,
840 1549 939 1586 quae
970 1548 1046 1574 non
1079 1535 1222 1573 distant
1252 1535 1374 1573 multo
1405 1535 1492 1584 plus
1524 1547 1546 1572 a
1580 1537 1678 1573 vitro
1711 1548 1828 1585 quam
1861 1536 2001 1573 vitrum

211 1597 259 1634 ab
292 1597 418 1636 oculo.
444 1627 450 1636 .
476 1628 483 1635 .
508 1627 516 1645 ,
540 1625 550 1635 .
609 1597 715 1646 Lego
756 1601 884 1634 tamen
928 1600 965 1633 et
997 1596 1079 1644 ipse
1117 1593 1248 1632 literas
1290 1605 1335 1631 ex
1380 1593 1582 1631 intervallo
1625 1595 1737 1631 trium
1768 1594 2001 1642 milliarium,

211 1654 277 1693 sed
310 1657 514 1704 inscriptas
545 1655 736 1704 horologii
769 1654 931 1700 circulo,
968 1651 1126 1702 pedales
1159 1657 1196 1689 et
1229 1651 1418 1689 cubitales
1451 1653 1680 1699 existentes,
1721 1664 1793 1691 nec
1824 1654 1898 1690 nisi
1930 1652 2002 1690 diis

212 1714 434 1752 faventibus
455 1713 612 1752 Junone
644 1720 681 1752 et
712 1712 873 1750 Phoebo
879 1740 1022 1752 .....
1077 1709 1376 1748 Revolutionem
1399 1709 1636 1747 macularum
1659 1709 1841 1748 solarium
1863 1712 2002 1748 statuis

216 1776 263 1810 13
298 1773 499 1818 mensium,
533 1772 692 1822 perinde
725 1783 770 1809 ac
791 1771 824 1807 si
846 1772 895 1808 sit
926 1771 963 1807 in
996 1768 1149 1807 aethere
1182 1770 1354 1817 proxime
1387 1769 1458 1806 sub
1481 1767 1571 1806 Sole
1605 1768 1707 1806 orbis
1738 1769 1879 1818 aliquis
1909 1781 2002 1807 can-

211 1829 372 1869 cellatus
405 1832 516 1879 quasi
548 1843 615 1868 seu
651 1834 852 1868 contextus
886 1828 1033 1865 infinita
1056 1826 1292 1864 macularum
1324 1828 1433 1873 serie,
1467 1828 1528 1864 cui
1560 1827 1696 1864 tribuis
1727 1834 1873 1865 motum
1896 1827 2003 1865 diur—

209 1901 299 1926 num
335 1888 400 1927 57⁴
434 1894 471 1927 et
502 1888 606 1937 quod
638 1889 812 1937 sequitur
843 1887 949 1934 hinc,
992 1885 1256 1924 evolutionem
1289 1896 1356 1923 seu
1399 1886 1686 1934 apocatastasin
1719 1897 1905 1923 annorum
1939 1889 2003 1925 30.

210 1947 415 1985 Solertiam
447 1959 617 1996 agnosco
649 1948 705 1985 tui
735 1947 902 1994 ingenii,
948 1944 1172 1993 diligentiae
1216 1955 1307 1981 vero
1352 1948 1388 1981 et
1426 1943 1572 1981 laboris
1614 1944 1708 1981 irriti
1746 1956 1806 1982 me
1836 1946 2002 1982 miseret.

210 2005 294 2043 Non
328 2006 440 2053 satis,
486 2006 660 2051 Fabrici,
705 2004 1010 2053 circumspexisti
1044 2003 1353 2040 circumstantias
1386 2013 1538 2048 omnes,
1587 2001 1730 2040 oblitus
1762 2014 1821 2048 cs,
1855 2007 2000 2039 motum

210 2062 449 2101 macularum
489 2065 526 2101 in
559 2063 686 2101 medio
718 2062 820 2101 Solis
852 2073 1008 2110 corpore
1042 2061 1273 2098 velociorem
1307 2072 1390 2098 esse
1423 2072 1538 2108 quam
1570 2060 1608 2095 in
1640 2061 1896 2108 marginibus,
1940 2061 2001 2097 ni-

209 2123 326 2159 mium
359 2121 482 2160 facilis
515 2134 554 2160 es
586 2124 624 2159 in
657 2119 991 2160 comminiscendis
1014 2119 1172 2157 orbibus
1195 2123 1233 2156 et
1252 2119 1352 2156 mole
1383 2118 1676 2167 hypothesium:
1710 2119 1880 2156 crebram
1902 2118 2003 2157 hanc

208 2182 245 2216 in
280 2181 375 2218 meis
399 2180 574 2229 epistolis
596 2180 790 2229 querelam
815 2180 1010 2225 invenies3
1043 2177 1184 2214 famam
1206 2177 1244 2213 in
1268 2177 1535 2214 astronomicis
1558 2176 1842 2225 hypothesibus
1869 2188 2002 2215 emen-

210 2238 345 2276 dandis
389 2238 463 2276 hoc
504 2240 599 2277 vitio
642 2238 922 2287 prostituimus,
982 2235 1088 2273 Nihil
1120 2234 1181 2273 hic
1211 2234 1402 2283 reliquum
1441 2235 1517 2271 tuis
1550 2233 1611 2272 vel
1653 2236 1748 2272 meis
1781 2236 1881 2273 curis
1912 2235 2002 2273 fecit

209 2297 503 2335 accuratissima
528 2296 641 2334 Gali
656 2297 752 2334 laei
776 2295 987 2342 diligentia,
1022 2293 1132 2342 cujus
1155 2292 1340 2342 epistolas
1362 2293 1411 2330 ad
1433 2291 1607 2330 Marcum
1629 2292 1846 2331 Welserum
1870 2293 2001 2331 italico

209 2357 370 2404 scriptas
409 2355 591 2393 idiomate
632 2355 778 2393 suadeo
818 2353 1022 2402 diligenter
1061 2351 1262 2401 perlegas;
1303 2351 1441 2400 dignae
1483 2351 1639 2388 omnino
1677 2357 1787 2400 sunt,
1831 2363 1931 2401 quae
1964 2356 2002 2390 et

207 2413 327 2453 latine
361 2412 552 2461 legantur.

347 2470 407 2509 De
439 2471 710 2519 conjunctione
743 2468 897 2508 Saturni
930 2473 967 2506 et
999 2467 1112 2506 Jovis
1143 2463 1259 2521 (Dec.
1287 2468 1415 2511 1603)
1447 2466 1554 2504 litem
1586 2478 1720 2505 moves
1751 2478 1829 2505 non
1860 2478 1998 2505 neces-

210 2530 350 2567 sariam
383 2541 497 2578 super
529 2524 605 2566 uno
638 2528 839 2578 scrupulo,
874 2538 949 2575 quo
982 2527 1051 2564 tibi
1083 2527 1158 2574 ipsi
1188 2527 1338 2574 totique
1370 2525 1468 2563 adeo
1500 2526 1685 2563 scientiae
1716 2525 2000 2574 praejudicium

211 2599 317 2626 creas
349 2586 583 2637 imprudens.
634 2586 675 2625 Si
707 2598 782 2625 non
813 2587 918 2635 prius
951 2589 1040 2622 sunt
1062 2583 1234 2622 edendae
1266 2583 1443 2630 tabulae,
1477 2594 1592 2631 quam
1626 2585 1778 2621 unicum
1810 2585 2000 2621 minutum

210 2657 474 2694 assequamur,
507 2657 704 2694 nunquam
727 2644 787 2683 edi
809 2647 990 2694 poterunt
1020 2654 1146 2690 neque
1177 2647 1279 2689 tuae,
1314 2653 1409 2690 quas
1433 2645 1615 2689 ostentas,
1648 2653 1719 2680 nec
1749 2653 1870 2689 meae,
1903 2653 2000 2690 quas

213 2708 412 2753 tantopere
445 2703 634 2752 efflagitas
640 2731 784 2742 .....
847 2701 924 2740 Sed
955 2702 1131 2738 nimirum
1163 2700 1203 2738 id
1235 2700 1359 2749 egisti,
1393 2704 1433 2738 ut
1464 2711 1486 2737 a
1507 2711 1567 2737 me
1587 2701 1875 2749 responsionem
1901 2699 2000 2737 hanc

213 2763 444 2811 exprimeres
477 2762 682 2810 sciresque,
715 2773 814 2810 quae
845 2772 934 2809 spes
966 2764 1066 2798 esset
1097 2758 1329 2806 tabularum,
1363 2769 1439 2807 quo
1470 2757 1556 2795 loco
1589 2759 1846 2804 astronomia,
1878 2762 1998 2806 utque

211 2832 278 2868 per
309 2820 536 2858 indirectum
569 2820 778 2858 lectoribus
818 2817 1149 2857 commendaretur
1189 2816 1373 2854 mirabilis
1407 2815 1593 2854 certitudo
1633 2821 1670 2855 et
1701 2826 1910 2854 consensus
1942 2816 1997 2852 tui

211 2879 363 2926 meique
396 2877 630 2917 calculorum
663 2879 761 2916 inter
791 2889 832 2915 se
865 2882 902 2915 et
933 2888 1019 2914 cum
1058 2875 1331 2913 observatione
1363 2886 1467 2922 mea,
1510 2885 1622 2922 quem
1655 2885 1727 2922 ego
1768 2884 1996 2911 consensum

210 2947 284 2972 non
316 2941 394 2974 tam
428 2948 473 2973 ex
505 2938 600 2974 meis
632 2935 984 2981 observationibus,
1018 2945 1092 2971 non
1126 2935 1241 2971 etiam
1273 2945 1319 2971 ex
1352 2934 1447 2979 tuis,
1480 2943 1556 2969 non
1591 2931 1754 2980 denique
1787 2942 1833 2969 ex
1863 2935 1997 2980 poste-

212 2995 375 3040 riorum,
409 3006 524 3042 quam
557 3006 600 3032 ex
632 2994 846 3033 Braheanis
878 2993 1074 3032 aestimari
1116 2990 1251 3039 velim,
1295 3002 1418 3039 eoque
1450 2989 1722 3039 Ephemerides
1753 2988 1916 3027 meditor
1947 2988 1996 3040 ad

213 3062 334 3089 annos
367 3054 418 3089 30
452 3056 619 3099 exactos,
652 3052 817 3090 meditor
848 3057 885 3090 et
917 3050 1106 3089 calculum
1147 3050 1460 3088 observationum
1491 3048 1778 3086 Braheanarum
1812 3048 1995 3086 omnium.

212 3107 365 3146 Interim
398 3109 430 3147 si
461 3114 563 3148 recte
594 3121 745 3158 mones,
790 3108 1039 3148 diffidendum
1073 3109 1196 3156 vitae,
1241 3106 1374 3146 demus
1407 3108 1521 3156 igitur
1553 3116 1707 3155 operam
1739 3110 1922 3155 uterque,
1954 3111 1996 3144 ut
