2126 3388
224 158 309 202 ’704
888 155 971 193 Vita
992 155 1017 192 J
1019 157 1144 193 oannis
1167 157 1325 203 Kepleri.

1795 249 1800 263 Ι

223 273 358 309 lantem
381 272 551 314 invisere,
586 270 649 306 sed
674 271 839 316 generosi
863 271 934 307 mei
957 273 1101 316 negotia
1126 283 1147 308 a
1170 274 1357 319 proposito
1384 274 1453 310 hoc
1476 284 1533 310 me
1564 275 1805 311 retraxerunt.
1856 276 2015 322 Gaudeo,

223 337 258 366 te
278 331 464 366 Graecium
488 339 676 374 remeasse,
704 341 908 375 quanquam
926 330 1139 367 Archiducis
1158 332 1264 367 etiam
1290 332 1469 367 sententia
1494 331 1662 376 relegatis
1687 344 1869 379 nunquam
1894 345 2017 369 accen-

225 390 316 424 situs
340 389 461 424 fueris.
512 388 615 423 Certe
641 398 837 432 generosus
863 398 963 423 meus
989 389 1186 433 aegerrime
1211 389 1357 424 exilium
1381 395 1483 425 tuum
1514 390 1599 424 tulit
1625 394 1660 425 et
1691 396 1904 437 propterea,
1938 402 2017 426 cum

224 459 338 492 nuper
365 445 505 480 Graecii
530 445 633 480 fratri
658 446 876 490 loqueretur,
904 445 956 480 tui
981 446 1154 490 imprimis
1179 447 1264 482 fecit
1288 447 1506 484 mentionem
1532 452 1639 492 teque
1665 458 1710 482 ex
1736 449 1893 494 Ungaria
1917 459 2018 483 revo-

224 511 342 540 catum
367 504 458 539 serio
484 503 606 540 voluit.
661 504 725 539 Cui
749 504 881 540 frater:
911 503 1157 546 „„voluntarie
1183 516 1245 540 cur
1270 506 1419 541 exulat?
1444 508 1572 550 Neque
1599 506 1691 541 0111111
1715 507 1883 552 princeps
1908 507 2018 542 ullam

222 564 427 597 missionem
451 561 503 596 illi
530 562 704 607 decrevit,
740 562 804 597 sed
840 562 973 597 diserte
998 562 1289 599 mathematicum
1315 565 1458 609 excepit
1483 570 1518 599 et
1543 569 1736 609 propterea
1763 565 1916 600 liberum
1940 566 2016 600 lici-

224 627 371 665 tumque
395 620 448 655 1111
474 624 538 662 est,
565 620 681 655 redire
714 632 930 666 quocunque
961 621 1168 656 voluerit.““
1190 649 1196 658 .
1219 651 1225 658 .
1245 650 1252 659 .
1273 650 1281 658 .
1324 623 1529 658 Generosus
1562 633 1661 657 meus
1695 622 1761 657 tibi
1794 624 1886 658 bene
1920 625 2020 668 cupit

224 686 289 714 etc.
309 700 351 703 -—
369 679 478 714 Petiit
495 680 760 724 Zehentmajcr,
785 686 825 714 ut
842 679 1022 724 Keplerus
1045 680 1218 722 „duorum
1236 681 1434 716 thematum
1453 681 1553 725 coeli,
1582 691 1674 724 quae
1692 682 1888 717 secundum
1907 686 2018 716 artem

223 738 482 781 genethliacam
509 738 697 773 tractanda
722 749 918 782 generosus
945 739 1009 773 tibi
1034 739 1217 784 tradidit“,
1244 751 1380 774 memor
1406 740 1463 775 sit.
1514 740 1612 774 Haec
1637 741 1822 784 accepisse
1848 750 1886 774 se
1910 739 2022 773 refert

223 795 518 839 Zehentmajerus
546 795 580 831 d.
606 797 663 831 24.
692 796 917 831 Decembris:
948 807 1165 840 „generosus
1192 807 1344 840 geneses
1378 802 1458 832 tuas
1486 808 1711 841 summopere
1737 798 1961 832 commendat
1987 801 2022 830 et

223 855 393 896 affirmat,
428 860 464 888 te
497 865 573 889 rem
606 866 673 889 acu
706 855 868 898 tetigisse
901 855 937 889 in
969 855 1039 890 illis
1061 856 1226 900 judiciis,
1259 866 1351 901 quae
1377 856 1556 890 nobilibus
1581 856 1617 889 in
1643 855 1790 890 Austria
1816 855 2020 899 conscripta

224 917 318 947 sunt.
367 913 483 948 Jussit
507 913 573 948 tibi
599 913 812 957 significare,
841 919 880 948 ut
907 913 1117 949 dilationem
1143 914 1441 949 remunerationis
1459 914 1640 958 patienter
1663 914 1758 948 ferre
1783 913 1881 957 velis,
1907 924 2022 956 usque

223 971 306 1005 dum
340 970 399 1004 ille
432 972 621 1006 Crraecium
653 981 840 1014 regressus
873 972 998 1016 fuerit,
1034 977 1109 1006 tum
1140 972 1337 1007 honorifice
1369 972 1434 1007 tibi
1467 972 1617 1006 satisfiet
1651 976 1686 1006 et
1718 970 1871 1006 ulterius
1903 976 2020 1005 tecum

223 1033 350 1072 agetur
377 1028 420 1062 de
445 1029 628 1063 nonnullis
661 1029 741 1064 aliis
777 1029 856 1073 ejus
890 1030 1030 1073 generis
1061 1030 1259 1066 laboribus.
1311 1030 1515 1064 Generosus
1541 1030 1721 1075 promisit,
1755 1029 1807 1064 tui
1832 1029 1867 1063 in
1892 1028 2021 1063 futuris

223 1086 374 1120 comitiis
403 1097 440 1121 se
465 1097 659 1122 memorem
686 1087 781 1131 fore,
809 1092 850 1121 ut
875 1088 1205 1131 compensationem
1232 1098 1296 1132 pro
1322 1087 1532 1123 liberalibus
1557 1088 1629 1123 tuis
1654 1088 1838 1122 laboribus
1864 1092 1900 1121 et
1926 1086 2022 1121 dedi-

224 1144 365 1179 catione
392 1155 412 1179 a
437 1144 647 1188 proceribus
679 1145 850 1190 consequi
882 1146 1031 1190 possis'
1066 1146 1102 1181 Si
1134 1146 1248 1191 probe
1274 1146 1309 1179 in
1341 1146 1486 1191 negotio
1519 1151 1580 1181 tuo
1606 1147 1837 1180 excutiantur
1869 1145 2020 1180 circum-

225 1203 389 1244 stantiae,
416 1213 487 1236 non
513 1202 618 1237 facile
644 1203 778 1247 poterit
803 1204 899 1238 mala
924 1203 1058 1248 publici
1089 1209 1206 1240 status
1239 1205 1430 1249 temperies
1462 1205 1704 1240 laudabilibus
1737 1205 1808 1240 tuis
1835 1204 2022 1239 conatibus

225 1261 478 1295 detrimentum
512 1260 652 1296 afferre.
703 1261 811 1296 Multi
844 1262 1035 1305 mirantur,
1072 1262 1309 1296 eruditionem
1342 1268 1478 1297 tantam
1506 1267 1541 1297 et
1567 1273 1719 1297 acumen
1749 1262 1881 1305 ingenii
1913 1271 2021 1306 posse

227 1319 354 1354 cadere
380 1320 415 1353 in
440 1319 619 1353 hominem
651 1320 729 1363 ejus
763 1320 912 1365 aetatis,
948 1320 1050 1363 cujus
1087 1324 1125 1354 tu
1150 1331 1244 1355 nunc
1271 1324 1341 1355 03.ιι
1393 1321 1540 1365 Excipit
1566 1320 1862 1364 Zehentmajerus
1887 1319 2021 1353 multos

227 1388 447 1422 „procerum,
475 1377 534 1420 qui
559 1378 595 1411 in
615 1388 737 1412 crassa
755 1383 945 1413 versantur
970 1389 1088 1413 rerum
1114 1379 1318 1423 ignorantia
1345 1384 1380 1413 et
1406 1390 1558 1423 quorum
1578 1379 1716 1422 judicia
1742 1390 1762 1413 a
1788 1377 1913 1422 grandi
1939 1379 2021 1413 bar-

223 1436 322 1471 barie
347 1441 524 1480 occupata
550 1441 648 1480 sunt,
676 1440 869 1480 propterea
894 1435 1017 1471 literas
1044 1436 1198 1471 oderunt
1223 1440 1258 1470 et
1283 1436 1460 1470 neminem
1485 1437 1601 1471 minus
1619 1441 1757 1481 curant,
1785 1448 1891 1480 quam
1911 1437 2023 1475 homi-

224 1506 288 1530 nes
312 1495 448 1530 doctos.
497 1495 653 1529 Dabitur
678 1495 789 1530 nihilo
816 1495 932 1530 minus
959 1505 1070 1539 opera
1096 1507 1116 1529 a
1142 1495 1358 1539 quibusdam
1388 1494 1672 1538 cordatioribus,
1708 1498 1748 1529 ut
1774 1494 1825 1529 tui
1847 1494 2023 1529 habeatur

224 1554 314 1588 ratio
340 1560 376 1588 et
403 1553 498 1588 docti
533 1552 585 1588 tui
614 1553 756 1588 labores
792 1554 958 1588 meritum
994 1554 1179 1587 inveniant
1210 1553 1445 1597 praemium“.
1495 1553 1551 1587 De
1586 1553 1749 1597 epistolis
1775 1553 1922 1598 Kepleri
1954 1553 2023 1587 hoc

223 1612 292 1647 fert
313 1612 510 1656 judicium:
537 1613 666 1647 misces
692 1612 779 1647 utile
807 1612 902 1647 dulci
929 1617 963 1646 et
990 1623 1062 1646 non
1089 1611 1214 1646 scribis
1241 1615 1381 1645 tantum
1407 1611 1604 1646 secundum
1622 1611 1854 1656 epistolarem
1880 1612 2023 1647 modum

224 1673 425 1716 vulgatum,
460 1671 522 1706 sed
548 1672 738 1716 proponis,
774 1671 909 1715 erudis,
943 1670 1089 1705 disseris
1124 1671 1166 1705 de
1192 1670 1264 1711 his,
1302 1680 1394 1713 quae
1420 1671 1507 1705 artis
1533 1671 1795 1715 geographicae
1822 1672 2023 1706 studiosum

225 1729 338 1764 solide
364 1730 560 1765 informant
586 1735 621 1764 et
646 1730 698 1764 rei
716 1730 881 1764 nauticae
898 1740 1062 1773 magnam
1082 1729 1198 1764 lucem
1220 1728 1408 1763 affe1·unt.“
1452 1731 1613 1771 (Petierat
1638 1730 1803 1772 Keplerus
1828 1735 1864 1762 ut
1881 1733 2023 1762 Zehent-

224 1787 366 1824 majorus
393 1794 431 1814 cx
460 1786 648 1823 „itinerario
675 1785 876 1815 Batavorum
901 1785 935 1814 in
955 1784 1079 1814 Novam
1106 1783 1297 1814 Zemblam“
1325 1788 1514 1824 excerperet
1539 1782 1623 1825 loca,
1651 1786 1685 1814 in
1702 1786 1824 1826 quibus
1852 1785 1891 1815 de
1917 1784 2023 1814 varia-

224 1839 313 1868 tione
340 1848 417 1869 acus
442 1839 647 1876 magneticae
674 1836 811 1879 agitur.)

363 1895 394 1928 E
420 1895 628 1939 praemissis
661 1900 828 1938 apparet,
864 1893 1060 1938 Keplerum
1097 1894 1258 1928 Gratium
1291 1893 1442 1927 rediisse
1474 1904 1503 1927 c.
1535 1891 1642 1927 finem
1679 1893 1811 1928 mensis
1845 1891 2023 1927 Octobris.

227 1953 338 1986 Coetu
366 1962 448 1987 vero
477 1952 688 1987 discentium
707 1956 743 1987 et
762 1953 965 1988 docentium
983 1952 1158 1997 gymnasii
1178 1952 1362 1996 dissipato,
1391 1951 1461 1985 frui
1488 1950 1632 1995 quidem
1657 1951 1777 1996 potuit
1796 1951 1889 1993 „otio
1908 1949 2024 1994 philo-

227 2010 397 2054 sophico“
426 2014 461 2044 et
487 2010 655 2044 salarium
692 2022 795 2045 suum
828 2012 988 2056 acecpit,
1028 2012 1240 2056 quibusdam
1270 2010 1522 2056 „proceribus“
1551 2020 1656 2053 aegre
1692 2010 1893 2044 ferentibus
1918 2019 2025 2054 pecu-

227 2069 321 2102 niam
348 2068 481 2102 frustra
508 2079 715 2113 expensam.
765 2069 883 2112 Quare
909 2070 1097 2114 Keplerus,
1126 2070 1268 2103 minime
1295 2079 1442 2104 securus
1471 2068 1513 2102 de
1540 2073 1636 2102 statu
1664 2078 1729 2101 suo
1750 2067 1785 2101 in
1812 2066 1941 2112 Styria,
1969 2077 2025 2100 oc-

228 2126 390 2160 casiones
417 2126 727 2170 circumspiciebat
754 2127 910 2171 eligendi
936 2128 1002 2163 sibi
1029 2129 1257 2172 familiaeque
1282 2137 1367 2162 snae
1393 2127 1521 2170 locum,
1548 2126 1608 2160 ubi
1628 2137 1699 2160 non
1718 2125 1911 2169 impeditus
1930 2125 2024 2159 curis

228 2184 435 2219 domesticis
461 2184 590 2219 studiis
615 2185 690 2218 suis
717 2185 941 2220 incumberet
965 2188 1214 2222 astronomicis
1242 2192 1277 2221 et
1301 2184 1573 2230 philosophicis.
1623 2184 1722 2218 Adiit
1748 2184 1880 2218 amicos
1899 2189 1934 2219 et
1949 2183 2025 2218 fau-

225 2246 334 2287 tores,
361 2243 548 2277 consilium
567 2242 632 2277 sibi
651 2248 841 2287 expetens,
870 2255 940 2287 quo
967 2254 1005 2278 se
1030 2249 1194 2289 verteret,
1222 2245 1451 2289 praecipuam
1478 2247 1598 2277 autem
1625 2252 1724 2286 spem
1749 2242 1785 2276 111
1811 2241 2025 2286 Tychone

227 2300 357 2344 posuit,
386 2310 489 2344 quem
516 2311 559 2335 ex
586 2301 701 2334 Dania
727 2301 761 2334 in
789 2302 1013 2335 Germaniam
1041 2303 1327 2346 proticiscentem
1360 2301 1555 2336 audiverat.
1606 2300 1706 2344 Quae
1738 2301 1833 2335 hunc
1857 2300 1893 2335 in
1919 2299 2025 2334 finem

228 2359 301 2401 egit
327 2359 516 2402 Keplerus,
545 2368 638 2392 anno
666 2369 741 2402 seq.
771 2359 858 2394 1599
886 2366 1110 2396 enarrantur.

366 2417 420 2451 Ad
448 2417 543 2452 hunc
568 2427 652 2451 vero
679 2427 810 2451 annum
838 2418 927 2453 :1598
952 2417 1163 2452 referendae
1190 2423 1274 2453 sunt
1298 2419 1425 2453 literae
1446 2417 1589 2463 Georgii
1608 2417 1781 2463 Limnaei,
1808 2416 2023 2462 professoris

230 2477 486 2511 matbematum
523 2477 559 2510 in
586 2475 770 2510 academia
794 2474 962 2518 Jenensi,
997 2476 1052 2509 cui
1082 2476 1261 2520 Keplerus
1288 2477 1523 2511 Prodi-omum
1557 2487 1660 2511 suum
1695 2475 1842 2510 miserat
1877 2475 2026 2519 ejusque

223 2535 396 2579 judicium
423 2535 466 2569 de
492 2535 661 2579 Tychone
689 2534 754 2568 sibi
781 2533 991 2578 expetierat.
1042 2535 1204 2569 Limnaei
1231 2536 1502 2579 responsionem
1530 2534 1579 2575 (d.
1598 2534 1632 2571 d.
1652 2535 1708 2570 24.
1729 2534 1879 2579 Aprilis)
1904 2533 1970 2568 vol.
1997 2534 2027 2569 Ι.

229 2606 263 2637 p.
297 2595 358 2629 194
386 2592 630 2634 exhibuimus,
667 2602 710 2625 ex
738 2602 808 2635 qua
832 2602 948 2635 pauca
978 2592 1069 2628 haec
1102 2594 1312 2637 repetimus.
1363 2595 1509 2629 Maximi
1536 2605 1574 2630 se
1609 2604 1750 2637 semper
1774 2593 1903 2629 fecisse
1939 2593 2025 2628 dicit

229 2652 495 2696 philosophiam
526 2651 794 2686 Platonicorum
830 2656 865 2684 et
890 2650 1099 2694 saepissime
1134 2656 1280 2695 optasse
1307 2651 1436 2696 ducos,
1473 2654 1532 2698 qui
1567 2654 1603 2688 in
1635 2654 1705 2688 hac
1731 2653 1918 2688 exercitati
1943 2652 2025 2686 sint.

230 2710 424 2745 Prodromo
456 2709 602 2754 Kepleri
636 2708 936 2751 „vetustissimam
966 2708 1247 2752 philosophandi
1279 2711 1453 2744 rationem
1489 2713 1591 2756 qnasi
1623 2713 1873 2746 resuscitatam
1912 2712 2025 2745 esse“.

232 2767 409 2807 Gratulor,
435 2768 563 2812 pergit,
591 2768 680 2801 Tibi.
706 2767 759 2801 vir
777 2767 982 2810 clarissime,
1010 2767 1053 2800 de
1071 2767 1214 2810 optimis
1234 2768 1421 2802 conatibus
1440 2774 1475 2803 et
1494 2781 1633 2814 precor,
1661 2774 1700 2803 ut
1727 2767 2025 2812 quemadmodum

232 2836 375 2859 cursum
401 2826 586 2860 instituisti
614 2826 780 2869 feliciter,
814 2825 863 2858 ita
888 2825 1027 2859 felicius
1054 2826 1089 2859 in
1116 2837 1157 2860 eo
1184 2837 1332 2870 pergas,
1368 2826 1572 2863 felicissime
1598 2826 1750 2861 eundem
1776 2824 1956 2860 conficias.
1983 2844 2026 2848 —-

232 2881 285 2915 De
311 2883 428 2917 Brahe
453 2884 556 2918 Dano
582 2888 770 2927 praeterea
789 2884 944 2927 quaeris.
993 2884 1027 2917 Is
1055 2888 1109 2917 est
1127 2883 1249 2927 Tycho
1269 2884 1400 2927 Brahe,
1427 2896 1471 2920 ex
1497 2885 1720 2919 nobilissima
1738 2883 1874 2918 Daniae
1891 2882 2027 2917 familia

234 2940 415 2985 oriundus,
443 2942 502 2985 qui
527 2942 622 2985 regis
646 2942 821 2976 beneficio
849 2942 1000 2976 obtinuit
1025 2942 1178 2976 insulam
1197 2943 1396 2987 Huennam,
1424 2955 1529 2987 quam
1555 2943 1613 2978 alii
1633 2942 1869 2978 Scarlatinam
1886 2947 2025 2985 vocant,

233 2996 268 3028 in
295 3006 364 3039 qua
397 3010 514 3033 arcem
541 3004 576 3033 et
602 2999 885 3034 observatorium
919 3001 1137 3043 construxit,
1173 3001 1452 3045 Uraniburgum.
1500 3001 1725 3036 Dexterrime
1753 3011 1832 3035 eum
1860 3001 2024 3036 observa-

234 3054 349 3087 tiones
375 3059 558 3094 tractasse,
585 3056 619 3089 id
645 3057 800 3091 artifices
826 3068 897 3091 uno
926 3068 986 3092 ore
1012 3069 1134 3092 omnes
1159 3058 1331 3094 fatentur.
1376 3059 1417 3093 In
1442 3058 1557 3094 lucem
1583 3058 1712 3102 edidit,
1740 3058 1835 3101 quod
1862 3057 2025 3102 equidem

235 3110 356 3156 sciam,
382 3113 648 3149 observationes
675 3115 802 3149 stellae
829 3125 862 3150 a.
889 3116 990 3159 1572,
1018 3120 1177 3150 cometae
1203 3115 1285 3150 anni
1310 3116 1402 3151 1577
1427 3120 1463 3151 et
1489 3117 1544 3151 78.
1592 3116 1723 3150 Exstat
1756 3116 1864 3150 etiam
1890 3125 2026 3160 germa—
