2126 3388
212 170 296 217 858
890 175 972 212 vita
996 174 1019 212 J
1021 174 1146 213 oannis
1170 175 1329 223 Kepleri.

209 290 331 334 aeger!
374 288 443 325 Sed
466 289 534 324 hoc
558 289 662 325 unico
688 290 817 327 solatio
842 291 936 327 hunc
961 302 1102 328 omnem
1127 293 1309 337 (dolorem)
1335 296 1514 337 tempero,
1540 291 1570 327 si
1595 290 1690 326 omni
1715 290 1914 326 subtilitate
1936 293 2000 326 tua

209 347 458 391 chronologica
482 347 588 392 hujus
613 348 773 384 veritatis
799 354 953 385 aetatem
977 350 1063 385 mihi
1081 352 1254 396 explices:
1286 352 1355 393 „Et
1380 349 1539 386 Verbum
1565 359 1647 384 caro
1672 348 1807 384 factum
1833 350 1920 382 est.“
1963 347 2000 383 Si

209 415 304 438 amas
332 416 402 449 me,
430 406 459 439 si
484 406 610 439 amasti
636 417 808 453 unquam,
844 409 1055 444 obliviscere
1081 410 1188 454 (quos
1214 411 1250 444 in
1275 410 1344 445 hac
1362 412 1544 454 postrema
1571 407 1724 453 epistola
1748 410 1811 441 tua
1833 406 1999 450 induisti)

208 462 399 497 affectuum
424 467 567 496 tuorum
592 468 628 498 et
651 469 749 499 tenta
775 477 869 509 rem,
902 467 970 502 tria
994 467 1103 502 verba
1131 473 1232 503 sunt:
1270 470 1298 503 1.
1329 469 1488 509 verbum,
1515 466 1546 500 2.
1574 476 1673 509 caro,
1699 466 1733 501 3.
1760 464 1910 508 factum3
1937 468 2000 498 aut

208 521 340 554 stultus
374 525 409 555 et
442 531 563 556 amens
598 532 663 564 ego
697 533 791 569 sum,
829 528 891 558 aut
925 528 966 558 tu
997 524 1261 569 deprehendes,
1295 536 1401 570 quam
1433 525 1552 569 stulti,
1587 526 1747 558 amentes
1779 526 1814 557 et
1843 521 2001 556 furentes

207 578 314 612 simus
339 578 375 612 in
409 578 535 614 divinis
561 581 739 625 mysteriis
771 586 894 616 nostra
928 583 1100 618 stultitiae
1131 584 1269 619 ratione
1303 583 1518 619 scrutandis.
1568 582 1639 617 Sed
1672 585 1813 616 tantum
1845 579 2002 615 sufficiat

206 635 248 670 de
274 636 386 679 prima
411 642 474 671 tua
499 638 693 673 Harmonia
718 638 1011 686 ἀναρμοστοτατῳ.

344 694 397 728 De
429 694 543 730 altera
567 697 820 732 Astronomica
851 699 1048 734 Harmonia
1080 700 1308 735 transmissos
1341 700 1466 736 titulos
1499 698 1664 735 distribui
1696 701 1731 732 et
1763 696 2001 742 typographo,

204 756 244 786 ut
268 751 377 785 valvis
402 754 595 797 appendat,
624 755 779 790 monitor
804 755 865 800 fui,
893 767 1000 801 spero
1029 768 1120 803 opus
1150 758 1252 793 bonis
1272 758 1435 794 omnibus
1463 763 1499 792 et
1524 757 1612 792 utile
1638 760 1673 791 et
1690 755 1891 791 mirandum
1906 755 2002 790 futu-

206 818 294 842 rum.
345 809 400 843 Tu
424 809 566 846 iuterim
592 813 639 846 sis
658 824 808 859 memor,
836 816 932 859 quod
957 826 1022 860 per
1049 815 1231 850 Christum
1256 822 1291 850 et
1317 817 1470 851 salutem
1494 821 1593 850 tuam
1618 820 1653 850 te
1680 825 1752 857 oro,
1781 813 2004 848 Christianae

206 876 304 901 meae
330 866 567 904 distinctionis
593 871 684 906 inter
709 872 1000 908 mathematicum
1025 878 1061 908 et
1086 879 1122 908 te
1148 874 1375 920 theologum,
1403 874 1464 918 qui
1490 873 1617 908 titulus
1643 873 1680 906 in
1715 872 1907 915 neminem,
1935 871 2003 905 nisi

205 925 303 960 verbi
334 925 499 962 coelestis
534 928 749 974 discipulum
791 931 967 974 quadrare
1000 936 1134 977 potest.
1181 931 1238 967 Ad
1269 933 1500 967 Harmoniam
1539 932 1692 975 denique
1725 929 2003 974 Evangeliorum

207 983 303 1028 quod
329 985 476 1029 attinet,
509 988 669 1031 memini,
703 998 759 1022 me
794 989 892 1023 illam
925 990 1055 1024 vidisse
1087 994 1122 1024 et
1147 990 1284 1035 teipso
1318 994 1560 1025 monstratore
1584 988 1780 1033 praecipua
1805 987 2002 1026 delibasse3

206 1052 332 1076 suasor
371 1053 513 1087 quoque
540 1055 619 1080 esse
650 1042 782 1091 pergo,
818 1052 857 1082 ut
883 1052 918 1082 et
943 1048 1024 1082 usui
1054 1048 1198 1092 lucique
1231 1047 1399 1092 publicae
1433 1046 1623 1083 concedas.
1674 1045 1776 1080 Illam
1801 1055 1883 1079 vero
1909 1055 2003 1080 com-

206 1100 482 1136 municationem
509 1113 574 1147 ego
601 1105 778 1147 quomodo
804 1117 1014 1150 promovere
1039 1108 1192 1152 possim,
1218 1118 1289 1142 non
1315 1107 1430 1142 video,
1479 1107 1614 1141 Auctor
1640 1104 1803 1149 equidem
1829 1103 1865 1138 in
1890 1102 2003 1137 multo

206 1158 446 1203 splendidiore
479 1160 570 1195 lucis
615 1165 862 1199 coruscatione
894 1172 1076 1211 versatur,
1115 1177 1221 1210 quam
1255 1176 1321 1210 ego
1355 1165 1584 1200 silicernium.
1634 1164 1684 1198 Et
1716 1163 1796 1197 vino
1833 1161 2003 1197 vendibili

206 1214 296 1250 nihil
323 1227 412 1260 opus
440 1223 496 1252 est
522 1229 699 1264 suspensa
724 1222 877 1258 hedera!
913 1224 1013 1258 Faxo
1039 1229 1160 1258 tamen
1186 1228 1224 1258 ut
1249 1223 1305 1259 vel
1332 1224 1376 1258 ad
1402 1223 1699 1264 Herenalsenses,
1726 1221 1783 1255 vel
1800 1220 1845 1255 ad
1862 1225 2005 1256 nostros

208 1285 249 1310 eo
276 1275 501 1318 profecturos
528 1278 697 1323 scribam3
726 1291 817 1324 opus
843 1280 1017 1315 artificem
1043 1281 1130 1316 satis
1157 1291 1336 1325 superque
1369 1281 1645 1316 commendabit.
1694 1280 1749 1314 Tu
1775 1279 1848 1315 noli
1877 1279 2006 1314 dormi-

209 1337 298 1376 tare,
323 1332 386 1367 sed
412 1344 504 1377 quae
530 1335 564 1370 in
592 1337 784 1372 utilitatem
809 1339 988 1382 publicam
1016 1339 1203 1374 elaborata
1228 1339 1355 1384 habes,
1383 1340 1623 1384 communica3
1658 1338 1861 1374 benedictio
1886 1338 2006 1374 futura

208 1392 277 1427 hoc
304 1398 358 1428 est
382 1392 608 1437 locupletior.
644 1395 700 1430 Sic
727 1396 805 1431 vale
825 1397 886 1441 vir,
915 1397 1032 1432 animo
1058 1408 1136 1432 meo
1162 1398 1269 1442 longe
1296 1399 1490 1443 carissime,
1519 1404 1555 1433 et
1577 1409 1769 1434 excussum
1786 1398 1853 1434 tibi
1870 1397 2004 1433 credito

208 1455 352 1494 metum,
382 1452 441 1496 qui
468 1463 522 1486 me
547 1453 584 1487 in
611 1453 825 1489 offendendo
852 1456 966 1490 amico
993 1455 1122 1491 salutis
1141 1467 1249 1492 causa
1273 1457 1443 1492 retardet.
1479 1457 1569 1501 Legi
1595 1457 1700 1491 etiam
1727 1456 2004 1491 admonitionem

208 1509 437 1544 domesticam
474 1511 516 1546 de
548 1512 668 1547 Coena
698 1513 842 1547 Domini
868 1514 910 1557 (v.
937 1526 962 1549 s.
988 1527 1022 1558 p.
1052 1519 1118 1548 124
1144 1515 1220 1559 ss),
1254 1514 1290 1548 in
1325 1524 1396 1558 qua
1430 1526 1501 1549 non
1534 1514 1667 1559 probo,
1700 1525 1791 1559 quae
1824 1515 1867 1549 de
1894 1514 2004 1558 signis

206 1568 309 1611 panis
337 1572 372 1602 et
396 1569 480 1613 vini,
507 1580 577 1604 non
603 1576 702 1605 tuam
728 1581 807 1606 esse
834 1571 1074 1616 additionem,
1102 1583 1211 1607 manu
1235 1576 1298 1607 tua
1324 1572 1532 1616 adsignasti.
1581 1573 1674 1607 Nam
1699 1572 1945 1617 superioribus
1972 1576 2007 1605 et

207 1625 395 1662 salvatoris
421 1628 537 1663 verbis
566 1629 842 1664 contrariantur.
886 1630 974 1665 Vale
1000 1635 1036 1665 et
1051 1630 1312 1675 percutientem
1333 1631 1485 1666 amicum
1511 1640 1630 1665 amare
1654 1641 1776 1675 perge.
1819 1630 2004 1675 Signatum

207 1684 359 1729 Tubing.
388 1687 438 1720 17.
462 1687 650 1723 Februarii
680 1689 778 1725 1619.

298 1747 492 1789 Inscriptio:
529 1749 653 1791 Nobili,
682 1749 874 1782 Clarissimo
901 1756 932 1782 et
956 1751 1240 1793 praestantissimo

208 1793 306 1832 Viro,
340 1794 483 1825 Domino
518 1795 664 1827 Johanni
690 1797 852 1841 Keplero,
888 1798 942 1829 8²⁶
972 1797 1029 1829 (3Μ
1061 1798 1244 1836 Majestatis

207 1849 266 1870 nec
304 1850 368 1871 non
409 1845 555 1873 statuum
595 1845 774 1884 superioris
817 1845 970 1875 Austriae
1008 1844 1244 1875 Mathematico

207 1885 426 1927 nobilissimo,
451 1889 593 1921 Domino
613 1892 727 1923 Amico
746 1895 778 1922 et
795 1892 830 1922 iu
849 1891 979 1922 Christo
999 1892 1105 1922 Fratri
1123 1892 1247 1923 charis-

207 1934 289 1964 simo
315 1935 505 1970 reddantur.
556 1937 664 1971 Lintz,

414 2040 668 2090 Keplerus
699 2042 1055 2082 Hafeureffero
1088 2043 1126 2081 S.
1159 2043 1203 2082 P.
1237 2044 1286 2082 D.

344 2098 582 2148 Dignissime
615 2101 661 2138 D.
696 2102 951 2149 Cancellarie,
985 2101 1212 2139 Reverende
1245 2107 1282 2140 et
1314 2101 1535 2140 Clarissime
1566 2101 1659 2148 Vir,
1697 2101 1932 2151 Praeceptor
1964 2106 2003 2140 et

206 2155 351 2193 Fautor
383 2158 664 2196 colendissime.
726 2160 877 2198 Literas
900 2161 946 2197 D.
971 2160 1079 2198 Tuae
1110 2172 1133 2197 a
1165 2160 1219 2198 M.
1242 2160 1438 2209 Wagnero
1471 2161 1615 2209 accepi,
1647 2159 1696 2196 ad
1719 2171 1815 2208 quas
1836 2171 2000 2209 respon-

207 2213 333 2252 derem
365 2227 435 2253 nec
467 2228 524 2263 ne,
559 2223 751 2255 certarunt
783 2219 881 2256 inter
911 2230 952 2256 se
986 2218 1176 2256 modestia
1208 2225 1245 2256 et
1276 2218 1421 2267 pudor:
1462 2218 1528 2256 illa
1560 2218 1795 2267 parcendum
1826 2221 2000 2257 eminen-

208 2274 356 2310 tissimo
390 2276 486 2321 viro,
519 2275 753 2324 parcendum
783 2277 1060 2314 existimationi
1091 2288 1219 2324 meae,
1251 2288 1298 2314 ne
1331 2276 1442 2314 dicax
1474 2276 1630 2323 videar,
1675 2278 1747 2314 istc
1781 2276 2002 2315 excusanda

208 2330 423 2378 dictitabat,
457 2344 556 2381 quae
589 2345 699 2371 secus
732 2345 845 2383 quam
879 2347 902 2372 a
933 2347 993 2372 me
1025 2335 1198 2383 profecta
1229 2340 1319 2372 sunt
1350 2335 1491 2372 fuerint
1513 2339 1687 2384 accepta,
1730 2334 1834 2373 Vicit
1864 2335 2000 2374 mode-

205 2390 301 2426 stiae
334 2389 517 2438 pudorem
551 2391 658 2429 dolor
690 2403 736 2429 ex
768 2392 913 2441 pudore
947 2394 1132 2439 oriturus,
1165 2393 1197 2430 si
1230 2393 1366 2430 Virum
1399 2393 1806 2431 benevolentissimum
1837 2394 1931 2432 mihi
1962 2395 2000 2430 in

206 2449 359 2485 sinistra
392 2447 437 2486 de
468 2450 562 2486 meis
595 2449 705 2487 dictis
737 2450 925 2499 factisque
958 2452 1139 2499 opinione
1170 2450 1446 2503 relinquerem,
1479 2463 1501 2489 a
1524 2463 1600 2500 quo
1633 2451 1818 2499 damnari,
1849 2452 1888 2490 id
1913 2464 2001 2490 vere

205 2507 329 2554 perire
368 2513 438 2543 est.
501 2506 691 2553 Obsecro,
735 2508 878 2546 blando
920 2509 1052 2546 vultus
1094 2509 1237 2547 lumine
1270 2509 1476 2559 epistolam
1517 2510 1616 2548 hanc
1648 2510 1828 2557 irradies,
1872 2516 1915 2548 ut
1954 2521 1999 2548 eo

206 2565 307 2601 sotus
340 2569 377 2600 et
409 2570 601 2603 recreatus
633 2568 784 2604 animus
816 2569 971 2604 saucius
1003 2569 1180 2605 mitescat
1212 2567 1471 2617 aliquatenus.
1511 2569 1720 2617 Nunquam
1751 2569 1843 2606 mihi
1868 2568 2001 2606 videor

207 2622 304 2660 adeo
327 2623 442 2660 fuisse
465 2635 608 2669 amens,
642 2629 683 2661 ut
715 2635 791 2662 non
814 2625 981 2663 viderem
1005 2626 1362 2673 arrogantissimum
1393 2626 1555 2673 facinus,
1588 2627 1709 2664 solius
1733 2626 1999 2665 delectationis

208 2691 325 2718 causa
357 2680 492 2718 Virum
531 2681 791 2731 amplissimae
831 2683 1030 2732 dignitatis
1073 2683 1122 2721 ad
1154 2686 1495 2722 commutationem
1534 2684 1730 2722 literarum
1772 2696 1997 2735 provocare.

207 2738 344 2787 Itaque
386 2738 498 2787 longe
538 2739 643 2777 aliud
684 2741 756 2779 sibi
801 2741 883 2778 vult
923 2741 1079 2790 querela
1118 2753 1216 2780 mea.
1286 2742 1603 2781 Consolationem
1648 2755 1715 2793 per
1752 2743 1867 2792 huJus
1907 2745 1997 2780 anni

207 2799 372 2846 spatium
412 2805 745 2847 exspectaveram,
788 2811 864 2837 non
907 2799 1147 2849 voluptatem
1187 2802 1392 2839 curiosam.
1453 2801 1547 2848 Illa,
1597 2801 1664 2839 illa
1709 2813 1767 2840 me
1811 2801 1998 2838 hactenus

210 2856 376 2892 caruisse
410 2855 526 2893 dolui.
590 2856 685 2894 Cum
717 2857 921 2907 Tubingae
953 2870 1136 2908 praesens
1168 2870 1315 2906 essem,
1349 2861 1664 2898 intercessionem
1695 2859 1743 2896 ad
1776 2858 1891 2907 hujus
1923 2857 1997 2896 loci

212 2914 423 2950 ministrum
465 2915 688 2963 primarium
721 2915 839 2953 Verbi
871 2916 945 2954 Dei
987 2918 1080 2953 meis
1122 2917 1171 2954 ad
1212 2918 1327 2965 Dign.
1361 2918 1485 2955 Tuam
1519 2918 1646 2968 Ampl.
1689 2917 1840 2966 scriptis
1877 2916 1998 2954 literis

212 2972 372 3020 expetii,
418 2977 458 3008 ut
490 2984 537 3010 ne
569 2973 634 3010 ille
667 2985 726 3011 me
759 2973 902 3011 diutius
934 2974 1053 3012 Sacra
1086 2974 1365 3014 Communione
1404 2975 1623 3014 excluderet
1659 2980 1812 3024 propter
1844 2976 1998 3012 unicam

212 3030 474 3078 exceptionem
517 3036 649 3068 contra
691 3034 928 3081 propositam
969 3033 1291 3082 subscriptionem
1328 3034 1414 3072 libri
1454 3033 1703 3072 Concordiae.
1767 3031 1863 3069 Cum
1905 3045 1996 3071 vero

212 3097 278 3135 per
308 3085 346 3122 id
377 3086 645 3135 quadriduum,
680 3089 782 3137 quod
814 3101 944 3128 morae
976 3102 1083 3128 meae
1116 3091 1320 3141 Tubingae
1353 3092 1497 3141 adJeci‚
1531 3091 1624 3128 nihil
1657 3090 1772 3139 hujus
1803 3090 1897 3128 mihi
1926 3102 1996 3130 ne-

213 3154 289 3191 que
321 3145 602 3194 promitteretur
622 3157 747 3197 neque
770 3153 1039 3198 praestaretur,
1071 3151 1239 3198 memini,
1272 3151 1388 3200 Dign.
1410 3150 1534 3188 Tuam
1565 3151 1603 3187 in
1624 3151 1709 3200 ipsa
1730 3148 1865 3188 ultima
1886 3149 1998 3189 vale-

2118 1467 2123 1526 Ι
