2177 3408
454 173 691 210 Summarium
714 171 896 209 Historiae
919 169 1169 209 Astronomiae
1196 172 1318 209 seculo
1342 172 1436 210 XVI.
1776 173 1857 218 655

61 289 154 325 diem
178 290 236 328 21.
260 290 415 336 amplius
440 301 513 326 non
544 289 758 334 rediturum,
791 289 971 324 examinat
996 289 1137 324 Clavius
1163 289 1350 333 periodum
1383 288 1585 326 anomaliae
1616 289 1859 334 aequinoctio-

60 359 137 383 rum
169 354 204 383 et
236 349 504 394 inaequalitatis
544 359 721 385 annorum
754 358 798 382 ex
836 348 1024 392 Copernici
1056 348 1217 383 doctrina
1257 353 1292 383 et
1325 358 1469 383 causam
1511 348 1640 384 erroris
1675 348 1859 383 Maestlini

60 408 153 443 hanc
192 419 271 443 esse
310 413 448 452 censet,
492 408 588 452 quod
629 408 687 442 hic
725 406 923 451 putaverit,
964 411 1040 441 tum
1085 406 1227 442 demum
1271 407 1537 450 aequinoctium
1580 406 1658 442 fieri
1692 406 1857 450 medium,

61 466 205 511 quando
231 466 326 502 linea
351 467 459 502 medii
483 472 602 502 motus
628 466 718 501 Solis
751 475 829 500 cum
866 469 1000 509 puncto
1026 465 1134 499 medii
1166 464 1380 508 aequinoctii
1413 465 1664 510 conjungatur.
1714 465 1860 499 Falsum

62 525 130 560 1100
156 534 236 559 0330
262 525 416 560 affirmat
442 525 598 570 ClaviuS,
626 524 732 559 aliam
760 525 852 558 enim
879 534 959 559 esse
985 524 1115 559 lineam
1139 523 1358 567 aequinoctii
1382 524 1488 558 medii
1514 529 1549 559 et
1566 524 1673 559 aliam
1691 525 1860 568 conjunc-

60 584 167 618 tionis
194 583 249 618 vel
275 584 512 628 oppositionis
537 583 766 618 luminarium
792 582 942 618 mediae.
992 582 1270 627 Aequinoctium
1295 582 1449 616 medium
1474 583 1567 626 fieri,
1601 594 1680 618 011111
1707 583 1860 627 primum

62 641 122 676 Sol
148 647 324 686 punctum
349 643 456 677 me'dii
482 642 700 686 aequinoctii
725 642 898 686 attigerit.
940 641 1032 676 Nam
1058 641 1089 675 si
1112 640 1267 675 medium
1293 640 1396 674 fieret
1414 641 1690 685 aequinoctium,
1719 640 1860 684 quando

61 700 123 735 Sol
148 700 264 735 medio
299 711 364 736 suo
396 707 495 735 motu
529 701 724 736 sectionem
758 710 902 733 vernam
936 699 1090 734 mediam
1121 699 1298 743 obtineat,
1332 709 1403 732 11011
1439 709 1578 742 semper
1604 699 1710 733 simul
1734 699 1862 733 fierent

61 769 183 793 verum
217 770 258 794 ac
283 759 439 794 medium
473 759 756 802 aequinoctium,
790 757 932 801 1111111110
962 757 1303 801 prosthaphaeresis
1336 756 1644 800 aequinoctiorum
1679 757 1778 792 nulla
1804 759 1860 801 sit,

63 817 157 860 quod
188 827 270 852 raro
305 817 498 853 admodum
532 823 619 852 tunc
651 827 757 852 verus
793 815 885 850 Solis
918 820 1036 850 motus
1065 825 1084 848 a
1109 815 1226 849 medio
1261 825 1332 848 non
1369 814 1522 850 differat.
1573 815 1861 850 Translationem

64 875 372 919 aequinoctiorum
399 885 444 909 ex
472 876 527 910 21.
553 874 675 910 Martii
700 876 735 909 in
762 875 816 910 22.
846 880 880 910 et
905 876 960 911 23.
981 875 1229 919 inaequalitati
1256 875 1340 910 anni
1364 874 1490 909 solaris
1516 874 1743 909 tribuendam
1769 884 1859 909 esse.

64 932 102 966 Si
126 937 211 976 post
235 933 382 978 longum
409 934 579 977 temporis
598 934 824 968 intervallum
844 934 1112 978 aequinoctium
1129 934 1210 978 plus
1229 944 1344 978 aequo
1365 944 1385 967 a
1402 943 1485 967 vero
1513 933 1727 977 discesserit,
1754 933 1862 966 inter-

63 990 278 1026 calationem
305 996 410 1027 extra
436 992 595 1027 ordinem
621 992 860 1027 adhibendam
887 1002 980 1027 esse.
1005 1012 1039 1017 -—
1061 992 1116 1026 De
1143 1002 1251 1026 aureo
1277 1002 1425 1025 numero
1445 996 1479 1026 et
1498 991 1632 1034 epactis
1650 991 1740 1025 haec
1759 990 1863 1025 affert

64 1048 207 1083 Clavius
232 1049 282 1093 (in
307 1048 582 1093 „Explicatione
606 1050 758 1085 Romani
779 1050 981 1085 Calendarii
998 1060 1019 1083 a
1038 1050 1212 1094 Gregorio
1231 1049 1327 1083 XIII.
1345 1049 1538 1083 restituti-2.
1565 1049 1701 1083 Romae
1723 1050 1860 1093 1603.);

69 1106 179 1148 „Cum
204 1112 343 1142 veteres
370 1108 642 1152 comperissent,
669 1107 851 1143 novilunia
876 1108 1068 1142 transactis
1100 1109 1138 1143 19
1165 1108 1266 1143 annis
1294 1107 1339 1142 ad
1366 1107 1510 1142 eosdem
1538 1107 1613 1141 dies
1637 1108 1778 1149 reverti,
1805 1107 1862 1141 (10-

64 1165 287 1209 scripserunt
317 1166 354 1200 111
380 1166 584 1201 calendario
619 1166 768 1201 totidem
794 1176 961 1201 numeros
988 1166 1031 1200 ab
1061 1168 1075 1200 l
1105 1177 1219 1210 usque
1244 1167 1289 1201 ad
1321 1168 1378 1209 19,
1411 1178 1502 1211 quos
1527 1178 1659 1202 aureos
1684 1167 1862 1211 dixerunt,

60 1223 167 1266 juxta
192 1233 253 1258 eos
280 1223 366 1265 dies,
392 1224 428 1258 in
455 1224 584 1268 quibus
611 1225 772 1269 quolibet
801 1227 841 1261 19
867 1235 1041 1259 annorum
1069 1226 1186 1270 spatio
1205 1225 1388 1261 novilunia
1413 1225 1678 1270 contingebant.
1720 1226 1778 1260 Ex
1795 1226 1863 1259 hac

63 1280 304 1325 descriptione
336 1293 526 1318 aureorum
558 1294 787 1320 numerorum
818 1284 963 1319 emersit
994 1283 1088 1317 inter
1112 1282 1194 1318 illos
1221 1283 1308 1318 ordo
1336 1289 1371 1318 et
1397 1285 1507 1319 series
1534 1284 1728 1330 ejusmodi,
1763 1290 1803 1319 ut
1827 1287 1863 1319 in

64 1339 268 1375 calendario
295 1353 365 1376 non
392 1347 535 1377 servent
553 1342 713 1378 ordinem
730 1342 931 1377 naturalem
950 1351 1190 1385 numerorum,
1218 1342 1280 1375 sed
1307 1342 1422 1386 major
1446 1342 1520 1378 fere
1546 1353 1715 1378 numerus
1742 1347 1864 1379 anteat

66 1398 228 1442 proxime
253 1401 425 1435 minorem
455 1401 492 1435 11
523 1400 648 1436 diebus
674 1401 776 1445 (anni
801 1399 938 1434 lunaris
964 1404 1000 1433 et
1027 1398 1156 1433 solaris
1181 1399 1432 1445 differentia)“.

199 1459 482 1503 Dispositionem
508 1464 628 1494 autem
653 1459 753 1494 aurei
777 1458 915 1493 numeri
940 1458 977 1492 in
1003 1457 1114 1492 veteri
1140 1457 1349 1492 calendario
1375 1469 1447 1493 non
1472 1459 1578 1504 plane
1604 1471 1726 1495 veram
1751 1460 1862 1496 fuisse

63 1519 259 1553 astronomi
276 1517 600 1562 deprehenderunt.
635 1517 716 1551 Non
735 1516 827 1551 enim
846 1516 1028 1551 novilunia
1045 1516 1238 1551 transactis
1258 1517 1300 1552 19
1319 1518 1421 1552 annis
1447 1519 1623 1554 solaribus
1649 1520 1695 1554 ad
1720 1520 1863 1555 easdem

66 1586 215 1620 prorsus
241 1575 346 1610 sedes
371 1579 611 1619 revertuntur,
638 1574 700 1609 sed
728 1574 889 1619 quolibet
916 1575 1031 1619 spatio
1056 1576 1094 1610 19
1114 1584 1290 1609 annorum
1314 1576 1417 1611 sedes
1435 1577 1605 1621 pristinas
1631 1579 1866 1623 praeveniunt

66 1635 102 1670 h.
132 1636 163 1670 1.
189 1633 245 1669 27¹
273 1635 340 1668 31¹¹
366 1635 445 1677 55¹¹,
473 1633 575 1668 annis
603 1643 685 1667 vero
713 1634 757 1669 76
783 1633 882 1667 110113
909 1634 941 1667 5,
970 1633 1025 1667 50’
1052 1634 1199 1669 70401¹¹
1225 1639 1260 1669 et
1287 1635 1390 1669 annis
1417 1636 1505 1683 312),
1534 1636 1591 1671 die
1616 1637 1690 1672 fere
1715 1637 1863 1680 integro.

65 1694 192 1738 Itaque
217 1698 258 1728 ut
284 1693 384 1728 aurei
411 1692 548 1726 numeri
575 1696 657 1726 ante
684 1692 943 1726 correctionem
962 1691 1143 1726 novilunia
1161 1698 1259 1728 recte
1283 1693 1494 1737 indicarent,
1521 1695 1753 1738 promovendi
1780 1695 1865 1729 fuis-

65 1758 144 1786 sent
172 1762 296 1787 omnes
322 1762 386 1796 per
412 1753 431 1786 5
459 1751 554 1795 dies,
589 1751 703 1785 tribus
738 1751 860 1784 vacuis
894 1751 987 1785 inter
1020 1751 1100 1785 loca
1133 1751 1280 1795 antiqua
1306 1757 1341 1785 et
1374 1763 1467 1787 nova
1501 1753 1648 1789 relictis.
1700 1754 1865 1788 Ceterum

63 1810 201 1844 numeri
226 1811 326 1844 aurei
360 1810 411 1844 sic
443 1809 595 1846 correcti
627 1815 802 1853 perpetuo
838 1813 900 1843 aut
933 1808 1042 1853 longo
1068 1813 1230 1853 tempore
1264 1810 1447 1845 novilunia
1481 1816 1578 1845 recte
1608 1811 1767 1846 indicare
1793 1822 1866 1845 non

63 1873 224 1912 possent,
253 1867 367 1912 primo
395 1867 478 1911 quia
507 1867 796 1911 quotiescunque
824 1867 899 1902 dies
925 1868 1150 1903 intercalaris
1177 1878 1221 1902 ex
1247 1869 1440 1904 centesimo
1473 1869 1593 1913 aliquo
1625 1880 1718 1904 anno
1751 1869 1865 1904 aufer-

62 1931 172 1970 retur,
199 1925 382 1960 novilunia
407 1926 525 1961 omnia
551 1937 622 1961 uno
649 1926 705 1960 die
730 1926 868 1961 tardius
895 1926 1162 1971 contingerent,
1201 1937 1308 1970 quam
1332 1928 1377 1962 ab
1404 1929 1522 1963 aurcis
1546 1929 1704 1963 numeris
1729 1927 1864 1963 indica-

66 1990 203 2026 rentur,
232 1984 362 2019 deinde
388 1985 556 2028 quoniam
582 1985 763 2019 novilunia
788 1985 824 2018 in
844 1985 931 2030 3124
952 1985 1054 2019 annis
1079 1996 1151 2019 uno
1179 1985 1235 2019 die
1262 1985 1365 2020 sedes
1385 1996 1467 2020 suas
1487 1986 1523 2020 in
1541 1986 1745 2021 calendario
1766 1992 1865 2021 ante-

63 2048 219 2085 vertunt,
248 2043 405 2078 efficitur
431 2049 470 2078 ut
496 2044 594 2078 aurei
620 2044 758 2078 numeri
783 2048 867 2088 post
894 2043 1075 2087 quoslibet
1100 2053 1214 2078 annos
1233 2045 1320 2090 3124
1341 2045 1575 2088 promovendi
1601 2050 1722 2080 essent
1740 2055 1864 2080 versus

63 2102 165 2137 initia
189 2102 364 2137 mensium
389 2114 460 2137 uno
487 2102 555 2146 die,
583 2107 622 2137 ut
646 2103 829 2137 novilunia
854 2102 1064 2137 indicarent.
1113 2102 1229 2147 Igitur
1254 2104 1373 2138 aureis
1400 2104 1559 2138 numeris
1587 2115 1631 2138 ex
1658 2103 1864 2139 calendario

65 2161 239 2196 submotis
264 2161 300 2194 in
325 2171 448 2196 eorum
472 2161 591 2196 locum
610 2161 668 2195 alii
693 2161 832 2195 numeri
857 2161 1103 2203 succederent,
1131 2161 1190 2204 qui
1215 2168 1390 2205 perpetuo
1408 2162 1591 2197 novilunia
1609 2168 1863 2198 monstrarent.

65 2220 113 2254 Hi
138 2226 257 2255 autem
282 2221 420 2256 numeri
446 2225 530 2256 sunt
555 2221 600 2256 30
624 2224 784 2265 epactae,
820 2219 888 2254 Hic
906 2230 1075 2254 uumerus
1101 2219 1145 2254 30
1163 2224 1371 2263 epactarum
1399 2220 1579 2264 colligitur
1599 2231 1644 2255 ex
1664 2222 1703 2255 11
1727 2221 1863 2263 diebus,

67 2278 197 2322 quibus
231 2290 346 2314 annus
375 2279 512 2315 lunaris
548 2290 568 2314 a
603 2279 710 2314 solari
742 2284 943 2323 superatur.
1006 2279 1098 2313 Nam
1135 2278 1166 2313 si
1196 2278 1309 2321 primo
1343 2288 1436 2313 anno
1469 2283 1664 2322 supersunt
1703 2282 1739 2314 11
1777 2278 1862 2321 dies,

67 2343 282 2382 supererunt
307 2338 352 2373 22
378 2339 557 2383 secundo,
594 2339 636 2374 33
662 2337 785 2381 tertio,
821 2337 1043 2380 abjectisque
1069 2337 1131 2380 30,
1167 2347 1274 2372 unam
1306 2335 1527 2371 lunationem
1553 2337 1864 2377 constituentibus,

71 2396 210 2440 reliqua
234 2397 297 2432 fiet
321 2404 448 2442 epacta
474 2398 536 2442 III,
564 2401 672 2441 atque
698 2397 749 2431 sic
774 2396 954 2440 deinceps,
981 2396 1111 2431 additis
1139 2406 1280 2440 semper
1308 2397 1343 2429 11
1369 2400 1403 2429 et
1421 2395 1572 2438 abjectis
1598 2396 1653 2439 30,
1681 2395 1708 2429 si
1728 2405 1864 2429 summa

74 2454 190 2497 major
215 2455 260 2489 sit
285 2466 389 2500 quam
418 2457 474 2492 30.
525 2456 704 2491 Dicuntur
729 2460 847 2491 autem
875 2457 919 2491 30
943 2455 980 2488 hi
1006 2455 1144 2489 numeri
1168 2454 1336 2499 Epactae
1361 2464 1491 2497 graeca
1516 2463 1612 2497 voce,
1641 2465 1732 2497 quae
1757 2453 1866 2487 latine

70 2512 164 2546 idem
190 2518 295 2547 sonat
320 2514 416 2557 quod
450 2514 524 2549 dies
550 2514 699 2549 asciticii
724 2514 777 2549 vel
804 2514 962 2549 additicii
992 2513 1048 2547 vel
1081 2513 1270 2556 interjecti.
1319 2512 1576 2556 Adjunguntur
1607 2512 1700 2545 enim
1725 2512 1761 2545 in
1795 2511 1865 2545 fine

73 2570 190 2604 ultimi
215 2571 347 2606 mensis
373 2572 508 2607 lunaris
533 2572 579 2607 ad
605 2572 823 2616 explendum
848 2583 1033 2606 numerum
1067 2571 1203 2606 dierum
1230 2571 1312 2606 anni
1344 2571 1472 2606 solaris
1499 2575 1533 2605 et
1559 2571 1602 2604 ad
1627 2569 1864 2604 inchoandam

69 2627 220 2670 primam
244 2627 464 2663 lunationem
491 2630 573 2664 anni
599 2631 792 2674 sequentis

209 2686 337 2721 Radix
362 2688 585 2730 aequatiouis
612 2688 738 2722 Lunae
763 2688 936 2723 statuitur
960 2688 996 2722 in
1023 2698 1116 2723 anno
1137 2690 1213 2728 550,
1239 2689 1335 2731 quod
1361 2693 1435 2722 tum
1462 2687 1561 2722 aurei
1586 2687 1722 2720 numeri
1741 2687 1864 2730 cyclus

72 2744 207 2779 rectius
233 2743 417 2778 novilunia
441 2746 668 2780 monstrabat
693 2749 729 2780 et
754 2746 799 2780 ad
824 2746 916 2781 festa
940 2746 1087 2781 mobilia
1114 2746 1325 2780 celebranda
1352 2746 1464 2789 magis
1490 2745 1767 2780 accommodate.
1818 2746 1866 2779 Et

72 2813 152 2837 cum
179 2813 272 2837 anno
298 2802 389 2837 1532
417 2802 491 2837 dies
521 2804 563 2838 10
586 2804 700 2838 mensi
727 2805 874 2839 Octobri
891 2792 984 2838 ‘sunt
1006 2804 1148 2847 ademti,
1175 2808 1214 2838 ut
1239 2804 1506 2846 aequinoctium
1530 2813 1676 2837 vernum
1703 2803 1747 2837 ad
1774 2803 1864 2838 diem

74 2861 131 2896 21.
158 2861 279 2895 Martii
308 2861 570 2906 restitueretur,
597 2872 744 2896 necesse
771 2867 826 2896 est
850 2867 934 2906 post
950 2862 1044 2896 hanc
1061 2861 1318 2895 detractionem
1338 2860 1455 2894 omnia
1472 2860 1652 2894 novilunia
1683 2863 1723 2896 10
1740 2860 1865 2896 diebus

74 2919 212 2954 tardius
239 2920 445 2963 contigisse,
471 2930 577 2963 quam
603 2925 731 2964 epacta
756 2919 852 2953 illius
885 2919 971 2953 anni
995 2918 1175 2952 indicabat
1201 2918 1236 2952 in
1269 2919 1483 2954 calendario,
1534 2919 1625 2961 Quia
1649 2929 1731 2954 vero
1757 2921 1864 2954 etiam

75 2977 284 3022 aequandus
318 2983 373 3013 est
408 2988 522 3013 annus
554 2977 681 3012 solaris
713 2977 908 3012 omittendo
945 2978 964 3011 3
991 2976 1065 3011 dies
1096 2976 1327 3011 intercalares
1358 2976 1396 3011 in
1426 2976 1494 3012 400
1518 2977 1718 3021 quibusque
1751 2979 1864 3020 annis,

75 3035 253 3070 scribendi
278 3035 432 3079 posthac
466 3040 571 3070 erunt
594 3036 629 3069 in
654 3035 779 3070 tabula
815 3034 1037 3079 aequationis
1069 3044 1192 3069 omnes
1218 3034 1301 3068 anni
1334 3034 1535 3077 centesimi,
1570 3035 1671 3069 initio
1697 3035 1793 3070 facto
1820 3037 1863 3068 ab

76 3104 169 3129 anno
199 3094 298 3135 1600,
323 3094 385 3137 qui
408 3093 602 3128 bissextilis
629 3099 695 3138 est,
722 3098 758 3128 et
779 3093 882 3137 juxta
906 3097 1074 3137 quartum
1099 3102 1278 3137 quemque
1311 3093 1356 3127 ab
1382 3102 1424 3127 00
1449 3103 1536 3128 voce
1560 3093 1659 3128 Biss.
1685 3093 1863 3137 apposita.

213 3151 432 3189 varietatem
458 3157 665 3198 epactarum
691 3152 914 3198 aequationis
939 3152 1014 3188 sive
1039 3152 1161 3187 vitium
1187 3157 1312 3187 auctor
1328 3150 1520 3187 calendarii
1538 3151 1720 3197 (Aloysius
1738 3151 1880 3204 Lilius)⁸
