<?xml version="1.0" encoding="UTF-8"?>
<!DOCTYPE html PUBLIC "-//W3C//DTD XHTML 1.0 Transitional//EN"
    "http://www.w3.org/TR/xhtml1/DTD/xhtml1-transitional.dtd">
<html xmlns="http://www.w3.org/1999/xhtml" xml:lang="en" lang="en">
 <head>
  <title>
</title>
<meta http-equiv="Content-Type" content="text/html;charset=utf-8" />
  <meta name='ocr-system' content='tesseract 3.04.00' />
  <meta name='ocr-capabilities' content='ocr_page ocr_carea ocr_par ocr_line ocrx_word'/>
</head>
<body>
  <div class='ocr_page' id='page_1' title='image "./p2operaomniaedid08kepluoft_0392.png"; bbox 0 0 2126 3388; ppageno 0'>
   <div class='ocr_carea' id='block_1_1' title="bbox 275 174 1416 236">
    <p class='ocr_par' dir='ltr' id='par_1_1' title="bbox 275 174 1416 236">
     <span class='ocr_line' id='line_1_1' title="bbox 275 174 1416 236; baseline -0.007 -4"><span class='ocrx_word' id='word_1_1' title='bbox 275 187 357 233; x_wconf 81' lang='grc'>938</span> <span class='ocrx_word' id='word_1_2' title='bbox 676 174 678 176; x_wconf 74' lang='grc'><strong>’</strong></span> <span class='ocrx_word' id='word_1_3' title='bbox 978 188 1060 224; x_wconf 75' lang='lat' dir='ltr'>Vita</span> <span class='ocrx_word' id='word_1_4' title='bbox 1084 188 1235 225; x_wconf 86' lang='lat' dir='ltr'>Joannis</span> <span class='ocrx_word' id='word_1_5' title='bbox 1259 189 1416 236; x_wconf 77' lang='lat' dir='ltr'>Kepleri.</span> 
     </span>
    </p>
   </div>
   <div class='ocr_carea' id='block_1_2' title="bbox 265 306 2123 3032">
    <p class='ocr_par' dir='ltr' id='par_1_2' title="bbox 272 306 2064 940">
     <span class='ocr_line' id='line_1_2' title="bbox 275 306 2062 360; baseline 0.001 -13"><span class='ocrx_word' id='word_1_6' title='bbox 275 310 451 360; x_wconf 85' lang='lat' dir='ltr'>Styriaea</span> <span class='ocrx_word' id='word_1_7' title='bbox 482 311 611 345; x_wconf 87' lang='lat' dir='ltr'>autem</span> <span class='ocrx_word' id='word_1_8' title='bbox 641 306 882 346; x_wconf 86' lang='lat' dir='ltr'>haereditate</span> <span class='ocrx_word' id='word_1_9' title='bbox 914 309 1031 346; x_wconf 88' lang='lat' dir='ltr'>etiam</span> <span class='ocrx_word' id='word_1_10' title='bbox 1061 309 1224 347; x_wconf 89' lang='lat' dir='ltr'>multum</span> <span class='ocrx_word' id='word_1_11' title='bbox 1254 310 1474 358; x_wconf 85' lang='lat' dir='ltr'>negotium,</span> <span class='ocrx_word' id='word_1_12' title='bbox 1511 308 1633 346; x_wconf 87' lang='lat' dir='ltr'>multa</span> <span class='ocrx_word' id='word_1_13' title='bbox 1669 308 1848 348; x_wconf 88' lang='lat' dir='ltr'>molestia</span> <span class='ocrx_word' id='word_1_14' title='bbox 1890 309 2062 348; x_wconf 82' lang='lat' dir='ltr'>exhibita</span> 
     </span>
     <span class='ocr_line' id='line_1_3' title="bbox 278 365 2062 416; baseline 0.001 -11"><span class='ocrx_word' id='word_1_15' title='bbox 278 374 347 412; x_wconf 87' lang='lat' dir='ltr'>est,</span> <span class='ocrx_word' id='word_1_16' title='bbox 379 378 464 404; x_wconf 85' lang='lat' dir='ltr'>cum</span> <span class='ocrx_word' id='word_1_17' title='bbox 496 377 597 403; x_wconf 88' lang='lat' dir='ltr'>nuuc</span> <span class='ocrx_word' id='word_1_18' title='bbox 628 365 820 415; x_wconf 88' lang='lat' dir='ltr'>Keplerus</span> <span class='ocrx_word' id='word_1_19' title='bbox 852 377 953 404; x_wconf 88' lang='lat' dir='ltr'>nunc</span> <span class='ocrx_word' id='word_1_20' title='bbox 985 367 1069 415; x_wconf 89' lang='lat' dir='ltr'>ejus</span> <span class='ocrx_word' id='word_1_21' title='bbox 1101 379 1196 405; x_wconf 83' lang='lat' dir='ltr'>uxor</span> <span class='ocrx_word' id='word_1_22' title='bbox 1229 367 1406 406; x_wconf 86' lang='lat' dir='ltr'>Gratium</span> <span class='ocrx_word' id='word_1_23' title='bbox 1440 367 1598 416; x_wconf 85' lang='lat' dir='ltr'>profecti</span> <span class='ocrx_word' id='word_1_24' title='bbox 1638 372 1811 404; x_wconf 88' lang='lat' dir='ltr'>veterum</span> <span class='ocrx_word' id='word_1_25' title='bbox 1852 369 2062 406; x_wconf 86' lang='lat' dir='ltr'>amicorum</span> 
     </span>
     <span class='ocr_line' id='line_1_4' title="bbox 275 424 2061 473; baseline 0.001 -11"><span class='ocrx_word' id='word_1_26' title='bbox 275 425 440 469; x_wconf 76' lang='lat' dir='ltr'>auxilio,</span> <span class='ocrx_word' id='word_1_27' title='bbox 472 435 661 461; x_wconf 85' lang='lat' dir='ltr'>novorum</span> <span class='ocrx_word' id='word_1_28' title='bbox 693 426 871 472; x_wconf 82' lang='lat' dir='ltr'>graviore</span> <span class='ocrx_word' id='word_1_29' title='bbox 905 428 1135 463; x_wconf 87' lang='lat' dir='ltr'>auctoritate</span> <span class='ocrx_word' id='word_1_30' title='bbox 1166 433 1203 463; x_wconf 87' lang='lat' dir='ltr'>et</span> <span class='ocrx_word' id='word_1_31' title='bbox 1235 424 1567 464; x_wconf 78' lang='lat' dir='ltr'>commendatione</span> <span class='ocrx_word' id='word_1_32' title='bbox 1599 429 1816 473; x_wconf 88' lang='lat' dir='ltr'>uterentur,</span> <span class='ocrx_word' id='word_1_33' title='bbox 1851 436 2061 473; x_wconf 87' lang='lat' dir='ltr'>quaecum-</span> 
     </span>
     <span class='ocr_line' id='line_1_5' title="bbox 274 482 2061 534; baseline 0.002 -15"><span class='ocrx_word' id='word_1_34' title='bbox 274 494 348 530; x_wconf 88' lang='lat' dir='ltr'>que</span> <span class='ocrx_word' id='word_1_35' title='bbox 389 487 545 531; x_wconf 84' lang='lat' dir='ltr'>possent</span> <span class='ocrx_word' id='word_1_36' title='bbox 575 493 621 518; x_wconf 82' lang='lat' dir='ltr'>ex</span> <span class='ocrx_word' id='word_1_37' title='bbox 663 485 854 519; x_wconf 86' lang='lat' dir='ltr'>communi</span> <span class='ocrx_word' id='word_1_38' title='bbox 892 495 1016 520; x_wconf 90' lang='lat' dir='ltr'>rerum</span> <span class='ocrx_word' id='word_1_39' title='bbox 1059 484 1345 534; x_wconf 80' lang='lat' dir='ltr'>perturbatione</span> <span class='ocrx_word' id='word_1_40' title='bbox 1387 485 1662 521; x_wconf 76' lang='lat' dir='ltr'><strong>conservaturi.</strong></span> <span class='ocrx_word' id='word_1_41' title='bbox 1726 482 1800 531; x_wconf 84' lang='lat' dir='ltr'>Qui</span> <span class='ocrx_word' id='word_1_42' title='bbox 1841 485 1941 520; x_wconf 88' lang='lat' dir='ltr'>euim</span> <span class='ocrx_word' id='word_1_43' title='bbox 1979 486 2061 533; x_wconf 89' lang='lat' dir='ltr'>jam</span> 
     </span>
     <span class='ocr_line' id='line_1_6' title="bbox 277 539 2062 592; baseline 0.002 -15"><span class='ocrx_word' id='word_1_44' title='bbox 277 539 420 577; x_wconf 86' lang='lat' dir='ltr'>dudum</span> <span class='ocrx_word' id='word_1_45' title='bbox 451 539 621 577; x_wconf 85' lang='lat' dir='ltr'>familiae</span> <span class='ocrx_word' id='word_1_46' title='bbox 654 547 761 577; x_wconf 88' lang='lat' dir='ltr'>erant</span> <span class='ocrx_word' id='word_1_47' title='bbox 792 542 1033 588; x_wconf 80' lang='lat' dir='ltr'>amicissimi,</span> <span class='ocrx_word' id='word_1_48' title='bbox 1076 553 1253 590; x_wconf 82' lang='lat' dir='ltr'>agrorum</span> <span class='ocrx_word' id='word_1_49' title='bbox 1286 552 1530 592; x_wconf 80' lang='lat' dir='ltr'>possessores</span> <span class='ocrx_word' id='word_1_50' title='bbox 1562 548 1599 579; x_wconf 90' lang='lat' dir='ltr'>et</span> <span class='ocrx_word' id='word_1_51' title='bbox 1631 541 1799 587; x_wconf 90' lang='lat' dir='ltr'>nobiles,</span> <span class='ocrx_word' id='word_1_52' title='bbox 1834 551 1919 578; x_wconf 89' lang='lat' dir='ltr'>cum</span> <span class='ocrx_word' id='word_1_53' title='bbox 1950 541 2062 580; x_wconf 84' lang='lat' dir='ltr'>fidem</span> 
     </span>
     <span class='ocr_line' id='line_1_7' title="bbox 275 597 2062 650; baseline 0.003 -17"><span class='ocrx_word' id='word_1_54' title='bbox 275 597 542 647; x_wconf 78' lang='lat' dir='ltr'>profiterentur</span> <span class='ocrx_word' id='word_1_55' title='bbox 572 598 845 645; x_wconf 86' lang='lat' dir='ltr'>Lutheranam,</span> <span class='ocrx_word' id='word_1_56' title='bbox 887 599 992 636; x_wconf 88' lang='lat' dir='ltr'>haud</span> <span class='ocrx_word' id='word_1_57' title='bbox 1024 599 1140 637; x_wconf 87' lang='lat' dir='ltr'>dubie</span> <span class='ocrx_word' id='word_1_58' title='bbox 1171 600 1405 650; x_wconf 89' lang='lat' dir='ltr'>paucissima</span> <span class='ocrx_word' id='word_1_59' title='bbox 1435 599 1654 637; x_wconf 83' lang='lat' dir='ltr'>effecerunt.</span> <span class='ocrx_word' id='word_1_60' title='bbox 1716 599 1903 647; x_wconf 83' lang='lat' dir='ltr'>Quamvis</span> <span class='ocrx_word' id='word_1_61' title='bbox 1935 606 2062 638; x_wconf 86' lang='lat' dir='ltr'>autem</span> 
     </span>
     <span class='ocr_line' id='line_1_8' title="bbox 273 655 2064 708; baseline 0.002 -16"><span class='ocrx_word' id='word_1_62' title='bbox 273 658 316 701; x_wconf 88' lang='lat' dir='ltr'>ii,</span> <span class='ocrx_word' id='word_1_63' title='bbox 352 657 415 704; x_wconf 85' lang='lat' dir='ltr'>qui</span> <span class='ocrx_word' id='word_1_64' title='bbox 447 655 561 693; x_wconf 86' lang='lat' dir='ltr'>modo</span> <span class='ocrx_word' id='word_1_65' title='bbox 594 658 693 706; x_wconf 84' lang='lat' dir='ltr'>parti</span> <span class='ocrx_word' id='word_1_66' title='bbox 725 662 854 694; x_wconf 80' lang='lat' dir='ltr'>essent</span> <span class='ocrx_word' id='word_1_67' title='bbox 891 656 1097 695; x_wconf 82' lang='lat' dir='ltr'>familiares</span> <span class='ocrx_word' id='word_1_68' title='bbox 1129 662 1166 695; x_wconf 90' lang='lat' dir='ltr'>et</span> <span class='ocrx_word' id='word_1_69' title='bbox 1199 659 1390 704; x_wconf 74' lang='lat' dir='ltr'>fautores,</span> <span class='ocrx_word' id='word_1_70' title='bbox 1433 658 1530 694; x_wconf 86' lang='lat' dir='ltr'>inter</span> <span class='ocrx_word' id='word_1_71' title='bbox 1574 669 1672 706; x_wconf 88' lang='lat' dir='ltr'>quos</span> <span class='ocrx_word' id='word_1_72' title='bbox 1713 659 1943 708; x_wconf 87' lang='lat' dir='ltr'>praecipuus</span> <span class='ocrx_word' id='word_1_73' title='bbox 1983 665 2064 696; x_wconf 84' lang='lat' dir='ltr'>erat</span> 
     </span>
     <span class='ocr_line' id='line_1_9' title="bbox 272 714 2062 765; baseline 0.001 -14"><span class='ocrx_word' id='word_1_74' title='bbox 272 714 465 752; x_wconf 86' lang='lat' dir='ltr'>Bavariae</span> <span class='ocrx_word' id='word_1_75' title='bbox 510 714 782 762; x_wconf 86' lang='lat' dir='ltr'>cancellarius,</span> <span class='ocrx_word' id='word_1_76' title='bbox 827 715 1122 753; x_wconf 84' lang='lat' dir='ltr'>Herwartus</span> <span class='ocrx_word' id='word_1_77' title='bbox 1163 715 1218 753; x_wconf 92' lang='lat' dir='ltr'>de</span> <span class='ocrx_word' id='word_1_78' title='bbox 1252 715 1584 764; x_wconf 82' lang='lat' dir='ltr'>Hohenburg‚</span> <span class='ocrx_word' id='word_1_79' title='bbox 1625 717 1690 764; x_wconf 89' lang='lat' dir='ltr'>qui</span> <span class='ocrx_word' id='word_1_80' title='bbox 1723 715 1935 765; x_wconf 87' lang='lat' dir='ltr'>Keplerum</span> <span class='ocrx_word' id='word_1_81' title='bbox 1967 727 2062 753; x_wconf 87' lang='lat' dir='ltr'>cau-</span> 
     </span>
     <span class='ocr_line' id='line_1_10' title="bbox 276 772 2061 822; baseline 0.002 -13"><span class='ocrx_word' id='word_1_82' title='bbox 276 783 436 820; x_wconf 82' lang='lat' dir='ltr'>samque</span> <span class='ocrx_word' id='word_1_83' title='bbox 467 772 741 822; x_wconf 84' lang='lat' dir='ltr'>Keplerianam</span> <span class='ocrx_word' id='word_1_84' title='bbox 774 774 1042 822; x_wconf 89' lang='lat' dir='ltr'>potentissimo</span> <span class='ocrx_word' id='word_1_85' title='bbox 1075 774 1265 811; x_wconf 83' lang='lat' dir='ltr'>sacerdoti</span> <span class='ocrx_word' id='word_1_86' title='bbox 1299 773 1468 811; x_wconf 85' lang='lat' dir='ltr'>Casali</span> <span class='ocrx_word' id='word_1_87' title='bbox 1501 774 1795 820; x_wconf 84' lang='lat' dir='ltr'>commendavit,</span> <span class='ocrx_word' id='word_1_88' title='bbox 1829 774 1911 810; x_wconf 87' lang='lat' dir='ltr'>sine</span> <span class='ocrx_word' id='word_1_89' title='bbox 1944 773 2061 812; x_wconf 90' lang='lat' dir='ltr'>dubio</span> 
     </span>
     <span class='ocr_line' id='line_1_11' title="bbox 274 830 2063 879; baseline 0.002 -13"><span class='ocrx_word' id='word_1_90' title='bbox 274 830 385 879; x_wconf 85' lang='lat' dir='ltr'>plura</span> <span class='ocrx_word' id='word_1_91' title='bbox 417 830 629 877; x_wconf 85' lang='lat' dir='ltr'>efficerent,</span> <span class='ocrx_word' id='word_1_92' title='bbox 671 837 799 869; x_wconf 85' lang='lat' dir='ltr'>tamen</span> <span class='ocrx_word' id='word_1_93' title='bbox 834 831 1039 870; x_wconf 86' lang='lat' dir='ltr'>verisimile</span> <span class='ocrx_word' id='word_1_94' title='bbox 1072 838 1146 878; x_wconf 88' lang='lat' dir='ltr'>est,</span> <span class='ocrx_word' id='word_1_95' title='bbox 1187 833 1344 870; x_wconf 88' lang='lat' dir='ltr'>minime</span> <span class='ocrx_word' id='word_1_96' title='bbox 1375 836 1498 870; x_wconf 89' lang='lat' dir='ltr'>totam</span> <span class='ocrx_word' id='word_1_97' title='bbox 1528 832 1722 869; x_wconf 81' lang='lat' dir='ltr'>fortunam</span> <span class='ocrx_word' id='word_1_98' title='bbox 1753 837 1947 869; x_wconf 84' lang='lat' dir='ltr'>servatam</span> <span class='ocrx_word' id='word_1_99' title='bbox 1979 844 2063 870; x_wconf 85' lang='lat' dir='ltr'>esse</span> 
     </span>
     <span class='ocr_line' id='line_1_12' title="bbox 276 888 1509 940; baseline 0.001 -15"><span class='ocrx_word' id='word_1_100' title='bbox 276 897 313 926; x_wconf 79' lang='lat' dir='ltr'>et</span> <span class='ocrx_word' id='word_1_101' title='bbox 344 890 498 926; x_wconf 84' lang='lat' dir='ltr'>nonnisi</span> <span class='ocrx_word' id='word_1_102' title='bbox 529 888 703 938; x_wconf 82' lang='lat' dir='ltr'>Reginae</span> <span class='ocrx_word' id='word_1_103' title='bbox 736 891 938 940; x_wconf 76' lang='lat' dir='ltr'>privignae</span> <span class='ocrx_word' id='word_1_104' title='bbox 970 902 1079 928; x_wconf 86' lang='lat' dir='ltr'>suam</span> <span class='ocrx_word' id='word_1_105' title='bbox 1112 895 1259 940; x_wconf 86' lang='lat' dir='ltr'>partem</span> <span class='ocrx_word' id='word_1_106' title='bbox 1291 890 1509 927; x_wconf 85' lang='lat' dir='ltr'>obvenisse.</span> 
     </span>
    </p>

    <p class='ocr_par' dir='ltr' id='par_1_3' title="bbox 272 946 2064 1625">
     <span class='ocr_line' id='line_1_13' title="bbox 410 946 2062 997; baseline 0.001 -14"><span class='ocrx_word' id='word_1_107' title='bbox 410 946 588 997; x_wconf 85' lang='lat' dir='ltr'>Kepleri,</span> <span class='ocrx_word' id='word_1_108' title='bbox 622 959 707 984; x_wconf 90' lang='lat' dir='ltr'>cum</span> <span class='ocrx_word' id='word_1_109' title='bbox 740 954 841 985; x_wconf 90' lang='lat' dir='ltr'>esset</span> <span class='ocrx_word' id='word_1_110' title='bbox 872 949 1113 997; x_wconf 86' lang='lat' dir='ltr'>imperatoris</span> <span class='ocrx_word' id='word_1_111' title='bbox 1151 954 1413 994; x_wconf 82' lang='lat' dir='ltr'>astronomus,</span> <span class='ocrx_word' id='word_1_112' title='bbox 1459 947 1626 985; x_wconf 84' lang='lat' dir='ltr'>officium</span> <span class='ocrx_word' id='word_1_113' title='bbox 1665 949 1866 997; x_wconf 86' lang='lat' dir='ltr'>pecuniam</span> <span class='ocrx_word' id='word_1_114' title='bbox 1907 947 2062 997; x_wconf 88' lang='lat' dir='ltr'>quidem</span> 
     </span>
     <span class='ocr_line' id='line_1_14' title="bbox 275 1004 2062 1056; baseline 0.001 -15"><span class='ocrx_word' id='word_1_115' title='bbox 275 1006 309 1042; x_wconf 92' lang='lat' dir='ltr'>ei</span> <span class='ocrx_word' id='word_1_116' title='bbox 341 1004 470 1042; x_wconf 85' lang='lat' dir='ltr'>attulit</span> <span class='ocrx_word' id='word_1_117' title='bbox 500 1006 694 1043; x_wconf 84' lang='lat' dir='ltr'>minimam</span> <span class='ocrx_word' id='word_1_118' title='bbox 723 1017 847 1054; x_wconf 88' lang='lat' dir='ltr'>eoque</span> <span class='ocrx_word' id='word_1_119' title='bbox 869 1007 1064 1053; x_wconf 88' lang='lat' dir='ltr'>minorem,</span> <span class='ocrx_word' id='word_1_120' title='bbox 1099 1019 1185 1045; x_wconf 89' lang='lat' dir='ltr'>eum</span> <span class='ocrx_word' id='word_1_121' title='bbox 1206 1008 1413 1056; x_wconf 88' lang='lat' dir='ltr'>imperator</span> <span class='ocrx_word' id='word_1_122' title='bbox 1435 1008 1516 1056; x_wconf 86' lang='lat' dir='ltr'>ipse</span> <span class='ocrx_word' id='word_1_123' title='bbox 1541 1014 1710 1055; x_wconf 89' lang='lat' dir='ltr'>tempore</span> <span class='ocrx_word' id='word_1_124' title='bbox 1731 1006 1798 1043; x_wconf 91' lang='lat' dir='ltr'>illo</span> <span class='ocrx_word' id='word_1_125' title='bbox 1821 1008 2062 1056; x_wconf 85' lang='lat' dir='ltr'>sempiternis</span> 
     </span>
     <span class='ocr_line' id='line_1_15' title="bbox 273 1064 2064 1114; baseline 0 -14"><span class='ocrx_word' id='word_1_126' title='bbox 273 1064 460 1112; x_wconf 81' lang='lat' dir='ltr'>pecuniae</span> <span class='ocrx_word' id='word_1_127' title='bbox 492 1066 681 1112; x_wconf 84' lang='lat' dir='ltr'>angustiis</span> <span class='ocrx_word' id='word_1_128' title='bbox 712 1070 958 1113; x_wconf 82' lang='lat' dir='ltr'>premeretur,</span> <span class='ocrx_word' id='word_1_129' title='bbox 992 1066 1045 1102; x_wconf 89' lang='lat' dir='ltr'>ita</span> <span class='ocrx_word' id='word_1_130' title='bbox 1067 1070 1109 1102; x_wconf 93' lang='lat' dir='ltr'>ut</span> <span class='ocrx_word' id='word_1_131' title='bbox 1129 1064 1320 1114; x_wconf 86' lang='lat' dir='ltr'>Keplerus</span> <span class='ocrx_word' id='word_1_132' title='bbox 1352 1066 1417 1101; x_wconf 84' lang='lat' dir='ltr'>vix</span> <span class='ocrx_word' id='word_1_133' title='bbox 1440 1075 1581 1112; x_wconf 85' lang='lat' dir='ltr'>magna</span> <span class='ocrx_word' id='word_1_134' title='bbox 1603 1075 1731 1114; x_wconf 82' lang='lat' dir='ltr'>opera,</span> <span class='ocrx_word' id='word_1_135' title='bbox 1765 1066 1916 1113; x_wconf 84' lang='lat' dir='ltr'>magnis</span> <span class='ocrx_word' id='word_1_136' title='bbox 1937 1066 2064 1114; x_wconf 83' lang='lat' dir='ltr'>preci-</span> 
     </span>
     <span class='ocr_line' id='line_1_16' title="bbox 273 1121 2063 1172; baseline 0.001 -14"><span class='ocrx_word' id='word_1_137' title='bbox 273 1122 346 1158; x_wconf 92' lang='lat' dir='ltr'>bus</span> <span class='ocrx_word' id='word_1_138' title='bbox 379 1121 562 1167; x_wconf 86' lang='lat' dir='ltr'>efticeret‚</span> <span class='ocrx_word' id='word_1_139' title='bbox 605 1127 646 1159; x_wconf 88' lang='lat' dir='ltr'>ut</span> <span class='ocrx_word' id='word_1_140' title='bbox 677 1122 862 1160; x_wconf 81' lang='lat' dir='ltr'>mercedis</span> <span class='ocrx_word' id='word_1_141' title='bbox 895 1127 1041 1172; x_wconf 89' lang='lat' dir='ltr'>partem</span> <span class='ocrx_word' id='word_1_142' title='bbox 1080 1123 1217 1161; x_wconf 87' lang='lat' dir='ltr'>saltem</span> <span class='ocrx_word' id='word_1_143' title='bbox 1250 1122 1421 1170; x_wconf 82' lang='lat' dir='ltr'>aliquam</span> <span class='ocrx_word' id='word_1_144' title='bbox 1459 1128 1722 1171; x_wconf 53' lang='lat' dir='ltr'>extorqueren</span> <span class='ocrx_word' id='word_1_145' title='bbox 1765 1128 1898 1160; x_wconf 88' lang='lat' dir='ltr'>contra</span> <span class='ocrx_word' id='word_1_146' title='bbox 1938 1122 2063 1168; x_wconf 86' lang='lat' dir='ltr'>desiit,</span> 
     </span>
     <span class='ocr_line' id='line_1_17' title="bbox 275 1179 2064 1230; baseline 0.001 -14"><span class='ocrx_word' id='word_1_147' title='bbox 275 1179 460 1228; x_wconf 82' lang='lat' dir='ltr'>Tychone</span> <span class='ocrx_word' id='word_1_148' title='bbox 492 1186 665 1227; x_wconf 91' lang='lat' dir='ltr'>mortuo,</span> <span class='ocrx_word' id='word_1_149' title='bbox 709 1181 807 1217; x_wconf 88' lang='lat' dir='ltr'>alius</span> <span class='ocrx_word' id='word_1_150' title='bbox 839 1180 1005 1229; x_wconf 81' lang='lat' dir='ltr'>alicujus</span> <span class='ocrx_word' id='word_1_151' title='bbox 1037 1180 1192 1230; x_wconf 85' lang='lat' dir='ltr'>adjutor</span> <span class='ocrx_word' id='word_1_152' title='bbox 1221 1186 1258 1218; x_wconf 91' lang='lat' dir='ltr'>et</span> <span class='ocrx_word' id='word_1_153' title='bbox 1288 1182 1460 1218; x_wconf 87' lang='lat' dir='ltr'>minister</span> <span class='ocrx_word' id='word_1_154' title='bbox 1497 1192 1593 1218; x_wconf 85' lang='lat' dir='ltr'>esse.</span> <span class='ocrx_word' id='word_1_155' title='bbox 1655 1180 1782 1229; x_wconf 79' lang='lat' dir='ltr'>Magis</span> <span class='ocrx_word' id='word_1_156' title='bbox 1815 1182 1916 1218; x_wconf 88' lang='lat' dir='ltr'>enim</span> <span class='ocrx_word' id='word_1_157' title='bbox 1947 1192 2064 1229; x_wconf 86' lang='lat' dir='ltr'>quam</span> 
     </span>
     <span class='ocr_line' id='line_1_18' title="bbox 275 1238 2064 1290; baseline 0.001 -16"><span class='ocrx_word' id='word_1_158' title='bbox 275 1243 391 1275; x_wconf 86' lang='lat' dir='ltr'>antea</span> <span class='ocrx_word' id='word_1_159' title='bbox 422 1238 628 1275; x_wconf 87' lang='lat' dir='ltr'>multorum</span> <span class='ocrx_word' id='word_1_160' title='bbox 661 1238 916 1287; x_wconf 82' lang='lat' dir='ltr'>Pragensium</span> <span class='ocrx_word' id='word_1_161' title='bbox 947 1239 1103 1276; x_wconf 82' lang='lat' dir='ltr'>habitus</span> <span class='ocrx_word' id='word_1_162' title='bbox 1137 1244 1195 1277; x_wconf 91' lang='lat' dir='ltr'>est</span> <span class='ocrx_word' id='word_1_163' title='bbox 1228 1239 1439 1285; x_wconf 84' lang='lat' dir='ltr'>oraculum,</span> <span class='ocrx_word' id='word_1_164' title='bbox 1473 1238 1575 1288; x_wconf 86' lang='lat' dir='ltr'>apud</span> <span class='ocrx_word' id='word_1_165' title='bbox 1608 1240 1875 1290; x_wconf 79' lang='lat' dir='ltr'>imperatorem</span> <span class='ocrx_word' id='word_1_166' title='bbox 1896 1240 2064 1277; x_wconf 80' lang='lat' dir='ltr'>maxima</span> 
     </span>
     <span class='ocr_line' id='line_1_19' title="bbox 274 1296 2063 1345; baseline 0.001 -13"><span class='ocrx_word' id='word_1_167' title='bbox 274 1307 367 1332; x_wconf 88' lang='lat' dir='ltr'>usus</span> <span class='ocrx_word' id='word_1_168' title='bbox 400 1301 457 1334; x_wconf 90' lang='lat' dir='ltr'>est</span> <span class='ocrx_word' id='word_1_169' title='bbox 488 1298 624 1345; x_wconf 81' lang='lat' dir='ltr'>gratia,</span> <span class='ocrx_word' id='word_1_170' title='bbox 659 1298 719 1334; x_wconf 88' lang='lat' dir='ltr'>cui</span> <span class='ocrx_word' id='word_1_171' title='bbox 753 1296 799 1334; x_wconf 90' lang='lat' dir='ltr'>de</span> <span class='ocrx_word' id='word_1_172' title='bbox 831 1297 1126 1344; x_wconf 79' lang='lat' dir='ltr'>mathematicis,</span> <span class='ocrx_word' id='word_1_173' title='bbox 1162 1297 1207 1334; x_wconf 91' lang='lat' dir='ltr'>de</span> <span class='ocrx_word' id='word_1_174' title='bbox 1239 1298 1504 1334; x_wconf 82' lang='lat' dir='ltr'>instrumentis</span> <span class='ocrx_word' id='word_1_175' title='bbox 1536 1298 1825 1344; x_wconf 79' lang='lat' dir='ltr'>astronomicis,</span> <span class='ocrx_word' id='word_1_176' title='bbox 1860 1297 1905 1334; x_wconf 91' lang='lat' dir='ltr'>de</span> <span class='ocrx_word' id='word_1_177' title='bbox 1938 1303 2063 1334; x_wconf 86' lang='lat' dir='ltr'>astro-</span> 
     </span>
     <span class='ocr_line' id='line_1_20' title="bbox 274 1354 2063 1405; baseline 0.002 -15"><span class='ocrx_word' id='word_1_178' title='bbox 274 1355 402 1391; x_wconf 87' lang='lat' dir='ltr'>nomia</span> <span class='ocrx_word' id='word_1_179' title='bbox 435 1359 473 1392; x_wconf 89' lang='lat' dir='ltr'>et</span> <span class='ocrx_word' id='word_1_180' title='bbox 505 1354 727 1402; x_wconf 80' lang='lat' dir='ltr'>astrologia,</span> <span class='ocrx_word' id='word_1_181' title='bbox 760 1357 916 1404; x_wconf 84' lang='lat' dir='ltr'>saepius</span> <span class='ocrx_word' id='word_1_182' title='bbox 948 1367 1103 1404; x_wconf 89' lang='lat' dir='ltr'>quoque</span> <span class='ocrx_word' id='word_1_183' title='bbox 1135 1355 1181 1393; x_wconf 88' lang='lat' dir='ltr'>de</span> <span class='ocrx_word' id='word_1_184' title='bbox 1212 1356 1327 1392; x_wconf 90' lang='lat' dir='ltr'>rebus</span> <span class='ocrx_word' id='word_1_185' title='bbox 1359 1355 1523 1405; x_wconf 81' lang='lat' dir='ltr'>publicis</span> <span class='ocrx_word' id='word_1_186' title='bbox 1557 1361 1593 1392; x_wconf 90' lang='lat' dir='ltr'>et</span> <span class='ocrx_word' id='word_1_187' title='bbox 1625 1366 1752 1392; x_wconf 86' lang='lat' dir='ltr'>coram</span> <span class='ocrx_word' id='word_1_188' title='bbox 1783 1360 1822 1392; x_wconf 89' lang='lat' dir='ltr'>et</span> <span class='ocrx_word' id='word_1_189' title='bbox 1852 1355 1970 1393; x_wconf 89' lang='lat' dir='ltr'>literis</span> <span class='ocrx_word' id='word_1_190' title='bbox 2000 1367 2063 1393; x_wconf 88' lang='lat' dir='ltr'>re-</span> 
     </span>
     <span class='ocr_line' id='line_1_21' title="bbox 273 1412 2063 1462; baseline 0.002 -14"><span class='ocrx_word' id='word_1_191' title='bbox 273 1413 404 1459; x_wconf 84' lang='lat' dir='ltr'>serret;</span> <span class='ocrx_word' id='word_1_192' title='bbox 437 1412 689 1461; x_wconf 84' lang='lat' dir='ltr'>Pragensium</span> <span class='ocrx_word' id='word_1_193' title='bbox 720 1413 949 1450; x_wconf 85' lang='lat' dir='ltr'>nobilissimi</span> <span class='ocrx_word' id='word_1_194' title='bbox 981 1415 1124 1462; x_wconf 84' lang='lat' dir='ltr'>quique</span> <span class='ocrx_word' id='word_1_195' title='bbox 1156 1414 1332 1451; x_wconf 85' lang='lat' dir='ltr'>maximis</span> <span class='ocrx_word' id='word_1_196' title='bbox 1364 1414 1588 1451; x_wconf 86' lang='lat' dir='ltr'>muneribus</span> <span class='ocrx_word' id='word_1_197' title='bbox 1621 1414 1879 1462; x_wconf 85' lang='lat' dir='ltr'>fungebantur</span> <span class='ocrx_word' id='word_1_198' title='bbox 1910 1413 1993 1462; x_wconf 89' lang='lat' dir='ltr'>ejus</span> <span class='ocrx_word' id='word_1_199' title='bbox 2027 1418 2063 1451; x_wconf 90' lang='lat' dir='ltr'>et</span> 
     </span>
     <span class='ocr_line' id='line_1_22' title="bbox 272 1471 2064 1521; baseline 0.001 -14"><span class='ocrx_word' id='word_1_200' title='bbox 272 1472 482 1508; x_wconf 86' lang='lat' dir='ltr'>amicitiam</span> <span class='ocrx_word' id='word_1_201' title='bbox 513 1476 549 1508; x_wconf 90' lang='lat' dir='ltr'>et</span> <span class='ocrx_word' id='word_1_202' title='bbox 582 1471 784 1508; x_wconf 89' lang='lat' dir='ltr'>consilium</span> <span class='ocrx_word' id='word_1_203' title='bbox 816 1483 891 1509; x_wconf 91' lang='lat' dir='ltr'>non</span> <span class='ocrx_word' id='word_1_204' title='bbox 923 1473 1055 1509; x_wconf 89' lang='lat' dir='ltr'>minus</span> <span class='ocrx_word' id='word_1_205' title='bbox 1072 1484 1188 1521; x_wconf 87' lang='lat' dir='ltr'>quam</span> <span class='ocrx_word' id='word_1_206' title='bbox 1215 1473 1422 1521; x_wconf 87' lang='lat' dir='ltr'>imperator</span> <span class='ocrx_word' id='word_1_207' title='bbox 1453 1473 1535 1521; x_wconf 75' lang='lat' dir='ltr'>ipse</span> <span class='ocrx_word' id='word_1_208' title='bbox 1567 1473 1851 1521; x_wconf 87' lang='lat' dir='ltr'>appetiverunt,</span> <span class='ocrx_word' id='word_1_209' title='bbox 1883 1483 2064 1509; x_wconf 88' lang='lat' dir='ltr'>nonnun-</span> 
     </span>
     <span class='ocr_line' id='line_1_23' title="bbox 273 1529 2064 1580; baseline 0.002 -15"><span class='ocrx_word' id='word_1_210' title='bbox 273 1541 388 1577; x_wconf 84' lang='lat' dir='ltr'>quam</span> <span class='ocrx_word' id='word_1_211' title='bbox 420 1540 574 1577; x_wconf 89' lang='lat' dir='ltr'>quoque</span> <span class='ocrx_word' id='word_1_212' title='bbox 617 1541 682 1578; x_wconf 87' lang='lat' dir='ltr'>per</span> <span class='ocrx_word' id='word_1_213' title='bbox 713 1529 924 1580; x_wconf 87' lang='lat' dir='ltr'>Keplerum</span> <span class='ocrx_word' id='word_1_214' title='bbox 963 1541 1023 1568; x_wconf 90' lang='lat' dir='ltr'>res</span> <span class='ocrx_word' id='word_1_215' title='bbox 1062 1530 1237 1580; x_wconf 88' lang='lat' dir='ltr'>publicas</span> <span class='ocrx_word' id='word_1_216' title='bbox 1269 1530 1340 1567; x_wconf 90' lang='lat' dir='ltr'>sub</span> <span class='ocrx_word' id='word_1_217' title='bbox 1378 1530 1616 1578; x_wconf 81' lang='lat' dir='ltr'>astrologiae</span> <span class='ocrx_word' id='word_1_218' title='bbox 1654 1531 1782 1580; x_wconf 86' lang='lat' dir='ltr'>specie</span> <span class='ocrx_word' id='word_1_219' title='bbox 1815 1529 1864 1567; x_wconf 88' lang='lat' dir='ltr'>ad</span> <span class='ocrx_word' id='word_1_220' title='bbox 1895 1531 2064 1580; x_wconf 83' lang='lat' dir='ltr'>impera-</span> 
     </span>
     <span class='ocr_line' id='line_1_24' title="bbox 272 1587 600 1625; baseline 0 -2"><span class='ocrx_word' id='word_1_221' title='bbox 272 1593 392 1625; x_wconf 88' lang='lat' dir='ltr'>torem</span> <span class='ocrx_word' id='word_1_222' title='bbox 426 1587 600 1625; x_wconf 86' lang='lat' dir='ltr'>delaturi.</span> 
     </span>
    </p>

    <p class='ocr_par' dir='ltr' id='par_1_4' title="bbox 265 1644 2123 3032">
     <span class='ocr_line' id='line_1_25' title="bbox 411 1644 2063 1695; baseline 0 -13"><span class='ocrx_word' id='word_1_223' title='bbox 411 1644 599 1692; x_wconf 83' lang='lat' dir='ltr'>Quamvis</span> <span class='ocrx_word' id='word_1_224' title='bbox 631 1645 727 1683; x_wconf 89' lang='lat' dir='ltr'>haec</span> <span class='ocrx_word' id='word_1_225' title='bbox 757 1646 926 1684; x_wconf 85' lang='lat' dir='ltr'>maxima</span> <span class='ocrx_word' id='word_1_226' title='bbox 956 1647 1082 1684; x_wconf 82' lang='lat' dir='ltr'>mariti</span> <span class='ocrx_word' id='word_1_227' title='bbox 1105 1647 1327 1693; x_wconf 86' lang='lat' dir='ltr'>auctoritas,</span> <span class='ocrx_word' id='word_1_228' title='bbox 1363 1658 1448 1683; x_wconf 88' lang='lat' dir='ltr'>cum</span> <span class='ocrx_word' id='word_1_229' title='bbox 1481 1647 1591 1684; x_wconf 86' lang='lat' dir='ltr'>uxori</span> <span class='ocrx_word' id='word_1_230' title='bbox 1622 1657 1778 1695; x_wconf 85' lang='lat' dir='ltr'>quoque</span> <span class='ocrx_word' id='word_1_231' title='bbox 1809 1645 1957 1683; x_wconf 87' lang='lat' dir='ltr'>lumina</span> <span class='ocrx_word' id='word_1_232' title='bbox 1988 1645 2063 1683; x_wconf 84' lang='lat' dir='ltr'>ali-</span> 
     </span>
     <span class='ocr_line' id='line_1_26' title="bbox 273 1703 2062 1753; baseline 0.001 -14"><span class='ocrx_word' id='word_1_233' title='bbox 273 1715 350 1749; x_wconf 83' lang='lat' dir='ltr'>qua</span> <span class='ocrx_word' id='word_1_234' title='bbox 382 1703 550 1750; x_wconf 86' lang='lat' dir='ltr'>afferret,</span> <span class='ocrx_word' id='word_1_235' title='bbox 593 1703 765 1753; x_wconf 86' lang='lat' dir='ltr'>paullum</span> <span class='ocrx_word' id='word_1_236' title='bbox 806 1703 1075 1752; x_wconf 85' lang='lat' dir='ltr'>jucundiorem</span> <span class='ocrx_word' id='word_1_237' title='bbox 1119 1706 1151 1742; x_wconf 92' lang='lat' dir='ltr'>ei</span> <span class='ocrx_word' id='word_1_238' title='bbox 1185 1704 1335 1753; x_wconf 85' lang='lat' dir='ltr'>Pragae</span> <span class='ocrx_word' id='word_1_239' title='bbox 1375 1705 1496 1742; x_wconf 82' lang='lat' dir='ltr'>vitam</span> <span class='ocrx_word' id='word_1_240' title='bbox 1539 1704 1738 1750; x_wconf 88' lang='lat' dir='ltr'>redderet,</span> <span class='ocrx_word' id='word_1_241' title='bbox 1780 1709 1910 1742; x_wconf 86' lang='lat' dir='ltr'>tamen</span> <span class='ocrx_word' id='word_1_242' title='bbox 1949 1715 2062 1741; x_wconf 88' lang='lat' dir='ltr'>curae</span> 
     </span>
     <span class='ocr_line' id='line_1_27' title="bbox 273 1761 2063 1810; baseline 0.002 -14"><span class='ocrx_word' id='word_1_243' title='bbox 273 1761 509 1799; x_wconf 85' lang='lat' dir='ltr'>domesticae</span> <span class='ocrx_word' id='word_1_244' title='bbox 547 1764 701 1800; x_wconf 84' lang='lat' dir='ltr'>minime</span> <span class='ocrx_word' id='word_1_245' title='bbox 745 1762 957 1809; x_wconf 87' lang='lat' dir='ltr'>desierunt,</span> <span class='ocrx_word' id='word_1_246' title='bbox 1005 1769 1041 1799; x_wconf 91' lang='lat' dir='ltr'>et</span> <span class='ocrx_word' id='word_1_247' title='bbox 1073 1774 1095 1800; x_wconf 85' lang='lat' dir='ltr'>a</span> <span class='ocrx_word' id='word_1_248' title='bbox 1127 1762 1304 1809; x_wconf 74' lang='lat' dir='ltr'>muliere,</span> <span class='ocrx_word' id='word_1_249' title='bbox 1350 1774 1450 1810; x_wconf 85' lang='lat' dir='ltr'>quae</span> <span class='ocrx_word' id='word_1_250' title='bbox 1496 1762 1597 1800; x_wconf 91' lang='lat' dir='ltr'>domi</span> <span class='ocrx_word' id='word_1_251' title='bbox 1639 1764 1742 1801; x_wconf 87' lang='lat' dir='ltr'>vitae</span> <span class='ocrx_word' id='word_1_252' title='bbox 1786 1767 1943 1800; x_wconf 85' lang='lat' dir='ltr'>assueta</span> <span class='ocrx_word' id='word_1_253' title='bbox 1983 1769 2063 1800; x_wconf 86' lang='lat' dir='ltr'>erat</span> 
     </span>
     <span class='ocr_line' id='line_1_28' title="bbox 273 1819 2062 1871; baseline 0.001 -15"><span class='ocrx_word' id='word_1_254' title='bbox 273 1819 506 1867; x_wconf 83' lang='lat' dir='ltr'>opulentiori</span> <span class='ocrx_word' id='word_1_255' title='bbox 547 1819 677 1871; x_wconf 58' lang='lat' dir='ltr'>(„Non</span> <span class='ocrx_word' id='word_1_256' title='bbox 719 1823 893 1858; x_wconf 85' lang='lat' dir='ltr'>assuevit</span> <span class='ocrx_word' id='word_1_257' title='bbox 935 1832 1030 1858; x_wconf 85' lang='lat' dir='ltr'>uxor</span> <span class='ocrx_word' id='word_1_258' title='bbox 1066 1833 1153 1859; x_wconf 89' lang='lat' dir='ltr'>mea</span> <span class='ocrx_word' id='word_1_259' title='bbox 1191 1821 1292 1858; x_wconf 79' lang='lat' dir='ltr'>fabis</span> <span class='ocrx_word' id='word_1_260' title='bbox 1331 1822 1534 1858; x_wconf 77' lang='lat' dir='ltr'>victitare“</span> <span class='ocrx_word' id='word_1_261' title='bbox 1580 1820 1772 1870; x_wconf 83' lang='lat' dir='ltr'>Keplerus</span> <span class='ocrx_word' id='word_1_262' title='bbox 1814 1822 1969 1870; x_wconf 84' lang='lat' dir='ltr'>scripsit</span> <span class='ocrx_word' id='word_1_263' title='bbox 2013 1820 2062 1857; x_wconf 88' lang='lat' dir='ltr'>ad</span> 
     </span>
     <span class='ocr_line' id='line_1_29' title="bbox 271 1877 2062 1930; baseline 0.001 -16"><span class='ocrx_word' id='word_1_264' title='bbox 271 1878 535 1925; x_wconf 85' lang='lat' dir='ltr'>Maestlinum,</span> <span class='ocrx_word' id='word_1_265' title='bbox 570 1891 654 1916; x_wconf 92' lang='lat' dir='ltr'>cum</span> <span class='ocrx_word' id='word_1_266' title='bbox 686 1878 732 1916; x_wconf 88' lang='lat' dir='ltr'>de</span> <span class='ocrx_word' id='word_1_267' title='bbox 765 1880 846 1916; x_wconf 88' lang='lat' dir='ltr'>vita</span> <span class='ocrx_word' id='word_1_268' title='bbox 878 1879 1117 1927; x_wconf 83' lang='lat' dir='ltr'>Tubingensi</span> <span class='ocrx_word' id='word_1_269' title='bbox 1151 1891 1237 1917; x_wconf 89' lang='lat' dir='ltr'>eum</span> <span class='ocrx_word' id='word_1_270' title='bbox 1270 1877 1548 1930; x_wconf 84' lang='lat' dir='ltr'>interrogaret),</span> <span class='ocrx_word' id='word_1_271' title='bbox 1582 1890 1707 1917; x_wconf 91' lang='lat' dir='ltr'>mores</span> <span class='ocrx_word' id='word_1_272' title='bbox 1739 1880 1866 1928; x_wconf 89' lang='lat' dir='ltr'>patrii,</span> <span class='ocrx_word' id='word_1_273' title='bbox 1898 1890 1958 1916; x_wconf 90' lang='lat' dir='ltr'>res</span> <span class='ocrx_word' id='word_1_274' title='bbox 1991 1878 2062 1916; x_wconf 88' lang='lat' dir='ltr'>do-</span> 
     </span>
     <span class='ocr_line' id='line_1_30' title="bbox 271 1936 2062 1986; baseline 0.001 -14"><span class='ocrx_word' id='word_1_275' title='bbox 271 1938 456 1974; x_wconf 86' lang='lat' dir='ltr'>mesticae</span> <span class='ocrx_word' id='word_1_276' title='bbox 489 1948 638 1986; x_wconf 86' lang='lat' dir='ltr'>semper</span> <span class='ocrx_word' id='word_1_277' title='bbox 660 1942 750 1974; x_wconf 88' lang='lat' dir='ltr'>sunt</span> <span class='ocrx_word' id='word_1_278' title='bbox 772 1937 886 1975; x_wconf 85' lang='lat' dir='ltr'>valde</span> <span class='ocrx_word' id='word_1_279' title='bbox 919 1937 1173 1976; x_wconf 79' lang='lat' dir='ltr'>desideratae.</span> <span class='ocrx_word' id='word_1_280' title='bbox 1237 1937 1323 1975; x_wconf 86' lang='lat' dir='ltr'>Huc</span> <span class='ocrx_word' id='word_1_281' title='bbox 1355 1937 1516 1983; x_wconf 87' lang='lat' dir='ltr'>accedit,</span> <span class='ocrx_word' id='word_1_282' title='bbox 1556 1937 1661 1986; x_wconf 89' lang='lat' dir='ltr'>quod</span> <span class='ocrx_word' id='word_1_283' title='bbox 1693 1949 1794 1986; x_wconf 90' lang='lat' dir='ltr'>quae</span> <span class='ocrx_word' id='word_1_284' title='bbox 1823 1936 1985 1986; x_wconf 88' lang='lat' dir='ltr'>Kepleri</span> <span class='ocrx_word' id='word_1_285' title='bbox 2017 1936 2062 1974; x_wconf 89' lang='lat' dir='ltr'>de</span> 
     </span>
     <span class='ocr_line' id='line_1_31' title="bbox 272 1995 2062 2044; baseline 0.001 -13"><span class='ocrx_word' id='word_1_286' title='bbox 272 1995 386 2031; x_wconf 86' lang='lat' dir='ltr'>rebus</span> <span class='ocrx_word' id='word_1_287' title='bbox 419 1995 583 2042; x_wconf 90' lang='lat' dir='ltr'>divinis,</span> <span class='ocrx_word' id='word_1_288' title='bbox 627 1995 673 2033; x_wconf 87' lang='lat' dir='ltr'>de</span> <span class='ocrx_word' id='word_1_289' title='bbox 706 1995 945 2033; x_wconf 85' lang='lat' dir='ltr'>Concordiae</span> <span class='ocrx_word' id='word_1_290' title='bbox 979 1996 1161 2032; x_wconf 87' lang='lat' dir='ltr'>Formula</span> <span class='ocrx_word' id='word_1_291' title='bbox 1191 2007 1269 2033; x_wconf 86' lang='lat' dir='ltr'>non</span> <span class='ocrx_word' id='word_1_292' title='bbox 1300 1995 1526 2044; x_wconf 85' lang='lat' dir='ltr'>simpliciter</span> <span class='ocrx_word' id='word_1_293' title='bbox 1558 1995 1850 2042; x_wconf 90' lang='lat' dir='ltr'>subscribenda,</span> <span class='ocrx_word' id='word_1_294' title='bbox 1883 2007 2062 2044; x_wconf 89' lang='lat' dir='ltr'>quaeque</span> 
     </span>
     <span class='ocr_line' id='line_1_32' title="bbox 272 2053 2063 2092; baseline 0 -3"><span class='ocrx_word' id='word_1_295' title='bbox 272 2064 357 2089; x_wconf 83' lang='lat' dir='ltr'>eum</span> <span class='ocrx_word' id='word_1_296' title='bbox 390 2054 557 2090; x_wconf 85' lang='lat' dir='ltr'>maxima</span> <span class='ocrx_word' id='word_1_297' title='bbox 589 2054 858 2091; x_wconf 88' lang='lat' dir='ltr'>acerrimorum</span> <span class='ocrx_word' id='word_1_298' title='bbox 880 2053 1127 2091; x_wconf 87' lang='lat' dir='ltr'>Lutheranae</span> <span class='ocrx_word' id='word_1_299' title='bbox 1161 2053 1248 2091; x_wconf 83' lang='lat' dir='ltr'>fidei</span> <span class='ocrx_word' id='word_1_300' title='bbox 1273 2053 1461 2091; x_wconf 89' lang='lat' dir='ltr'>cultorum</span> <span class='ocrx_word' id='word_1_301' title='bbox 1485 2054 1697 2092; x_wconf 80' lang='lat' dir='ltr'>offensione</span> <span class='ocrx_word' id='word_1_302' title='bbox 1721 2054 1766 2091; x_wconf 89' lang='lat' dir='ltr'>de</span> <span class='ocrx_word' id='word_1_303' title='bbox 1787 2053 1908 2091; x_wconf 87' lang='lat' dir='ltr'>Sacra</span> <span class='ocrx_word' id='word_1_304' title='bbox 1930 2053 2063 2091; x_wconf 84' lang='lat' dir='ltr'>Coena</span> 
     </span>
     <span class='ocr_line' id='line_1_33' title="bbox 271 2111 2062 2160; baseline 0.001 -13"><span class='ocrx_word' id='word_1_305' title='bbox 271 2113 487 2148; x_wconf 86' lang='lat' dir='ltr'>sententiae</span> <span class='ocrx_word' id='word_1_306' title='bbox 521 2117 660 2154; x_wconf 84' lang='lat' dir='ltr'>essent,</span> <span class='ocrx_word' id='word_1_307' title='bbox 693 2123 714 2149; x_wconf 87' lang='lat' dir='ltr'>a</span> <span class='ocrx_word' id='word_1_308' title='bbox 738 2111 896 2149; x_wconf 89' lang='lat' dir='ltr'>muliere</span> <span class='ocrx_word' id='word_1_309' title='bbox 928 2112 1094 2160; x_wconf 88' lang='lat' dir='ltr'>simplici</span> <span class='ocrx_word' id='word_1_310' title='bbox 1125 2118 1193 2149; x_wconf 85' lang='lat' dir='ltr'>aut</span> <span class='ocrx_word' id='word_1_311' title='bbox 1224 2124 1358 2160; x_wconf 86' lang='lat' dir='ltr'>parum</span> <span class='ocrx_word' id='word_1_312' title='bbox 1393 2111 1628 2159; x_wconf 84' lang='lat' dir='ltr'>intellectae,</span> <span class='ocrx_word' id='word_1_313' title='bbox 1661 2117 1728 2150; x_wconf 86' lang='lat' dir='ltr'>aut</span> <span class='ocrx_word' id='word_1_314' title='bbox 1759 2112 1809 2149; x_wconf 90' lang='lat' dir='ltr'>ab</span> <span class='ocrx_word' id='word_1_315' title='bbox 1840 2111 2062 2149; x_wconf 89' lang='lat' dir='ltr'>hominibus</span> 
     </span>
     <span class='ocr_line' id='line_1_34' title="bbox 271 2169 2062 2219; baseline 0.001 -14"><span class='ocrx_word' id='word_1_316' title='bbox 271 2169 560 2207; x_wconf 86' lang='lat' dir='ltr'>immoderatius</span> <span class='ocrx_word' id='word_1_317' title='bbox 600 2169 861 2207; x_wconf 81' lang='lat' dir='ltr'>Lutlieranam</span> <span class='ocrx_word' id='word_1_318' title='bbox 904 2170 1017 2207; x_wconf 88' lang='lat' dir='ltr'>fidem</span> <span class='ocrx_word' id='word_1_319' title='bbox 1059 2172 1299 2208; x_wconf 76' lang='lat' dir='ltr'>sectantibus</span> <span class='ocrx_word' id='word_1_320' title='bbox 1331 2172 1369 2206; x_wconf 89' lang='lat' dir='ltr'>in</span> <span class='ocrx_word' id='word_1_321' title='bbox 1401 2169 1539 2207; x_wconf 80' lang='lat' dir='ltr'>falsum</span> <span class='ocrx_word' id='word_1_322' title='bbox 1581 2176 1718 2208; x_wconf 87' lang='lat' dir='ltr'>auctae</span> <span class='ocrx_word' id='word_1_323' title='bbox 1751 2171 1882 2215; x_wconf 79' lang='lat' dir='ltr'>uxori,</span> <span class='ocrx_word' id='word_1_324' title='bbox 1925 2175 1966 2206; x_wconf 84' lang='lat' dir='ltr'>ut</span> <span class='ocrx_word' id='word_1_325' title='bbox 1995 2182 2062 2219; x_wconf 87' lang='lat' dir='ltr'>per</span> 
     </span>
     <span class='ocr_line' id='line_1_35' title="bbox 271 2227 2062 2276; baseline 0 -12"><span class='ocrx_word' id='word_1_326' title='bbox 271 2240 354 2264; x_wconf 87' lang='lat' dir='ltr'>eam</span> <span class='ocrx_word' id='word_1_327' title='bbox 389 2230 510 2276; x_wconf 85' lang='lat' dir='ltr'>ipsam</span> <span class='ocrx_word' id='word_1_328' title='bbox 552 2229 678 2265; x_wconf 88' lang='lat' dir='ltr'>mariti</span> <span class='ocrx_word' id='word_1_329' title='bbox 720 2229 888 2265; x_wconf 84' lang='lat' dir='ltr'>animum</span> <span class='ocrx_word' id='word_1_330' title='bbox 920 2228 1136 2274; x_wconf 85' lang='lat' dir='ltr'>flecterent,</span> <span class='ocrx_word' id='word_1_331' title='bbox 1181 2230 1217 2264; x_wconf 89' lang='lat' dir='ltr'>in</span> <span class='ocrx_word' id='word_1_332' title='bbox 1257 2240 1370 2266; x_wconf 87' lang='lat' dir='ltr'>aures</span> <span class='ocrx_word' id='word_1_333' title='bbox 1409 2230 1670 2266; x_wconf 87' lang='lat' dir='ltr'>insusurratae</span> <span class='ocrx_word' id='word_1_334' title='bbox 1709 2233 1809 2265; x_wconf 89' lang='lat' dir='ltr'>sunt.</span> <span class='ocrx_word' id='word_1_335' title='bbox 1870 2227 2062 2276; x_wconf 82' lang='lat' dir='ltr'>Keplerus</span> 
     </span>
     <span class='ocr_line' id='line_1_36' title="bbox 273 2286 2123 2337; baseline 0.001 -15"><span class='ocrx_word' id='word_1_336' title='bbox 273 2287 354 2334; x_wconf 83' lang='lat' dir='ltr'>ipse</span> <span class='ocrx_word' id='word_1_337' title='bbox 388 2286 542 2335; x_wconf 86' lang='lat' dir='ltr'>quidem</span> <span class='ocrx_word' id='word_1_338' title='bbox 575 2287 672 2323; x_wconf 88' lang='lat' dir='ltr'>bene</span> <span class='ocrx_word' id='word_1_339' title='bbox 705 2287 808 2323; x_wconf 80' lang='lat' dir='ltr'>eavit</span> <span class='ocrx_word' id='word_1_340' title='bbox 843 2286 1150 2337; x_wconf 71' lang='lat' dir='ltr'>„subtilitatibus</span> <span class='ocrx_word' id='word_1_341' title='bbox 1180 2287 1286 2324; x_wconf 83' lang='lat' dir='ltr'>suis“</span> <span class='ocrx_word' id='word_1_342' title='bbox 1323 2298 1406 2324; x_wconf 89' lang='lat' dir='ltr'>eam</span> <span class='ocrx_word' id='word_1_343' title='bbox 1439 2288 1599 2335; x_wconf 77' lang='lat' dir='ltr'>fatigare</span> <span class='ocrx_word' id='word_1_344' title='bbox 1631 2292 1749 2335; x_wconf 87' lang='lat' dir='ltr'>atque</span> <span class='ocrx_word' id='word_1_345' title='bbox 1781 2291 1823 2323; x_wconf 92' lang='lat' dir='ltr'>ut</span> <span class='ocrx_word' id='word_1_346' title='bbox 1854 2286 1975 2332; x_wconf 91' lang='lat' dir='ltr'>domi,</span> <span class='ocrx_word' id='word_1_347' title='bbox 2009 2287 2063 2323; x_wconf 87' lang='lat' dir='ltr'>ita</span> <span class='ocrx_word' id='word_1_348' title='bbox 2122 2302 2123 2327; x_wconf 54' lang='lat' dir='ltr'>t</span> 
     </span>
     <span class='ocr_line' id='line_1_37' title="bbox 271 2343 2123 2394; baseline 0.001 -14"><span class='ocrx_word' id='word_1_349' title='bbox 271 2344 399 2393; x_wconf 84' lang='lat' dir='ltr'>palam</span> <span class='ocrx_word' id='word_1_350' title='bbox 433 2355 541 2382; x_wconf 84' lang='lat' dir='ltr'>sacro</span> <span class='ocrx_word' id='word_1_351' title='bbox 575 2346 669 2381; x_wconf 84' lang='lat' dir='ltr'>mori</span> <span class='ocrx_word' id='word_1_352' title='bbox 701 2343 852 2392; x_wconf 70' lang='lat' dir='ltr'>Pragae</span> <span class='ocrx_word' id='word_1_353' title='bbox 885 2350 1039 2394; x_wconf 86' lang='lat' dir='ltr'>recepto</span> <span class='ocrx_word' id='word_1_354' title='bbox 1071 2356 1223 2393; x_wconf 88' lang='lat' dir='ltr'>semper</span> <span class='ocrx_word' id='word_1_355' title='bbox 1254 2343 1426 2382; x_wconf 89' lang='lat' dir='ltr'>indulsit.</span> <span class='ocrx_word' id='word_1_356' title='bbox 1490 2345 1547 2382; x_wconf 90' lang='lat' dir='ltr'>De</span> <span class='ocrx_word' id='word_1_357' title='bbox 1579 2345 1717 2382; x_wconf 83' lang='lat' dir='ltr'>studiis</span> <span class='ocrx_word' id='word_1_358' title='bbox 1761 2355 1852 2381; x_wconf 89' lang='lat' dir='ltr'>vero</span> <span class='ocrx_word' id='word_1_359' title='bbox 1883 2349 2062 2381; x_wconf 88' lang='lat' dir='ltr'>astrono-</span> <span class='ocrx_word' id='word_1_360' title='bbox 2120 2352 2123 2382; x_wconf 69' lang='lat' dir='ltr'><strong>J</strong></span> 
     </span>
     <span class='ocr_line' id='line_1_38' title="bbox 272 2397 2121 2451; baseline 0.002 -13"><span class='ocrx_word' id='word_1_361' title='bbox 272 2403 379 2439; x_wconf 90' lang='lat' dir='ltr'>micis</span> <span class='ocrx_word' id='word_1_362' title='bbox 413 2407 449 2439; x_wconf 90' lang='lat' dir='ltr'>et</span> <span class='ocrx_word' id='word_1_363' title='bbox 481 2403 646 2450; x_wconf 75' lang='lat' dir='ltr'>negotiis</span> <span class='ocrx_word' id='word_1_364' title='bbox 679 2402 922 2451; x_wconf 71' lang='lat' dir='ltr'>astrologicis</span> <span class='ocrx_word' id='word_1_365' title='bbox 965 2414 1050 2440; x_wconf 89' lang='lat' dir='ltr'>cum</span> <span class='ocrx_word' id='word_1_366' title='bbox 1091 2414 1210 2439; x_wconf 81' lang='lat' dir='ltr'>uxore</span> <span class='ocrx_word' id='word_1_367' title='bbox 1248 2414 1295 2440; x_wconf 89' lang='lat' dir='ltr'>ne</span> <span class='ocrx_word' id='word_1_368' title='bbox 1334 2403 1493 2441; x_wconf 86' lang='lat' dir='ltr'>minima</span> <span class='ocrx_word' id='word_1_369' title='bbox 1533 2402 1688 2451; x_wconf 87' lang='lat' dir='ltr'>quidem</span> <span class='ocrx_word' id='word_1_370' title='bbox 1726 2402 1953 2441; x_wconf 86' lang='lat' dir='ltr'>disseruisse</span> <span class='ocrx_word' id='word_1_371' title='bbox 1994 2414 2062 2451; x_wconf 89' lang='lat' dir='ltr'>par</span> <span class='ocrx_word' id='word_1_372' title='bbox 2118 2397 2121 2442; x_wconf 64' lang='lat' dir='ltr'>J</span> 
     </span>
     <span class='ocr_line' id='line_1_39' title="bbox 268 2451 2119 2509; baseline 0.001 -12"><span class='ocrx_word' id='word_1_373' title='bbox 268 2465 336 2498; x_wconf 89' lang='lat' dir='ltr'>est.</span> <span class='ocrx_word' id='word_1_374' title='bbox 402 2461 455 2497; x_wconf 66' lang='lat' dir='ltr'>lix</span> <span class='ocrx_word' id='word_1_375' title='bbox 488 2461 651 2509; x_wconf 86' lang='lat' dir='ltr'>epistola</span> <span class='ocrx_word' id='word_1_376' title='bbox 687 2466 816 2497; x_wconf 85' lang='lat' dir='ltr'>autem</span> <span class='ocrx_word' id='word_1_377' title='bbox 848 2467 936 2509; x_wconf 88' lang='lat' dir='ltr'>post</span> <span class='ocrx_word' id='word_1_378' title='bbox 967 2461 1097 2498; x_wconf 83' lang='lat' dir='ltr'>uxoris</span> <span class='ocrx_word' id='word_1_379' title='bbox 1140 2464 1299 2498; x_wconf 90' lang='lat' dir='ltr'>mortem</span> <span class='ocrx_word' id='word_1_380' title='bbox 1331 2462 1474 2509; x_wconf 87' lang='lat' dir='ltr'>scripta</span> <span class='ocrx_word' id='word_1_381' title='bbox 1506 2463 1831 2506; x_wconf 76' lang='lat' dir='ltr'>(v.S.p.811ss.)</span> <span class='ocrx_word' id='word_1_382' title='bbox 1872 2461 2061 2508; x_wconf 88' lang='lat' dir='ltr'>conjicere</span> <span class='ocrx_word' id='word_1_383' title='bbox 2118 2451 2119 2458; x_wconf 12' lang='grc' dir='ltr'>ἵ</span> 
     </span>
     <span class='ocr_line' id='line_1_40' title="bbox 268 2517 2118 2567; baseline 0.001 -12"><span class='ocrx_word' id='word_1_384' title='bbox 268 2519 376 2564; x_wconf 89' lang='lat' dir='ltr'>licet,</span> <span class='ocrx_word' id='word_1_385' title='bbox 411 2523 448 2555; x_wconf 88' lang='lat' dir='ltr'>et</span> <span class='ocrx_word' id='word_1_386' title='bbox 479 2518 525 2556; x_wconf 90' lang='lat' dir='ltr'>de</span> <span class='ocrx_word' id='word_1_387' title='bbox 556 2521 681 2556; x_wconf 87' lang='lat' dir='ltr'>mariti</span> <span class='ocrx_word' id='word_1_388' title='bbox 714 2518 969 2567; x_wconf 79' lang='lat' dir='ltr'>religionibus</span> <span class='ocrx_word' id='word_1_389' title='bbox 1002 2524 1039 2556; x_wconf 87' lang='lat' dir='ltr'>et</span> <span class='ocrx_word' id='word_1_390' title='bbox 1071 2518 1116 2555; x_wconf 86' lang='lat' dir='ltr'>de</span> <span class='ocrx_word' id='word_1_391' title='bbox 1149 2518 1232 2566; x_wconf 88' lang='lat' dir='ltr'>ejus</span> <span class='ocrx_word' id='word_1_392' title='bbox 1265 2520 1432 2567; x_wconf 71' lang='lat' dir='ltr'>negotiis</span> <span class='ocrx_word' id='word_1_393' title='bbox 1465 2517 1709 2567; x_wconf 86' lang='lat' dir='ltr'>astrologicis</span> <span class='ocrx_word' id='word_1_394' title='bbox 1746 2518 1795 2555; x_wconf 84' lang='lat' dir='ltr'>ab</span> <span class='ocrx_word' id='word_1_395' title='bbox 1827 2518 2061 2565; x_wconf 83' lang='lat' dir='ltr'>hominibus,</span> <span class='ocrx_word' id='word_1_396' title='bbox 2116 2538 2118 2543; x_wconf 41' lang='grc' dir='ltr'><em>ν</em></span> 
     </span>
     <span class='ocr_line' id='line_1_41' title="bbox 270 2576 2116 2625; baseline -0.001 -12"><span class='ocrx_word' id='word_1_397' title='bbox 270 2577 409 2624; x_wconf 89' lang='lat' dir='ltr'>quibus</span> <span class='ocrx_word' id='word_1_398' title='bbox 442 2578 595 2614; x_wconf 88' lang='lat' dir='ltr'>minime</span> <span class='ocrx_word' id='word_1_399' title='bbox 627 2576 782 2621; x_wconf 86' lang='lat' dir='ltr'>liceret,</span> <span class='ocrx_word' id='word_1_400' title='bbox 830 2578 863 2614; x_wconf 87' lang='lat' dir='ltr'>ei</span> <span class='ocrx_word' id='word_1_401' title='bbox 906 2588 965 2613; x_wconf 86' lang='lat' dir='ltr'>res</span> <span class='ocrx_word' id='word_1_402' title='bbox 1005 2588 1087 2614; x_wconf 89' lang='lat' dir='ltr'>esse</span> <span class='ocrx_word' id='word_1_403' title='bbox 1129 2576 1296 2624; x_wconf 87' lang='lat' dir='ltr'>delatas,</span> <span class='ocrx_word' id='word_1_404' title='bbox 1342 2578 1483 2625; x_wconf 90' lang='lat' dir='ltr'>quibus</span> <span class='ocrx_word' id='word_1_405' title='bbox 1526 2578 1580 2613; x_wconf 89' lang='lat' dir='ltr'>ita</span> <span class='ocrx_word' id='word_1_406' title='bbox 1622 2578 1750 2613; x_wconf 85' lang='lat' dir='ltr'>animo</span> <span class='ocrx_word' id='word_1_407' title='bbox 1791 2576 2064 2614; x_wconf 86' lang='lat' dir='ltr'>sollicitaretur</span> <span class='ocrx_word' id='word_1_408' title='bbox 2114 2587 2116 2619; x_wconf 63' lang='lat' dir='ltr'><em>g</em></span> 
     </span>
     <span class='ocr_line' id='line_1_42' title="bbox 269 2630 2115 2683; baseline -0.001 -11"><span class='ocrx_word' id='word_1_409' title='bbox 269 2641 305 2672; x_wconf 88' lang='lat' dir='ltr'>et</span> <span class='ocrx_word' id='word_1_410' title='bbox 337 2640 563 2683; x_wconf 83' lang='lat' dir='ltr'>angeretur,</span> <span class='ocrx_word' id='word_1_411' title='bbox 597 2640 639 2671; x_wconf 91' lang='lat' dir='ltr'>ut</span> <span class='ocrx_word' id='word_1_412' title='bbox 671 2634 716 2672; x_wconf 92' lang='lat' dir='ltr'>de</span> <span class='ocrx_word' id='word_1_413' title='bbox 748 2636 884 2672; x_wconf 89' lang='lat' dir='ltr'>marito</span> <span class='ocrx_word' id='word_1_414' title='bbox 916 2636 1120 2683; x_wconf 87' lang='lat' dir='ltr'>maritique</span> <span class='ocrx_word' id='word_1_415' title='bbox 1154 2635 1280 2673; x_wconf 86' lang='lat' dir='ltr'>officio</span> <span class='ocrx_word' id='word_1_416' title='bbox 1314 2636 1483 2683; x_wconf 86' lang='lat' dir='ltr'>iniquius</span> <span class='ocrx_word' id='word_1_417' title='bbox 1511 2634 1714 2683; x_wconf 82' lang='lat' dir='ltr'>judicaret.</span> <span class='ocrx_word' id='word_1_418' title='bbox 1770 2633 1842 2671; x_wconf 91' lang='lat' dir='ltr'>His</span> <span class='ocrx_word' id='word_1_419' title='bbox 1882 2640 1920 2672; x_wconf 90' lang='lat' dir='ltr'>et</span> <span class='ocrx_word' id='word_1_420' title='bbox 1955 2633 2062 2682; x_wconf 83' lang='lat' dir='ltr'>J&#39;udi-</span> <span class='ocrx_word' id='word_1_421' title='bbox 2114 2630 2115 2642; x_wconf 73' lang='lat'><em>³</em></span> 
     </span>
     <span class='ocr_line' id='line_1_43' title="bbox 269 2692 2063 2741; baseline -0.001 -12"><span class='ocrx_word' id='word_1_422' title='bbox 269 2694 338 2729; x_wconf 87' lang='lat' dir='ltr'>ciis</span> <span class='ocrx_word' id='word_1_423' title='bbox 377 2698 414 2729; x_wconf 87' lang='lat' dir='ltr'>et</span> <span class='ocrx_word' id='word_1_424' title='bbox 456 2693 583 2730; x_wconf 89' lang='lat' dir='ltr'>verbis</span> <span class='ocrx_word' id='word_1_425' title='bbox 615 2692 848 2741; x_wconf 81' lang='lat' dir='ltr'>Keplerum,</span> <span class='ocrx_word' id='word_1_426' title='bbox 891 2704 976 2730; x_wconf 89' lang='lat' dir='ltr'>cum</span> <span class='ocrx_word' id='word_1_427' title='bbox 1009 2700 1109 2730; x_wconf 79' lang='lat' dir='ltr'>esset</span> <span class='ocrx_word' id='word_1_428' title='bbox 1152 2693 1370 2736; x_wconf 87' lang='lat' dir='ltr'>irritabilis,</span> <span class='ocrx_word' id='word_1_429' title='bbox 1413 2705 1530 2741; x_wconf 88' lang='lat' dir='ltr'>saepe</span> <span class='ocrx_word' id='word_1_430' title='bbox 1562 2694 1699 2730; x_wconf 88' lang='lat' dir='ltr'>iratum</span> <span class='ocrx_word' id='word_1_431' title='bbox 1741 2694 1866 2729; x_wconf 88' lang='lat' dir='ltr'>minus</span> <span class='ocrx_word' id='word_1_432' title='bbox 1904 2693 2063 2730; x_wconf 88' lang='lat' dir='ltr'>comiter</span> 
     </span>
     <span class='ocr_line' id='line_1_44' title="bbox 269 2749 2111 2800; baseline 0 -14"><span class='ocrx_word' id='word_1_433' title='bbox 269 2752 303 2787; x_wconf 89' lang='lat' dir='ltr'>ei</span> <span class='ocrx_word' id='word_1_434' title='bbox 336 2750 581 2799; x_wconf 87' lang='lat' dir='ltr'>respondisse</span> <span class='ocrx_word' id='word_1_435' title='bbox 614 2749 814 2799; x_wconf 84' lang='lat' dir='ltr'>probabile</span> <span class='ocrx_word' id='word_1_436' title='bbox 848 2756 916 2788; x_wconf 90' lang='lat' dir='ltr'>est.</span> <span class='ocrx_word' id='word_1_437' title='bbox 979 2750 1259 2788; x_wconf 85' lang='lat' dir='ltr'>Parsimoniam</span> <span class='ocrx_word' id='word_1_438' title='bbox 1293 2762 1448 2800; x_wconf 84' lang='lat' dir='ltr'>quoque</span> <span class='ocrx_word' id='word_1_439' title='bbox 1488 2751 1665 2799; x_wconf 83' lang='lat' dir='ltr'>conjugis</span> <span class='ocrx_word' id='word_1_440' title='bbox 1704 2749 1947 2788; x_wconf 87' lang='lat' dir='ltr'>immodicam</span> <span class='ocrx_word' id='word_1_441' title='bbox 1986 2761 2061 2787; x_wconf 88' lang='lat' dir='ltr'>non</span> <span class='ocrx_word' id='word_1_442' title='bbox 2110 2790 2111 2794; x_wconf 13' lang='grc' dir='ltr'><strong>Ἰ</strong></span> 
     </span>
     <span class='ocr_line' id='line_1_45' title="bbox 265 2808 2110 2858; baseline 0 -14"><span class='ocrx_word' id='word_1_443' title='bbox 265 2809 372 2857; x_wconf 88' lang='lat' dir='ltr'>justo</span> <span class='ocrx_word' id='word_1_444' title='bbox 404 2809 503 2855; x_wconf 84' lang='lat' dir='ltr'>ioco,</span> <span class='ocrx_word' id='word_1_445' title='bbox 533 2810 639 2857; x_wconf 85' lang='lat' dir='ltr'>justo</span> <span class='ocrx_word' id='word_1_446' title='bbox 673 2816 843 2857; x_wconf 86' lang='lat' dir='ltr'>tempore</span> <span class='ocrx_word' id='word_1_447' title='bbox 877 2808 1091 2846; x_wconf 86' lang='lat' dir='ltr'>adhibitam</span> <span class='ocrx_word' id='word_1_448' title='bbox 1124 2821 1237 2857; x_wconf 81' lang='lat' dir='ltr'>aegre</span> <span class='ocrx_word' id='word_1_449' title='bbox 1270 2809 1378 2846; x_wconf 90' lang='lat' dir='ltr'>tulit:</span> <span class='ocrx_word' id='word_1_450' title='bbox 1414 2821 1530 2858; x_wconf 88' lang='lat' dir='ltr'>quam</span> <span class='ocrx_word' id='word_1_451' title='bbox 1552 2809 1601 2846; x_wconf 90' lang='lat' dir='ltr'>ob</span> <span class='ocrx_word' id='word_1_452' title='bbox 1621 2820 1699 2846; x_wconf 89' lang='lat' dir='ltr'>rem</span> <span class='ocrx_word' id='word_1_453' title='bbox 1722 2819 1807 2845; x_wconf 90' lang='lat' dir='ltr'>cum</span> <span class='ocrx_word' id='word_1_454' title='bbox 1828 2810 2062 2845; x_wconf 66' lang='lat' dir='ltr'>uxorrmari-</span> <span class='ocrx_word' id='word_1_455' title='bbox 2108 2828 2110 2839; x_wconf 55' lang='grc' dir='ltr'><em>ι</em></span> 
     </span>
     <span class='ocr_line' id='line_1_46' title="bbox 271 2865 2109 2915; baseline -0.002 -13"><span class='ocrx_word' id='word_1_456' title='bbox 271 2873 363 2913; x_wconf 84' lang='lat' dir='ltr'>tum,</span> <span class='ocrx_word' id='word_1_457' title='bbox 397 2869 463 2914; x_wconf 89' lang='lat' dir='ltr'>qui</span> <span class='ocrx_word' id='word_1_458' title='bbox 493 2878 617 2915; x_wconf 88' lang='lat' dir='ltr'>neque</span> <span class='ocrx_word' id='word_1_459' title='bbox 649 2879 708 2904; x_wconf 86' lang='lat' dir='ltr'>res</span> <span class='ocrx_word' id='word_1_460' title='bbox 742 2865 950 2904; x_wconf 77' lang='lat' dir='ltr'>familiares</span> <span class='ocrx_word' id='word_1_461' title='bbox 995 2868 1090 2904; x_wconf 81' lang='lat' dir='ltr'>satis</span> <span class='ocrx_word' id='word_1_462' title='bbox 1122 2867 1356 2912; x_wconf 69' lang='lat' dir='ltr'>intelligeret</span> <span class='ocrx_word' id='word_1_463' title='bbox 1391 2869 1519 2915; x_wconf 89' lang='lat' dir='ltr'>iisque</span> <span class='ocrx_word' id='word_1_464' title='bbox 1552 2878 1593 2904; x_wconf 89' lang='lat' dir='ltr'>se</span> <span class='ocrx_word' id='word_1_465' title='bbox 1625 2866 1769 2904; x_wconf 88' lang='lat' dir='ltr'>turbari</span> <span class='ocrx_word' id='word_1_466' title='bbox 1809 2870 1846 2902; x_wconf 90' lang='lat' dir='ltr'>et</span> <span class='ocrx_word' id='word_1_467' title='bbox 1877 2866 2062 2914; x_wconf 88' lang='lat' dir='ltr'>interpel—</span> <span class='ocrx_word' id='word_1_468' title='bbox 2106 2884 2109 2899; x_wconf 68' lang='lat'><em>›</em></span> 
     </span>
     <span class='ocr_line' id='line_1_47' title="bbox 269 2922 2062 2973; baseline 0.001 -13"><span class='ocrx_word' id='word_1_469' title='bbox 269 2923 338 2960; x_wconf 85' lang='lat' dir='ltr'>lari</span> <span class='ocrx_word' id='word_1_470' title='bbox 369 2925 500 2971; x_wconf 88' lang='lat' dir='ltr'>nollet,</span> <span class='ocrx_word' id='word_1_471' title='bbox 535 2930 657 2962; x_wconf 84' lang='lat' dir='ltr'>totum</span> <span class='ocrx_word' id='word_1_472' title='bbox 690 2926 728 2960; x_wconf 88' lang='lat' dir='ltr'>iu</span> <span class='ocrx_word' id='word_1_473' title='bbox 760 2925 996 2973; x_wconf 81' lang='lat' dir='ltr'>cogitatione</span> <span class='ocrx_word' id='word_1_474' title='bbox 1030 2924 1198 2962; x_wconf 79' lang='lat' dir='ltr'>defixum</span> <span class='ocrx_word' id='word_1_475' title='bbox 1231 2925 1276 2962; x_wconf 86' lang='lat' dir='ltr'>de</span> <span class='ocrx_word' id='word_1_476' title='bbox 1308 2925 1422 2962; x_wconf 88' lang='lat' dir='ltr'>rebus</span> <span class='ocrx_word' id='word_1_477' title='bbox 1446 2925 1667 2963; x_wconf 88' lang='lat' dir='ltr'>domesticis</span> <span class='ocrx_word' id='word_1_478' title='bbox 1699 2922 1924 2970; x_wconf 85' lang='lat' dir='ltr'>consuleret,</span> <span class='ocrx_word' id='word_1_479' title='bbox 1958 2923 2062 2961; x_wconf 81' lang='lat' dir='ltr'>haud</span> 
     </span>
     <span class='ocr_line' id='line_1_48' title="bbox 269 2981 2060 3032; baseline 0.001 -15"><span class='ocrx_word' id='word_1_480' title='bbox 269 2993 354 3018; x_wconf 72' lang='lat' dir='ltr'>raro</span> <span class='ocrx_word' id='word_1_481' title='bbox 386 2984 616 3031; x_wconf 77' lang='lat' dir='ltr'>iniquiorem</span> <span class='ocrx_word' id='word_1_482' title='bbox 649 2982 754 3020; x_wconf 88' lang='lat' dir='ltr'>illam</span> <span class='ocrx_word' id='word_1_483' title='bbox 787 2983 922 3020; x_wconf 88' lang='lat' dir='ltr'>tulisse</span> <span class='ocrx_word' id='word_1_484' title='bbox 954 2982 1150 3031; x_wconf 88' lang='lat' dir='ltr'>repulsam</span> <span class='ocrx_word' id='word_1_485' title='bbox 1173 2983 1381 3021; x_wconf 83' lang='lat' dir='ltr'>verisimile</span> <span class='ocrx_word' id='word_1_486' title='bbox 1415 2988 1485 3021; x_wconf 88' lang='lat' dir='ltr'>est.</span> <span class='ocrx_word' id='word_1_487' title='bbox 1499 2981 1539 3032; x_wconf 32' lang='grc' dir='ltr'>ἦ)</span> <span class='ocrx_word' id='word_1_488' title='bbox 1591 2981 1778 3029; x_wconf 86' lang='lat' dir='ltr'>Quamvis</span> <span class='ocrx_word' id='word_1_489' title='bbox 1801 2985 1930 3019; x_wconf 80' lang='lat' dir='ltr'>autem</span> <span class='ocrx_word' id='word_1_490' title='bbox 1952 2981 2060 3031; x_wconf 87' lang='lat' dir='ltr'>Kep-</span> 
     </span>
    </p>
   </div>
   <div class='ocr_carea' id='block_1_3' title="bbox 2094 1951 2126 2984">
    <p class='ocr_par' dir='ltr' id='par_1_5' title="bbox 2094 1951 2126 2984">
     <span class='ocr_line' id='line_1_49' title="bbox 2094 1951 2126 2984; baseline 0 0"><span class='ocrx_word' id='word_1_491' title='bbox 2094 1951 2126 2984; x_wconf 95' lang='lat' dir='ltr'> </span> 
     </span>
    </p>
   </div>
   <div class='ocr_carea' id='block_1_4' title="bbox 272 3116 2120 3249">
    <p class='ocr_par' dir='ltr' id='par_1_6' title="bbox 272 3116 2120 3249">
     <span class='ocr_line' id='line_1_50' title="bbox 406 3116 2120 3166; baseline 0.001 -18"><span class='ocrx_word' id='word_1_492' title='bbox 406 3116 438 3159; x_wconf 59' lang='lat' dir='ltr'>ss)</span> <span class='ocrx_word' id='word_1_493' title='bbox 464 3120 697 3151; x_wconf 75' lang='lat' dir='ltr'>Libentissime</span> <span class='ocrx_word' id='word_1_494' title='bbox 725 3118 835 3151; x_wconf 81' lang='lat' dir='ltr'>autem</span> <span class='ocrx_word' id='word_1_495' title='bbox 861 3120 977 3151; x_wconf 86' lang='lat' dir='ltr'>tulisse</span> <span class='ocrx_word' id='word_1_496' title='bbox 1003 3122 1202 3161; x_wconf 83' lang='lat' dir='ltr'>quandoque</span> <span class='ocrx_word' id='word_1_497' title='bbox 1228 3121 1407 3160; x_wconf 83' lang='lat' dir='ltr'>Keplerum</span> <span class='ocrx_word' id='word_1_498' title='bbox 1439 3119 1520 3150; x_wconf 85' lang='lat' dir='ltr'>tales</span> <span class='ocrx_word' id='word_1_499' title='bbox 1545 3117 1837 3158; x_wconf 81' lang='lat' dir='ltr'>interpellationes,</span> <span class='ocrx_word' id='word_1_500' title='bbox 1864 3122 1980 3150; x_wconf 84' lang='lat' dir='ltr'>testem</span> <span class='ocrx_word' id='word_1_501' title='bbox 2005 3121 2059 3161; x_wconf 87' lang='lat' dir='ltr'>ip·</span> <span class='ocrx_word' id='word_1_502' title='bbox 2118 3156 2120 3166; x_wconf 60' lang='lat'>,</span> 
     </span>
     <span class='ocr_line' id='line_1_51' title="bbox 272 3164 2119 3249; baseline 0.003 -56"><span class='ocrx_word' id='word_1_503' title='bbox 272 3173 341 3193; x_wconf 87' lang='lat' dir='ltr'>sum</span> <span class='ocrx_word' id='word_1_504' title='bbox 367 3164 522 3195; x_wconf 78' lang='lat' dir='ltr'>habemus</span> <span class='ocrx_word' id='word_1_505' title='bbox 547 3166 582 3195; x_wconf 88' lang='lat' dir='ltr'>in</span> <span class='ocrx_word' id='word_1_506' title='bbox 608 3168 714 3207; x_wconf 81' lang='lat' dir='ltr'>capite</span> <span class='ocrx_word' id='word_1_507' title='bbox 741 3168 881 3200; x_wconf 68' lang='lat' dir='ltr'><strong>XXVII.</strong></span> <span class='ocrx_word' id='word_1_508' title='bbox 907 3166 984 3198; x_wconf 89' lang='lat' dir='ltr'>libri</span> <span class='ocrx_word' id='word_1_509' title='bbox 1020 3167 1059 3198; x_wconf 86' lang='lat' dir='ltr'>de</span> <span class='ocrx_word' id='word_1_510' title='bbox 1085 3166 1187 3198; x_wconf 81' lang='lat' dir='ltr'>Stella</span> <span class='ocrx_word' id='word_1_511' title='bbox 1212 3167 1321 3209; x_wconf 72' lang='lat' dir='ltr'>Nora,</span> <span class='ocrx_word' id='word_1_512' title='bbox 1355 3167 1432 3206; x_wconf 88' lang='lat' dir='ltr'>ubi,</span> <span class='ocrx_word' id='word_1_513' title='bbox 1465 3167 1607 3196; x_wconf 79' lang='lat' dir='ltr'>referens</span> <span class='ocrx_word' id='word_1_514' title='bbox 1641 3164 1744 3195; x_wconf 81' lang='lat' dir='ltr'>dubia</span> <span class='ocrx_word' id='word_1_515' title='bbox 1777 3174 1835 3196; x_wconf 83' lang='lat' dir='ltr'>sua</span> <span class='ocrx_word' id='word_1_516' title='bbox 1860 3165 1899 3196; x_wconf 87' lang='lat' dir='ltr'>de</span> <span class='ocrx_word' id='word_1_517' title='bbox 1928 3167 2058 3208; x_wconf 83' lang='lat' dir='ltr'>„casu“,</span> <span class='ocrx_word' id='word_1_518' title='bbox 2090 3186 2094 3249; x_wconf 58' lang='lat'><strong><em>⁴</em></strong></span> <span class='ocrx_word' id='word_1_519' title='bbox 2118 3170 2119 3208; x_wconf 67' lang='lat' dir='ltr'>l</span> 
     </span>
    </p>
   </div>
   <div class='ocr_carea' id='block_1_5' title="bbox 2086 3254 2117 3388">
    <p class='ocr_par' dir='ltr' id='par_1_7' title="bbox 2086 3254 2117 3388">
     <span class='ocr_line' id='line_1_52' title="bbox 2088 3254 2117 3326; baseline -0.172 0"><span class='ocrx_word' id='word_1_520' title='bbox 2088 3254 2117 3326; x_wconf 66' lang='lat' dir='ltr'>ll</span> 
     </span>
     <span class='ocr_line' id='line_1_53' title="bbox 2086 3328 2115 3388; baseline 0.207 -6"><span class='ocrx_word' id='word_1_521' title='bbox 2086 3328 2115 3388; x_wconf 61' lang='lat' dir='ltr'>{l</span> 
     </span>
    </p>
   </div>
  </div>
 </body>
</html>
