2126 3388
879 156 980 192 1606.
1009 156 1107 194 1607.
1804 163 1886 208 775

95 286 181 313 cum
210 285 287 312 non
318 274 413 312 fiant
437 274 568 323 justae
598 274 811 314 solutiones
842 275 1006 314 aulicae.
1046 276 1186 326 Itaque
1215 277 1464 326 jamdudum
1486 284 1619 319 venter
1638 291 1746 319 meus
1767 281 1890 321 same-

92 333 188 371 licus
220 333 375 382 respicit
405 333 526 370 instar
556 335 662 371 cauis
694 334 743 372 ad
775 333 985 381 dominum,
1019 346 1042 372 a
1073 347 1150 384 quo
1182 335 1300 373 semel
1340 337 1422 385 jam
1452 339 1524 376 suit
1554 343 1700 389 pastus.
1766 339 1887 390 Equi—

95 391 179 430 dem
212 392 244 428 si
275 391 322 428 D.
357 391 555 429 Wclserus
587 395 782 441 pateretur
811 404 853 430 sc
883 404 1032 430 rursum
1065 396 1214 432 exorari
1247 394 1295 432 ad
1327 395 1431 434 mille
1462 396 1525 434 vel
1556 397 1791 446 sesquimille
1821 409 1888 437 so-

91 449 277 487 lutionem
309 452 475 498 (tantum
509 451 609 488 enim
641 461 765 499 coque
797 450 963 500 amplius
995 452 1088 488 mihi
1120 452 1308 502 debetur),
1342 460 1528 502 quantum
1552 455 1639 494 inde
1660 455 1752 492 mihi
1774 468 1888 495 secu-

94 509 217 545 ritatis
249 508 470 556 accederet,
512 513 698 556 quantum
742 510 924 559 temporis
964 511 1186 557 retinerem,
1230 516 1352 548 totum
1385 512 1422 548 id
1455 513 1713 564 impenderem
1756 515 1818 553 vel
1850 516 1888 551 in

94 566 350 615 Porphyrium
384 568 626 611 (Harmonica)
666 567 725 604 vel
758 569 794 603 in
819 567 1109 617 geographiam,
1142 569 1280 606 melius
1303 570 1476 616 fortasse,
1510 583 1625 620 quam
1647 574 1679 609 si
1701 578 1888 621 quaesto-

94 636 175 661 rum
207 636 360 662 mensas
392 629 573 670 sectatus,
606 626 754 662 aeraria.
786 624 1000 663 diutissime
1032 626 1202 676 pulsans,
1235 627 1402 676 denique
1434 629 1554 667 nihilo
1577 632 1703 668 minus
1726 631 1888 669 eandem

91 694 279 720 summam
312 687 589 731 extorquerem.
650 683 750 720 Nam
783 683 961 721 Caesaris
992 696 1100 722 mora
1139 685 1286 723 nullam
1329 692 1475 736 partem
1507 689 1704 737 pensionis
1736 688 1886 738 deterit,

93 741 187 778 mihi
218 751 309 778 vero
341 745 492 790 tempus
524 742 727 777 consumit.

230 808 284 841 De
309 806 473 841 Welsero
500 807 762 841 Herwartus
788 807 946 852 Keplero
973 807 1185 851 (Novembri
1213 809 1317 852 1606)
1344 811 1595 846 nunciaverat:
1630 812 1693 847 Ich
1726 812 1797 848 hab
1822 814 1887 849 mit

91 867 171 901 dem
190 867 307 901 Herrn
324 865 791 909 Reichspfenningmaister,
817 865 870 898 als
895 865 1047 899 meinom
1066 865 1216 901 sonders
1235 866 1350 900 lichen
1369 866 1487 902 Herrn
1505 869 1667 913 Vettern,
1687 870 1750 905 des
1771 871 1888 906 Herrn

93 926 232 961 Sachen
260 925 328 959 vnd
355 923 530 968 Obliegen
556 924 683 958 halber
708 923 836 966 geredt
860 923 931 957 vnd
957 923 1151 968 bel'unden,
1181 924 1263 959 dass
1290 936 1328 959 er
1354 925 1433 960 dem
1461 926 1577 960 llerrn
1601 928 1694 962 nach
1712 928 1888 973 Mtiglich-

90 985 165 1018 keit
189 996 231 1019 zu
256 982 441 1018 wilfahren
460 982 614 1026 genaigt,
643 981 712 1015 will
730 981 823 1016 auch
849 981 1045 1026 vcrlloffen,
1071 982 1149 1016 weil
1176 984 1356 1017 numnehr
1381 984 1444 1018 der
1461 984 1617 1019 Frieden
1643 986 1735 1027 (cum
1754 986 1887 1022 Trans-

91 1043 227 1078 silvano
254 1042 445 1085 Botsckai)
479 1040 805 1076 dermaleneinsten
839 1041 979 1084 gottlob
1015 1042 1267 1087 geschlossen‚
1303 1053 1340 1078 es
1367 1044 1483 1079 werde
1510 1044 1573 1079 der
1598 1045 1739 1081 Sachen
1765 1046 1888 1082 besser

91 1101 185 1136 Rath
211 1112 254 1135 zu
280 1099 442 1134 schaffen
469 1109 568 1143 seyn.

229 1160 333 1193 Anno
362 1159 449 1193 160?
474 1168 598 1192 mense
624 1157 735 1192 Junio
767 1158 914 1193 nunciat
940 1158 1119 1201 Keplerus
1144 1159 1365 1194 Pistorioz
1405 1157 1549 1197 Cacsar
1571 1159 1662 1196 mihi
1681 1159 1787 1198 dedit
1804 1164 1884 1199 400

90 1215 255 1253 florenos
284 1216 322 1250 in
356 1214 641 1252 Commentaria
672 1213 822 1252 Martis.
883 1213 928 1250 In
961 1225 1006 1251 eo
1035 1214 1117 1262 jam
1155 1215 1289 1253 labore
1331 1227 1429 1253 sum.
1493 1217 1779 1267 Exsculpuntur
1805 1219 1887 1268 jam

89 1274 171 1323 typi
203 1273 331 1321 lignei,
390 1272 422 1309 A
446 1271 687 1320 Tengnaglio
726 1273 881 1309 veniam
919 1272 1143 1321 publicandi
1177 1285 1274 1323 opus
1306 1274 1476 1312 nondum
1516 1275 1642 1314 habeo
1675 1282 1713 1314 et
1743 1276 1887 1315 Caesar

89 1332 257 1369 inhibuit
289 1330 574 1368 distractionem
600 1330 876 1380 exemplarium
899 1330 947 1367 ad
971 1342 1083 1367 suum
1107 1332 1318 1368 arbitrium.
1363 1335 1637 1379 Brenggero
1672 1347 1795 1372 mense
1819 1338 1886 1372 Oc-

88 1391 198 1426 tobri:
241 1389 386 1427 Versor
417 1390 453 1425 in
486 1387 738 1426 adornatione
773 1388 1144 1426 Commentariorum
1176 1389 1222 1427 de
1244 1390 1415 1427 motibus
1438 1391 1574 1429 stellae
1605 1391 1754 1432 Martis.
1806 1394 1887 1431 Ex-

87 1448 271 1486 cudentur
293 1446 395 1497 apud
419 1446 689 1495 Vocgelinum,
722 1446 1024 1496 Heidelbergae.
1067 1447 1353 1498 Exemplarium
1376 1448 1625 1488 distractione
1647 1450 1742 1488 mihi
1773 1455 1832 1490 est
1862 1463 1886 1489 a

89 1507 254 1544 Caesare
285 1505 543 1544 interdictum.

223 1576 361 1615 1607.
401 1577 663 1612 Continuantur
689 1575 810 1611 studia
836 1575 1109 1623 chronologica3
1143 1579 1293 1614 multum
1327 1581 1501 1626 temporis
1527 1585 1802 1617 consumserunt
1825 1582 1887 1617 ob-

84 1637 304 1673 servationes
331 1638 540 1672 cometae.
589 1635 696 1669 Libri
721 1639 794 1670 tres
819 1635 862 1670 (lc
891 1635 1045 1671 Cometz's
1075 1636 1254 1679 inchoati,
1288 1638 1381 1673 liber
1413 1639 1638 1682 germanicus
1671 1641 1714 1675 dc
1747 1644 1887 1675 cometa

85 1696 194 1740 hujus
221 1695 303 1730 anni
330 1694 518 1729 absolutus
545 1704 662 1737 neque
694 1704 778 1727 vero
811 1693 906 1738 typis
933 1704 1088 1729 excusus
1116 1699 1181 1729 cst.
1232 1696 1299 1730 Die
1325 1697 1381 1733 28.
1409 1697 1498 1741 Maji
1530 1698 1721 1734 observata
1745 1698 1885 1734 macula

83 1754 188 1797 Solis,
214 1764 277 1796 pro
307 1752 508 1795 „Mercurio
533 1751 568 1786 in
595 1751 677 1786 Sole
702 1752 800 1785 viso“
829 1763 850 1785 a
876 1751 1035 1796 Keplero
1061 1753 1310 1796 pronunciata.

221 1811 277 1845 Ad
302 1811 548 1846 Harmoniam
573 1810 710 1845 Mundi
733 1809 827 1844 redit
851 1809 920 1844 hoc
947 1820 1040 1844 anno
1059 1811 1256 1855 Keplerus,
1291 1823 1397 1857 quam
1424 1813 1468 1848 ab
1495 1825 1588 1849 anno
1619 1814 1705 1850 1599
1731 1813 1886 1848 conscri-

83 1872 167 1906 bere
199 1871 235 1904 in
269 1874 388 1903 mente
413 1869 552 1904 habuit.
614 1869 795 1903 Summam
830 1878 972 1911 corum,
1005 1879 1099 1913 quac
1132 1870 1175 1905 de
1203 1872 1392 1912 „vocibus“
1428 1878 1556 1917 agunt,
1591 1872 1764 1908 Januario
1795 1873 1886 1909 1607

83 1930 168 1964 Her
179 1933 313 1963 warte
339 1927 468 1972 refert,
501 1931 630 1971 postea
656 1926 787 1971 (Aprili
814 1932 850 1962 et
874 1927 1085 1972 Novembri)
1120 1930 1155 1964 in
1192 1930 1305 1965 literis
1331 1931 1376 1966 ad
1404 1932 1556 1967 eundem
1583 1931 1674 1967 datis
1700 1942 1765 1967 sua
1791 1942 1885 1967 com-

86 1991 189 2031 parat
216 1998 295 2021 cum
319 1985 516 2021 Ptolemaei
541 1986 737 2020 Harmonia
763 1986 840 2030 (cfr.
861 1990 902 2020 V.
931 1991 974 2021 30
1002 1987 1074 2031 ss).

219 2045 435 2079 Harmonica
461 2055 527 2079 sua
553 2045 738 2088 explicans
764 2045 834 2079 hoc
865 2045 1051 2091 subjungit
1084 2047 1307 2091 exemplum:
1332 2044 1454 2083 Parce
1485 2045 1634 2095 loquor.
1675 2046 1763 2086 Non
1784 2045 1882 2094 dico,

85 2112 338 2150 quaecunque
372 2099 448 2137 duo
482 2112 568 2137 cum
599 2101 712 2138 tertio
735 2100 990 2147 concordant,
1024 2103 1122 2140 inter
1154 2114 1196 2140 se
1227 2103 1473 2151 concordant,
1504 2104 1574 2142 sed
1602 2104 1705 2144 addo
1727 2105 1884 2144 cautio-

87 2171 186 2205 nem,
221 2164 262 2195 ut
293 2170 339 2196 ex
371 2159 493 2196 tribus
527 2159 602 2195 duo
635 2164 804 2206 aequent
835 2160 1012 2206 tertium,
1054 2172 1126 2198 nec
1158 2166 1306 2198 tantum
1339 2167 1526 2211 aequent,
1558 2162 1627 2201 sed
1657 2168 1701 2202 ut
1730 2164 1884 2202 tertium

87 2220 213 2266 ipsum
255 2222 404 2254 constet
445 2228 490 2253 cx
533 2216 698 2256 duobus.
760 2217 859 2254 Nam
899 2229 1025 2266 neque
1066 2219 1103 2255 in
1146 2220 1232 2256 aliis
1274 2221 1444 2257 scientiis
1484 2220 1588 2259 valet
1628 2226 1670 2260 ut
1705 2221 1744 2258 in
1771 2220 1879 2270 jure:

86 2276 276 2313 Heuricus
308 2275 424 2313 frater
454 2287 563 2312 meus
596 2281 666 2321 est,
697 2275 891 2313 Sebaldus
922 2287 1031 2313 meus
1052 2277 1167 2315 frater
1190 2281 1258 2324 est,
1292 2289 1384 2326 ergo
1417 2278 1607 2317 Henricus
1629 2285 1668 2317 et
1688 2278 1883 2318 Sebaldus

86 2336 184 2371 inter
216 2345 255 2370 se
288 2339 377 2370 sunt
407 2334 556 2373 fratres.
606 2333 722 2370 Pater
753 2335 854 2370 enim
886 2332 1042 2372 Henrici
1075 2335 1260 2373 Ernestus
1291 2338 1426 2384 genuit
1457 2349 1503 2374 ex
1536 2349 1654 2376 uxore
1677 2337 1882 2376 Waltruda

84 2392 306 2436 Henricum,
342 2402 417 2439 quo
441 2397 591 2428 mortuo
613 2403 710 2428 uxor
731 2391 937 2429 Waltruda
959 2404 1045 2430 meo
1068 2395 1166 2442 patri
1191 2393 1385 2432 Friderico
1407 2397 1539 2444 nupsit
1559 2407 1697 2445 meque
1719 2396 1878 2445 peperit.

86 2450 173 2498 Qua
213 2454 362 2486 mortua
406 2455 515 2498 pater
562 2461 670 2486 meus
711 2450 988 2498 Kunigundam
1036 2450 1145 2489 duxit
1182 2464 1305 2500 exque
1349 2465 1395 2491 ea
1434 2453 1646 2492 Scbaldum
1692 2455 1875 2502 suscepit.

84 2508 276 2545 Henricus
307 2508 426 2556 igitur
458 2507 551 2544 mihi
582 2508 699 2544 frater
730 2513 799 2555 est,
831 2508 897 2545 sed
929 2510 1113 2556 uterinus,
1147 2510 1339 2548 Scbaldus
1370 2511 1498 2559 frater,
1530 2511 1599 2550 sed
1630 2512 1709 2550 alia
1739 2516 1879 2549 matre:

89 2571 126 2603 ct
157 2567 212 2603 sic
244 2565 433 2602 chricus
467 2571 503 2603 ct
535 2565 729 2603 Scbaldus
761 2567 859 2603 inter
890 2578 930 2604 se
963 2567 1098 2605 fratres
1131 2579 1207 2605 non
1238 2574 1340 2606 sunt.

222 2631 278 2665 Dc
302 2629 425 2664 libello
453 2630 496 2664 de
523 2636 661 2665 cometa
689 2632 803 2666 cidem
828 2631 954 2666 refert:
984 2633 1059 2674 „De
1086 2634 1234 2668 Cometa
1258 2634 1384 2679 scripsi
1410 2635 1561 2679 aliquid3
1596 2639 1766 2679 exspecto
1793 2635 1880 2679 quid

86 2689 129 2723 de
156 2699 197 2723 eo
225 2689 357 2722 Caesar
382 2686 621 2731 praecipiat“;
657 2698 749 2731 quac
776 2700 855 2723 cum
882 2689 1054 2733 Tanckio,
1081 2690 1290 2733 professore
1317 2692 1516 2735 Lipsiensi‚
1553 2692 1595 2726 de
1621 2692 1768 2727 cometis
1794 2692 1878 2740 egit,

84 2748 252 2791 leguntur
276 2745 343 2779 vol.
371 2745 447 2778 VII.
474 2756 508 2788 p.
537 2748 557 2780 7
585 2756 631 2780 SS.
680 2746 791 2780 Liber
816 2747 996 2781 secundus
1023 2752 1058 2782 et
1083 2749 1210 2782 tertius
1238 2749 1356 2793 operis
1382 2749 1425 2783 de
1451 2750 1616 2794 cometis,
1650 2749 1747 2793 quod
1770 2760 1880 2795 supra

86 2806 249 2849 diximus,
273 2804 346 2848 jam
373 2803 436 2838 illo
462 2808 622 2848 temporo
650 2803 807 2838 absoluti
832 2803 989 2849 fuerunt,
1017 2806 1112 2849 quod
1138 2810 1319 2841 testantur
1344 2807 1606 2851 dedicationes3
1633 2807 1695 2841 illa
1719 2808 1800 2842 libri
1826 2818 1878 2843 se-

87 2864 193 2898 cundi
219 2863 303 2898 data
331 2867 384 2897 est
412 2862 456 2896 ad
482 2863 709 2896 Herwartum
733 2861 927 2896 Novembri
957 2864 1056 2906 16οῖ,
1082 2863 1144 2898 illa
1168 2864 1265 2897 tertii
1291 2864 1336 2898 ad
1362 2865 1653 2908 Starenbergium
1678 2866 1877 2910 Decembri,

86 2933 166 2957 cum
192 2933 282 2966 opus
307 2923 485 2965 integrum
510 2920 685 2965 prodierit
712 2920 852 2954 demum
878 2930 971 2955 anno
1001 2922 1102 2957 1619.

224 2987 277 3020 De
303 2986 377 3020 filio
403 2990 488 3020 nato
514 2985 604 3019 haec
632 2983 935 3029 deprehendimus
960 2986 996 3019 in
1023 2985 1236 3021 collectione
1261 2986 1505 3022 nativitatum:
1532 2983 1607 3021 Die
1630 2986 1878 3023 21.Dccem-

95 3041 172 3078 bris
203 3048 319 3079 natus
350 3041 452 3079 filius
483 3040 796 3079 Ludovicus.
844 3040 1070 3090 Baptizatus
1103 3043 1140 3077 in
1161 3041 1323 3080 aedibus
1354 3054 1378 3079 a
1409 3054 1469 3081 me
1502 3042 1700 3082 conductis
1727 3045 1876 3089 (.‚aedes

92 3102 352 3147 Cramer-ianae,
379 3113 398 3137 e
422 3103 567 3146 regione
591 3101 813 3141 ‹Iesuitarum
842 3101 885 3137 ad
910 3103 1098 3149 pontem“)
1129 3111 1153 3140 a
1172 3101 1347 3139 ministro
1373 3101 1446 3140 sub
1467 3105 1643 3151 utraque.
1694 3102 1874 3148 Patrimi3
