2177 3408
511 155 747 192 Summarium
773 154 954 192 Historiae
980 155 1230 191 Astronomiac
1256 156 1380 191 seculo
1406 156 1500 192 XVI.
1830 158 1912 203 587

117 276 283 320 diximus,
308 274 344 310 in
370 285 437 311 usu
461 274 573 310 fuisse
591 273 780 308 verisimile
797 277 864 308 est.
900 273 1074 317 Ejusdem
1100 273 1258 309 auctoris
1278 273 1553 315 „Arithmeticae
1578 274 1759 319 practicae
1776 275 1913 310 metho-

118 335 184 371 dus
220 335 354 371 facilis“
384 334 624 378 (Antwerpiae
657 342 749 366 anno
778 332 866 367 1540
899 332 1051 376 primum
1084 332 1193 375 edita)
1231 331 1510 375 vulgatissimam
1542 331 1786 367 arithmeticae
1819 343 1913 367 com-

115 393 284 438 pendium
308 393 392 437 fuit3
430 396 683 427 enumerantur
707 390 751 425 ab
778 401 871 425 anno
898 390 988 425 15>in
1013 390 1048 424 in
1074 401 1206 425 annum
1235 391 1321 426 1614
1349 389 1522 425 editiones
1548 390 1604 426 29.
1657 391 1712 435 (R.
1739 390 1910 427 Gemmae

117 450 388 486 observationes
419 454 454 485 et
488 449 569 486 libri
593 448 663 485 vol.
688 447 736 483 ΙΙ.
763 452 798 484 01
824 448 888 482 ΙΙΙ.
923 448 1057 492 passim
1082 452 1314 484 recensentur
1339 460 1360 484 a
1385 448 1573 493 Keplero.)
1620 449 1737 484 Filius
1755 449 1912 494 Rehreri,

118 509 363 545 Cornelius
389 510 566 545 Gemma
591 508 676 544 item
700 507 736 543 in
761 508 966 553 praemissis
992 508 1229 544 voluminibus
1255 507 1399 552 saepius
1425 507 1571 548 dicitur,
1597 507 1737 543 celeber
1761 508 1827 542 fuit
1853 508 1915 542 ob-

116 566 378 601 servationibus
407 566 592 611 eclipsium
617 571 653 601 et
678 572 908 611 cometarum,
938 566 1077 602 stellam
1104 576 1232 601 novam
1261 566 1343 601 anni
1370 566 1457 601 1572
1489 566 1693 610 descripsit3
1727 566 1764 601 in
1795 577 1915 611 opere,

120 626 539 668 „Cosmocriticeslibrst
566 626 751 671 inscripto,
778 626 934 671 Keplero
960 626 1076 661 minus
1101 625 1200 660 illum
1226 624 1405 669 placuisse
1431 629 1530 669 patet
1552 635 1595 660 ex
1614 625 1682 661 vol.
1701 625 1748 660 II.
1776 638 1811 670 p.
1834 626 1914 662 260,

117 688 157 721 Ι11
183 685 308 721 00110111
332 684 423 719 libro
449 684 542 719 redit
562 684 747 719 Cornelius
773 683 818 719 ad
845 683 985 718 stellam
1011 694 1137 718 novam
1163 684 1248 718 anni
1268 684 1367 727 1572,
1393 684 1492 719 varia
1516 695 1595 719 cum
1620 695 1705 719 vera
1728 688 1802 720 tum
1824 684 1916 720 falsa

117 745 161 780 de
186 743 249 779 illa
273 744 471 789 proferens,
498 753 590 787 quae
616 742 769 787 Tycho
795 742 999 777 Braheus
1025 742 1060 776 in
1088 753 1196 786 opere
1222 752 1285 776 suo
1305 742 1436 778 celebri
1454 743 1498 777 de
1523 744 1591 777 hac
1617 743 1725 778 stella
1742 748 1916 779 recenset.

119 805 241 848 „Quae
275 802 319 837 de
352 802 506 845 augelis,
545 801 631 836 dicit
655 801 796 845 Tycho‚
832 805 894 834 aut
924 800 1030 834 etiam
1061 800 1128 835 Dei
1158 800 1272 845 ipsius
1309 801 1496 842 (horresco
1527 801 1698 846 referens)
1731 802 1768 836 in
1803 802 1917 838 forma

117 862 256 905 stellae,
283 860 507 906 apparitione
541 863 649 903 atque
683 869 836 892 ascensu
867 863 902 892 ct
936 858 1112 893 descensu
1144 857 1379 903 circularique
1411 859 1550 901 reditu,
1581 860 1708 894 divinis
1738 861 1918 895 mentibus

115 922 322 965 domestico,
348 919 504 962 adducit,
531 928 679 962 prorsus
704 917 812 962 impia
838 921 939 958 sunt,
967 927 1011 952 ne
1037 916 1152 952 dicam
1169 916 1398 963 blasphema,
1431 928 1475 953 ex
1501 924 1648 952 auctore
1673 919 1916 954 universitatis

116 984 316 1015 creaturam
342 979 498 1023 aliquam
523 976 698 1012 visibilem
722 975 906 1019 fingentia.
954 976 1030 1011 Nec
1056 976 1162 1011 etiam
1187 977 1370 1021 congruit,
1405 976 1502 1020 quod
1539 975 1678 1011 stellam
1712 977 1805 1011 hanc
1837 987 1916 1012 cum

116 1049 170 1080 00,
196 1048 290 1083 quae
313 1037 430 1081 Magis
456 1035 643 1080 apparuit,
671 1033 857 1069 assimilat.
908 1034 1056 1068 Rectius
1083 1033 1211 1070 deinde
1238 1036 1385 1079 asserit,
1412 1045 1456 1069 ex
1482 1035 1707 1080 planetarum
1732 1034 1918 1069 influentia

116 1103 225 1141 atque
244 1095 495 1132 commixtione
513 1095 606 1129 hanc
624 1093 767 1128 stellam
783 1103 856 1127 non
873 1092 985 1127 fuisse
1002 1098 1213 1137 prognatam
1233 1097 1294 1128 aut
1311 1093 1656 1138 praesignificatam3
1683 1092 1779 1136 quod
1797 1098 1918 1128 tamen

117 1156 216 1192 illam
241 1167 322 1191 cum
348 1159 487 1190 cometa
513 1153 596 1188 anni
617 1152 718 1188 1556.
743 1151 898 1195 aliquem
924 1152 1096 1187 habuisse
1122 1163 1348 1196 consensum,
1375 1163 1419 1186 ex
1445 1151 1514 1187 loci
1540 1152 1633 1187 unde
1657 1152 1718 1186 ille
1745 1151 1842 1188 venit
1865 1156 1917 1186 at-

92 1238 95 1240 ·
117 1225 186 1260 que
210 1215 247 1249 in
271 1224 342 1259 quo
368 1211 545 1257 disparuit
563 1211 729 1254 analogia
755 1209 953 1254 existimat,
979 1221 1128 1255 prorsus
1153 1211 1388 1253 incongruum
1417 1216 1483 1247 est.
1521 1211 1622 1246 Circa
1641 1210 1918 1254 significationes

117 1273 224 1317 hujus
249 1271 378 1307 sideris
404 1268 633 1304 extricandas
660 1267 813 1302 sollicite
839 1273 1048 1314 occupatur,
1074 1267 1133 1303 ubi
1160 1268 1322 1303 nonnihil
1347 1268 1536 1304 affectibus
1563 1269 1708 1305 nimium
1733 1268 1920 1313 indulgere

116 1331 256 1366 videtur
281 1334 317 1364 et
342 1329 482 1364 stellam
509 1328 618 1372 hanc,
656 1327 721 1362 toti
752 1326 884 1361 mundo
913 1330 1112 1371 ostensam,
1148 1327 1184 1362 111
1208 1327 1374 1371 Belgicos
1399 1333 1518 1363 motus
1555 1327 1739 1372 speciatim
1764 1328 1919 1371 trahere,

116 1400 158 1424 ac
184 1388 213 1422 si
238 1387 328 1422 nihil
352 1386 451 1422 aliud
475 1387 512 1421 in
538 1386 671 1424 mundo
697 1385 744 1420 sit
768 1384 823 1419 vel
849 1385 1025 1429 agendum
1044 1390 1167 1430 restet,
1194 1397 1301 1430 quam
1328 1397 1420 1430 quae
1446 1386 1518 1421 illic
1536 1385 1757 1421 tumultuose
1782 1386 1920 1430 agitan-

116 1451 186 1483 tur.
235 1447 290 1481 Eo
322 1445 466 1480 tandem
498 1443 714 1488 prolabitur,
749 1448 789 1478 ut
821 1443 953 1479 Christi
985 1444 1146 1479 crucifixi
1178 1444 1367 1488 imaginem
1402 1444 1517 1479 stellis
1553 1455 1700 1479 assuere
1734 1448 1771 1479 et
1803 1444 1920 1480 denuo

117 1505 220 1549 quasi
245 1504 339 1539 inter
364 1504 484 1539 sidera
508 1502 719 1547 crucifigere
745 1514 817 1538 non
843 1505 1087 1548 exhorrescat,
1114 1504 1149 1538 id
1175 1503 1278 1538 nimis
1306 1503 1569 1547 superstitiose,
1594 1513 1638 1537 ne
1664 1502 1749 1546 quid
1767 1502 1920 1547 amplius

120 1562 248 1604 dicam.
295 1563 353 1598 Sic
379 1562 487 1598 etiam
513 1572 616 1596 enses
643 1566 677 1595 et
703 1572 807 1597 arcus
834 1574 879 1598 ex
903 1574 996 1597 nova
1020 1563 1089 1598 hac
1114 1566 1223 1607 atque
1248 1562 1372 1598 vicinis
1399 1561 1615 1606 Cassiopeae
1639 1561 1802 1605 fabricat,
1828 1560 1922 1596 forte

114 1621 313 1655 Vulcanum
340 1620 519 1664 quendam
544 1630 723 1654 armorum
749 1620 913 1664 opificem
943 1621 1120 1656 sideribus
1146 1620 1345 1656 intrudens.
1386 1620 1584 1665 Prophetia
1602 1620 1786 1665 Sibyllina,
1813 1630 1920 1663 quam

116 1677 262 1724 allegat,
290 1688 335 1713 an
359 1678 431 1713 huc
456 1678 639 1723 quippiam
664 1677 774 1715 faciat
799 1690 923 1722 necne,
950 1691 1043 1715 nunc
1071 1680 1269 1725 disquirere
1293 1679 1411 1715 nolo.“
1446 1680 1505 1715 Ex
1530 1679 1586 1714 his
1605 1679 1784 1724 Tychonis
1803 1678 1920 1714 verbis

114 1738 228 1782 iisque
247 1748 338 1782 quae
356 1737 380 1772 1.
398 1748 427 1773 0.
448 1736 627 1782 Keplerus
646 1738 896 1783 reprehendit,
923 1738 1029 1774 facile
1057 1738 1264 1784 apparebit,
1291 1738 1390 1783 quali
1414 1737 1557 1783 ingenio
1576 1738 1762 1773 Cornelius
1788 1741 1919 1772 tracta-

115 1795 205 1831 verit
229 1795 486 1831 astronomiam
511 1795 781 1840 physicamque.

254 1853 378 1889 Missis
403 1853 458 1888 his
483 1854 660 1889 minorum
685 1855 843 1899 gentium
869 1855 1085 1890 astronomis
1110 1865 1215 1890 verus
1236 1855 1311 1899 jam
1335 1858 1563 1890 astronomus
1589 1855 1828 1890 nominandus
1853 1858 1920 1898 est,

114 1913 331 1947 Erasmus
356 1911 503 1947 Reinh
518 1911 652 1948 oldus
679 1913 932 1957 Salfeldensis‚
959 1924 1065 1958 quem
1084 1913 1264 1958 Keplerus
1290 1913 1326 1949 in
1350 1913 1573 1958 praefatione
1599 1913 1645 1948 ad
1670 1912 1828 1948 Tabulas
1846 1913 1919 1947 Ru-

116 1970 307 2015 dolphinas
336 1969 417 2014 (vol.
444 1970 505 2005 VI.
531 1982 565 2015 p.
594 1972 674 2016 669)
700 1971 863 2006 maximis
890 1972 994 2007 effert
1019 1971 1187 2007 laudibus
1213 1972 1331 2015 ibique
1358 1982 1487 2006 causas
1514 1971 1617 2012 dicit,
1645 1971 1774 2015 quibus
1800 1974 1920 2006 motus

115 2027 352 2071 Reinholdus,
381 2028 571 2073 Copernici
607 2029 827 2073 amplectens
860 2029 1078 2074 hypothesin
1110 2029 1155 2065 de
1179 2030 1328 2071 mundo,
1361 2029 1397 2064 in
1430 2029 1530 2064 libris
1565 2029 1639 2063 suis
1672 2028 1769 2063 illam
1801 2029 1920 2073 palam

114 2087 275 2131 profiteri
306 2086 473 2121 noluerit.
524 2086 593 2128 Qui
618 2086 670 2121 vir
703 2087 783 2131 quis
819 2088 935 2122 nescit
979 2092 1202 2132 quantopere
1237 2088 1280 2122 de
1312 2088 1532 2122 astronomia
1563 2087 1731 2122 meruerit
1759 2087 1920 2122 0110511-

114 2145 201 2180 tutis
226 2145 385 2189 priorum
410 2144 510 2180 libris
536 2145 805 2190 astronomicis,
834 2150 870 2180 et
895 2144 1166 2180 accuratissime
1192 2145 1423 2180 conficiendis
1448 2144 1601 2186 tabulis,
1624 2150 1660 2180 et
1685 2144 1920 2187 observando,

116 2207 287 2247 quantum
324 2202 361 2237 in
391 2203 454 2238 illa
488 2202 626 2239 scilicet
661 2205 981 2240 instrumentorum
1018 2205 1341 2240 astronomicorum
1380 2204 1483 2249 copia
1517 2209 1553 2239 et
1590 2203 1805 2240 certitudine
1841 2203 1919 2238 fieri

116 2261 243 2306 potuit,
270 2261 428 2297 siderum
455 2273 574 2298 cursu.
625 2262 807 2307 Aequales
833 2268 869 2297 et
885 2263 1022 2308 posteri
1041 2262 1175 2308 scripta
1192 2263 1259 2297 viri
1276 2262 1507 2298 eruditissimi
1526 2274 1632 2306 quam
1647 2262 1790 2306 plurimi
1808 2261 1919 2297 habe-

115 2321 214 2363 bant,
241 2320 355 2356 donec
380 2321 571 2366 Keplerus,
596 2321 632 2355 in
656 2321 784 2356 melius
809 2321 977 2356 restituta
1004 2322 1191 2366 Copernici
1217 2321 1445 2364 astronomia,
1473 2317 1545 2356 {uis
1571 2320 1739 2365 operibus
1766 2325 1800 2356 et
1817 2331 1918 2365 prae-

116 2378 220 2424 cipue
248 2379 402 2421 „tabulis
426 2379 692 2424 Rudolphinis“
720 2391 848 2415 novam
873 2381 1113 2416 astronomiae
1140 2380 1312 2416 studiosis
1338 2382 1429 2417 viam
1455 2382 1608 2427 aperuit.

256 2437 357 2480 Quae
382 2443 528 2473 exstant
546 2438 741 2473 Reinholdi
765 2449 885 2483 opera.
911 2439 1072 2483 quamvis
1097 2439 1133 2473 in
1156 2440 1362 2484 praemissis
1389 2440 1628 2475 voluminibus
1648 2439 1780 2485 passim
1798 2449 1918 2474 recen-

117 2495 196 2539 sita,
222 2494 281 2530 hic
306 2500 424 2530 tamen
450 2495 515 2530 sub
541 2507 651 2531 unum
677 2501 910 2541 conspectum
936 2497 1102 2541 ponenda
1127 2502 1224 2532 sunt.
1273 2499 1378 2533 Anno
1396 2500 1488 2534 ’1542
1514 2498 1762 2543 Wittebergae
1787 2496 1919 2542 prodiit

116 2554 267 2599 primum
302 2553 494 2588 Reinholdi
530 2565 636 2599 opus,
679 2555 907 2600 inscriptum:
955 2556 1150 2592 Theoricae
1173 2567 1289 2592 novae
1318 2558 1554 2603 planetarum
1592 2555 1776 2600 Georyii
1810 2555 1918 2590 Pur-

117 2611 267 2648 backii
293 2611 484 2655 Germani,
508 2614 675 2657 pluribus
699 2615 827 2660 figuris
852 2619 982 2650 auctae
1007 2619 1040 2650 et
1064 2616 1268 2651 illustratae
1292 2616 1453 2656 scholiis,
1481 2616 1609 2659 quibus
1634 2614 1790 2649 studiosi
1813 2624 1918 2658 prae-

111 2675 292 2716 parentur
316 2680 360 2705 ao
383 2671 583 2706 invitentur
609 2673 658 2707 acl
682 2672 868 2707 lectionem
891 2672 1007 2716 ipsius
1032 2673 1245 2709 Ptolemaei.
1293 2673 1443 2708 Inserta
1475 2673 1558 2707 item
1590 2671 1794 2707 methodica
1826 2675 1919 2707 trac-

115 2731 208 2765 tatio
234 2730 277 2765 de
301 2730 568 2765 illuminatione
592 2731 734 2766 Lanae.
781 2730 903 2776 Typus
934 2732 1075 2776 eclipsis
1100 2731 1198 2767 Solis
1219 2732 1367 2776 futurae
1394 2742 1491 2766 anno
1518 2733 1606 2765 1544.
1641 2729 1788 2773 (1100115.
1815 2729 1917 2765 0111115

121 2789 219 2832 1553,
247 2788 347 2833 1580,
377 2787 460 2823 1601
489 2788 748 2832 Wittebergae,
775 2799 868 2824 anno
896 2790 984 2824 1555
1010 2789 1186 2833 Parisiis.)

255 2848 296 2882 In
320 2846 545 2892 praefatione
579 2846 669 2881 haec
702 2845 788 2881 dicit
811 2847 1056 2883 Reinholdus:
1092 2848 1230 2888 „Debet
1260 2845 1402 2882 libellus
1434 2846 1503 2881 1100
1535 2847 1677 2882 1101111110
1702 2857 1723 2882 a
1747 2848 1918 2884 studiosis

115 2905 341 2952 magnifieri,
368 2904 463 2951 quod
489 2909 641 2939 conatus
661 2908 717 2938 est
734 2909 860 2939 auctor
877 2905 1060 2948 aptissime
1085 2915 1127 2940 00
1145 2904 1352 2939 brevissime
1378 2904 1520 2939 tradere
1545 2915 1717 2940 summam
1736 2906 1918 2941 doctrinae

118 2963 162 2998 de
186 2963 341 2998 motibus
359 2962 568 2998 coelestium
587 2972 774 3006 corporum
795 2966 830 2996 et
848 2962 979 2996 aditum
998 2962 1043 2996 ad
1060 2966 1208 3006 μεγαλην
1224 2964 1376 2999 amatu>
1401 2963 1684 3006 cognoscendam
1702 2964 1930 3023 patefacere‘

116 3023 153 3056 in
180 3031 252 3065 qua
274 3020 503 3056 Ptolemaeus
530 3021 649 3055 fontes
674 3024 710 3055 et
735 3030 863 3055 causas
889 3024 1064 3054 monstrat
1090 3019 1197 3063 hujus
1223 3020 1483 3063 pulcherrimae
1509 3021 1607 3066 artis,
1632 3026 1741 3065 atque
1765 3032 1808 3056 ex
1827 3022 1916 3066 ipsis

117 3078 359 3115 fundamentis
384 3078 420 3114 h.
447 3089 478 3114 e.
505 3078 835 3122 observationibus,
868 3088 960 3122 quae
995 3078 1086 3113 fiunt
1111 3088 1176 3122 per
1206 3077 1455 3123 iustrumenta,
1488 3078 1656 3114 adhibitis
1688 3080 1914 3124 geometricis

118 3136 481 3173 demonstrationibus
507 3137 661 3172 exstruit
686 3141 801 3174 totum
825 3135 915 3172 illud
943 3135 1144 3172 aedificium
1169 3136 1268 3173 artis.
1319 3137 1544 3173 Purbachius
1569 3138 1621 3173 ita
1645 3139 1758 3183 probe
1792 3138 1917 3174 calluit
