2126 3388
217 143 301 188 792
891 139 973 174 Vita.
995 137 1146 174 Joannis
1171 136 1331 183 Kepleri.

217 264 279 302 die
311 263 422 302 Wort
463 261 538 310 bey
571 259 656 297 dem
698 260 899 307 gemeinen
933 257 1052 295 Mann
1092 256 1297 295 entlehnen
1336 257 1515 301 miissen,
1555 264 1600 292 so
1631 251 1695 291 wil
1736 252 1802 290 der
1832 251 2008 301 gemeine

215 323 335 360 Mami
368 322 423 358 sie
454 319 558 355 nicht
589 316 745 354 andei-st
775 315 1004 361 verstehen,
1047 314 1148 352 dann
1188 317 1259 353 wie
1293 326 1331 351 er
1362 312 1585 361 gewohnet,
1629 312 1740 349 weiss
1775 310 1900 348 nichts
1933 320 2009 346 von

219 381 289 418 den
323 376 646 416 abstractionibus
677 375 936 423 generalium,
978 373 1103 412 siehet
1133 386 1204 411 nur
1235 373 1317 410 auff
1345 371 1406 408 die
1439 374 1637 416 concreta,
1679 369 1762 406 lobt
1796 368 1861 406 offt
1903 369 2013 405 einen

218 436 406 476 Calender
437 436 474 470 in
507 435 631 471 einem
663 432 923 470 zutreffenden
946 431 1044 479 Fall,
1077 432 1145 468 ans
1164 431 1332 468 welchen
1366 429 1432 466 der
1463 428 1603 465 author
1633 429 1694 464 nie
1724 425 1901 474 gedacht‚
1936 424 2014 461 vnd

222 495 338 534 schilt
368 494 564 541 hingegen
598 491 667 528 auf
694 492 779 537 ihn,
812 502 925 527 wann
959 488 1027 527 das
1059 490 1211 528 Wetter
1241 488 1346 526 nicht
1377 487 1534 537 kompt,
1565 487 1638 523 wie
1671 496 1709 523 er
1740 484 1838 521 ihms
1871 494 2017 532 cynge-

219 553 358 598 bildet,
398 562 441 587 so
484 549 581 586 doch
626 554 725 586 etwa
758 548 823 585 der
856 547 1044 585 Calender
1075 550 1110 584 in
1148 549 1273 585 seiner
1311 545 1531 593 miiglichen
1564 542 1803 581 Generalitet
1842 553 1911 590 gar
1942 539 2018 577 wol

219 609 478 658 zugetrofl'en:
510 606 694 645 Welcher
724 606 904 644 verdrnss
935 606 1036 644 mich
1059 605 1316 651 vcrvrsachet‚
1351 603 1439 641 dass
1461 603 1523 640 ich
1545 601 1715 640 endtlich
1735 600 1811 638 hab
1833 599 2018 637 aul'h'oren

219 667 407 707 Calender
438 678 485 702 zu
517 665 731 702 schreiben.

357 725 401 761 In
435 723 604 770 Summa,
638 735 678 760 es
710 722 825 771 gehet
857 723 927 760 wie
960 722 1034 771 bey
1067 721 1138 759 den
1172 719 1422 768 Pliilosophis
1444 718 1656 755 Platonicis
1689 717 1757 753 mit
1788 714 1860 753 den
1893 716 2019 752 sensi-

220 786 291 823 bus
323 782 403 820 vnd
435 788 574 827 mente,
608 793 721 818 wann
753 781 820 818 der
850 781 949 818 Heri·
980 781 1031 816 im
1053 780 1184 817 Hauss
1207 781 1265 816 ein
1289 778 1386 815 Narr
1416 779 1477 823 ist,
1511 775 1588 813 vnd
1609 774 1714 812 nicht
1735 773 1861 811 selber
1883 773 2015 811 besscr

219 844 345 889 weiss,
379 842 450 878 wie
483 852 522 877 er
555 841 639 877 eine
670 851 815 888 ansage
848 838 1050 876 verstehen
1085 838 1160 875 vnd
1193 836 1438 874 auffnehmen
1469 833 1578 879 50116,
1611 845 1654 871 so
1686 833 1761 869 kan
1794 832 1896 869 ihme
1929 831 2016 868 kein

219 901 312 938 Bott
343 899 450 938 recht
480 898 587 943 thun,
622 897 714 935 oder
745 908 960 946 gnugsame
991 896 1271 943 nachriehtung
1302 895 1483 941 bringen,
1529 892 1630 929 daun
1661 891 1728 928 der
1757 890 1851 927 Bott
1882 888 2018 935 selber,

223 959 288 996 der
319 969 469 1003 sensus,
503 958 552 993 ist
586 955 660 994 viel
692 967 740 992 zu
772 956 866 1005 grob
901 954 976 992 vnd
1012 953 1288 1001 vnverstiindig
1320 952 1466 989 hierzu.

357 1023 553 1067 Keplernm
581 1032 672 1056 anno
701 1022 789 1057 1609
816 1020 896 1055 (luci
921 1020 1248 1062 Wtirttembergico
1276 1017 1491 1053 sententiam
1518 1026 1619 1052 suam
1646 1016 1689 1051 de
1714 1014 1785 1050 fide
1812 1013 2022 1049 Lutherana

225 1082 478 1127 proposuisse,
505 1090 615 1124 supra
641 1079 813 1122 diximus3
846 1078 1026 1122 theologis
1052 1076 1370 1119 Wtirtenibergicis
1396 1076 1489 1110 hanc
1515 1074 1778 1109 confessionem
1804 1073 1920 1107 minus
1946 1071 2022 1116 pla—

215 1141 353 1185 cuisse,
379 1139 474 1174 infra
499 1139 649 1182 patebit,
677 1137 770 1171 sicut
796 1136 903 1171 etiam
930 1146 974 1169 ex
999 1134 1054 1169 his
1081 1134 1126 1168 ad
1151 1134 1342 1169 Matthiani
1368 1132 1657 1168 Hafenrefferum
1684 1131 1777 1167 datis
1803 1131 1930 1167 literis·

363 1232 542 1278 Keplerus
567 1231 675 1274 igitur
699 1230 789 1265 haec
816 1228 961 1273 scripsit
984 1227 1249 1263 Hafenreffero.

360 1350 589 1389 Reverendo
622 1354 658 1387 et
690 1349 913 1387 charissime
945 1347 994 1387 D.
1018 1347 1264 1395 Praeceptor.
1317 1345 1414 1383 Cum
1445 1346 1483 1383 in
1515 1345 1618 1383 hunc
1650 1343 1895 1383 tabellarium
1917 1342 2027 1381 Mar-

222 1409 457 1460 pachensem
489 1408 721 1454 incidissem,
754 1408 835 1443 sine
867 1406 986 1443 literis
1020 1404 1067 1442 ad
1100 1404 1145 1442 R.
1181 1404 1224 1442 T.
1260 1415 1336 1441 non
1370 1406 1500 1442 censui
1533 1402 1815 1449 dimittendum,
1848 1413 2027 1451 praeser-

223 1470 292 1506 tim
324 1469 416 1516 quia
454 1479 562 1517 spem
600 1468 659 1504 sui
700 1465 845 1503 reditus
885 1464 975 1502 fecit
1007 1464 1107 1500 intra
1145 1464 1382 1511 septimanas
1414 1475 1492 1500 sex.
1556 1463 1693 1510 Itaque
1724 1460 1919 1508 significo,
1965 1471 2027 1498 me

224 1526 274 1564 ad
304 1525 436 1563 literas
476 1531 581 1573 tuas,
626 1525 766 1573 quibus
807 1535 914 1571 spem
952 1522 1128 1570 responsi
1169 1521 1218 1559 ad
1259 1532 1449 1570 personae
1492 1532 1599 1559 meac
1640 1519 1880 1568 obJectiones
1918 1518 2026 1567 facis,

224 1585 466 1633 rescripsisse
506 1595 574 1632 per
605 1587 756 1632 postam
789 1593 912 1629 eoque
944 1591 1056 1629 spero
1101 1584 1135 1616 tc
1175 1579 1261 1616 illas
1299 1581 1505 1628 recepisse.
1568 1578 1717 1626 Quodsi
1749 1577 1842 1626 quid
1881 1577 2029 1614 interca

225 1648 453 1691 conceptum
485 1648 542 1680 est
574 1653 596 1678 a
628 1652 823 1689 quoquam
857 1645 922 1676 tuo
955 1638 1017 1676 vel
1041 1638 1088 1675 D.
1119 1638 1165 1674 t).
1190 1637 1420 1675 Cancellarii
1453 1637 1621 1682 hortatu,
1656 1635 1707 1683 id,
1740 1647 1816 1672 non
1849 1635 2029 1673 obstante

226 1700 411 1749 quicquid
443 1701 666 1738 acerbitatis
698 1699 794 1736 forte
827 1698 981 1743 habeat,
1015 1695 1129 1733 modo
1164 1695 1209 1734 de
1243 1701 1368 1733 cetero
1401 1695 1509 1733 Tuae
1543 1702 1578 1733 ct
1611 1693 1839 1732 Cancellarii
1871 1698 2028 1731 senten-

225 1761 301 1797 tiae
334 1760 383 1796 sit
415 1765 737 1802 consentaneum,
775 1767 869 1804 rogo
908 1756 1169 1804 praesentium
1209 1754 1323 1792 latori
1366 1753 1508 1792 tradas,
1570 1752 1692 1791 Simul
1727 1757 1857 1790 antem
1888 1756 1926 1789 61
1957 1751 2030 1789 1106

225 1829 332 1865 rogo,
367 1822 409 1853 111
441 1816 625 1865 quicquid
658 1815 760 1864 apud
792 1814 837 1851 R.
870 1814 995 1851 Tuam
1036 1813 1175 1861 reliqui
1214 1812 1443 1850 schedarum
1484 1824 1552 1851 seu
1592 1812 1812 1860 germanico
1845 1809 2029 1847 idiomate

225 1887 294 1913 seu
326 1875 467 1920 latino,
509 1875 605 1912 illud
635 1875 714 1922 jam
748 1873 888 1918 addas,
930 1878 970 1909 ut
1003 1871 1158 1909 tandem
1191 1870 1400 1919 aliquando
1434 1870 1483 1908 ad
1515 1882 1627 1908 suum
1660 1869 1856 1907 dominum
1888 1879 2021 1906 rever-

226 1938 369 1971 tantur.
430 1933 529 1970 Nam
561 1934 592 1970 si
627 1944 756 1970 earum
790 1931 996 1978 Tubingae
1029 1929 1090 1967 vel
1124 1928 1374 1967 Stuccardiae
1408 1941 1498 1966 usus
1532 1940 1615 1966 esse
1647 1929 1795 1977 potnit,
1833 1938 1919 1965 eum
1947 1926 2029 1975 jam

226 1997 321 2041 puto
354 1993 582 2040 exspirasse.
636 1990 705 2028 Sin
737 1996 886 2034 antem,
921 1995 962 2025 ut
995 2000 1041 2026 ex
1073 1988 1194 2024 literis
1228 1987 1430 2035 cujusdam
1465 1986 1701 2025 intellexisse
1734 1985 1881 2031 videor,
1915 1984 2031 2022 51116-

229 2049 396 2087 cardiam
430 2049 562 2098 aliqua
594 2048 640 2087 de
673 2050 718 2085 iis
751 2048 933 2096 ablegata
965 2058 987 2083 a
1019 2052 1056 2083 te
1089 2046 1242 2083 suerunt
1274 2048 1461 2083 1611166111
1484 2044 1740 2092 commodum,
1773 2056 1819 2082 ea
1851 2054 2028 2092 quocun-

230 2119 304 2156 que
333 2110 578 2156 pervenerint
609 2111 714 2144 sarta
746 2112 848 2143 tecta
880 2106 959 2142 sore
992 2110 1098 2153 puto,
1132 2115 1255 2152 eoque
1288 2104 1421 2142 611106
1447 2115 1554 2153 rogo,
1589 2109 1628 2141 ut
1659 2102 1904 2140 tabellarium
1925 2101 2027 2139 1111116

230 2177 316 2204 cum
348 2165 490 2203 scheda
521 2166 569 2203 ad
604 2165 669 2202 illa
700 2164 908 2213 repetenda
930 2163 1175 2211 Pragamque
1207 2162 1446 2211 deportanda
1473 2162 1649 2210 -ableges
1693 2160 1884 2209 Equidem
1909 2170 2030 2208 quos-

231 2235 382 2272 cunque
415 2223 482 2262 1116
513 2224 675 2261 lectores
708 2229 822 2260 nacta
852 2223 1013 2268 fuerint,
1049 2232 1114 2258 eos
1146 2220 1220 2257 hoc
1251 2227 1450 2269 reputasse
1482 2225 1594 2269 puto,
1628 2231 1687 2257 me
1720 2230 1794 2256 non
1827 2218 2029 2267 reliquisse

232 2282 299 2319 illa
331 2287 372 2318 ut
405 2283 449 2318 iis
482 2282 623 2319 chartis
655 2283 837 2330 privarer,
873 2280 984 2328 quasi
1016 2279 1107 2316 1111111
1142 2278 1244 2315 (101111
1277 2290 1412 2316 manus
1445 2279 1494 2316 ad
1526 2277 1691 2316 urendas
1723 2277 1924 2323 defuerint,
1958 2274 2027 2313 sed

230 2345 273 2377 ut
303 2339 504 2388 scrupulis,
538 2351 635 2388 quos
667 2339 808 2377 chartis
841 2338 1032 2387 expressi,
1072 2342 1222 2385 promta
1254 2336 1525 2385 theologorum
1557 2337 1799 2374 institutione
1830 2335 2028 2373 liberarer.

231 2397 308 2436 Sed
340 2399 428 2446 qui,
471 2404 511 2434 111
543 2409 659 2446 supra
693 2397 849 2443 dictum,
884 2407 1040 2445 operam
1072 2395 1133 2432 hic
1165 2394 1257 2430 mihi
1289 2395 1516 2441 collocavit,
1550 2396 1584 2432 ei
1617 2394 1663 2432 de
1695 2393 1900 2431 honorario
1935 2404 2029 2430 aca-

231 2456 393 2504 demiae,
426 2457 458 2493 si
491 2461 681 2504 repertum
714 2461 751 2492 et
782 2460 976 2502 receptum
1006 2454 1141 2499 fuerit,
1194 2464 1252 2490 110
1285 2453 1442 2490 arbitrio
1476 2459 1541 2490 tuo
1572 2465 1658 2490 meo
1691 2453 1845 2489 nominc
1879 2449 2027 2499 aliquid

231 2514 362 2552 dones.
425 2513 491 2551 Sin
526 2519 654 2551 autem
685 2514 815 2561 periit,
849 2512 1074 2549 dilationem
1107 2516 1195 2559 peto
1229 2510 1318 2547 dum
1350 2511 1467 2560 paulo
1498 2511 1699 2549 liberalius
1731 2510 1825 2547 mihi
1858 2521 1905 2547 ex
1937 2508 2028 2547 aula

231 2578 374 2619 nostra,
409 2574 464 2609 uti
495 2584 583 2620 spes
615 2583 735 2620 nuper
767 2571 880 2615 tacta,
913 2571 1027 2607 fuerit
1060 2574 1318 2618 prospectum.

371 2630 468 2668 Cum
501 2629 694 2667 audissem
725 2628 969 2677 respondisse
991 2628 1354 2675 Heidelbeigenses,
1386 2626 1525 2676 puduit
1551 2626 1725 2665 nonnihil
1757 2625 1846 2664 falsi
1879 2623 2030 2672 indicii3

232 2688 324 2726 mihi
358 2690 459 2726 enim
492 2694 573 2726 erat
606 2687 761 2731 dictum,
795 2698 871 2724 non
893 2697 1157 2735 responsuros·
1200 2684 1250 2723 Ut
1282 2685 1370 2734 legi,
1404 2686 1563 2723 miratus
1585 2697 1669 2723 sum
1693 2684 1780 2722 illos
1800 2695 1875 2721 non
1899 2684 2030 2733 potius

234 2749 271 2783 in
303 2746 471 2784 solidum
504 2748 683 2792 tacuisse,
717 2757 831 2794 quam
862 2751 905 2782 ut
936 2747 1092 2782 arrectis
1124 2744 1310 2781 lectorum
1332 2743 1584 2781 sollicitorum
1608 2744 1745 2781 animis
1766 2743 1880 2780 rebus
1903 2742 2030 2778 missis

235 2804 451 2843 illuderent.
513 2804 611 2842 Nam
644 2804 737 2853 quid
769 2804 862 2840 mihi
894 2802 1051 2852 prodest
1084 2802 1130 2840 de
1162 2802 1273 2840 factis
1295 2803 1500 2840 resciscere
1522 2813 1784 2851 personarum,
1818 2801 1884 2849 qui
1906 2799 2031 2837 medi-

236 2865 360 2900 cinam
393 2869 574 2912 exspecto
608 2862 833 2911 dogmatum
866 2866 903 2899 et
934 2872 1069 2910 pacem
1103 2860 1251 2909 capto?
1301 2860 1422 2898 Vides
1446 2870 1633 2908 quantum
1665 2863 1934 2908 argumentum
1956 2857 2031 2895 ali-

237 2920 330 2970 quid
361 2921 515 2970 publice
547 2920 751 2967 scribendi,
785 2921 817 2956 si
849 2921 909 2957 cui
943 2918 1215 2957 concederetur
1247 2930 1295 2956 ea
1324 2919 1495 2965 libertas,
1528 2930 1645 2967 quam
1666 2918 1740 2955 sibi
1771 2918 1907 2954 sumsit
1938 2927 2032 2953 con-

238 2984 389 3027 ceptum
432 2991 559 3018 meum
595 2980 879 3028 germanicum,
923 2983 961 3016 et
990 2979 1023 3015 si
1055 2978 1208 3016 occasio
1250 2982 1420 3026 pateret,
1464 2976 1613 3026 aliquid
1654 2974 1793 3014 edendi
1823 2985 2030 3024 suppresso

238 3047 405 3076 nomine.

376 3094 509 3132 Scribo
537 3097 619 3145 jam
650 3095 823 3134 exercitii
856 3105 974 3133 causa
1005 3098 1139 3132 contra
1160 3093 1380 3133 Hubertum
1402 3092 1625 3143 Sturmium,
1659 3091 1770 3144 cujus
1792 3101 1894 3129 anno
1920 3094 2029 3132 1604
