2126 3388
639 167 786 215 Kepleri
809 167 992 205 literarum
1018 168 1138 206 studia
1162 173 1198 206 et
1224 169 1396 206 doctrina.
1799 170 1911 214 1007

124 287 185 325 las
216 287 333 326 etiam
365 287 499 327 ordine
535 289 585 327 ad
618 300 807 328 summam
837 289 1006 338 priorum
1038 288 1177 339 adjeci.
1239 289 1420 328 Collectis
1453 289 1631 328 omnibus
1663 300 1812 328 summa
1844 289 1916 327 suit

125 349 365 395 36000000,
397 352 439 385 ut
469 359 538 397 par
569 352 638 387 est.
701 348 942 397 Comparatis
984 349 1099 397 igitur
1136 348 1296 397 singulis
1339 350 1496 386 summis
1530 360 1615 386 cum
1656 348 1767 386 totali
1800 349 1911 396 (pro-

77 398 83 410 “
122 402 326 453 portione),
358 408 639 455 praecisissime
660 406 803 456 prodiit
822 405 924 443 idem
947 406 983 442 in
1005 406 1184 444 secundis
1215 409 1329 444 etiam
1362 407 1563 456 scrupulis,
1598 406 1701 456 quod
1721 406 1912 456 prodibat,

121 464 153 500 si
186 461 386 501 dimidiam
416 466 739 503 ecceutrieitatem
771 466 810 501 in
840 465 966 501 sinum
997 465 1213 502 anomaliae
1243 467 1406 502 eccentri
1429 465 1744 514 multiplicassem
1767 470 1912 503 etcum

122 532 212 559 area
243 522 391 572 circuli,
422 534 521 572 quae
554 523 700 561 valeret
730 523 863 561 itidem
895 526 976 560 360
1011 524 1168 571 (nomen
1201 523 1402 561 artificiale
1442 525 1624 572 temporis
1654 523 1912 572 restitutorii),

121 590 407 628 comparassem
412 609 583 621 ......
647 580 742 618 Cum
775 582 891 630 igitur
922 586 1114 619 constaret
1146 580 1192 618 de
1224 593 1262 618 re
1294 582 1398 630 ipsa,
1432 587 1569 630 postea
1600 582 1790 631 impulsus
1823 593 1908 619 sum

122 637 170 675 ad
202 638 470 688 inquirendam
503 651 549 677 ex
580 640 775 688 principiis
813 639 931 677 semel
963 640 1151 687 susceptis
1183 640 1306 687 ipsam
1338 640 1454 676 etiam
1493 651 1648 677 causam
1680 642 1754 687 rei,
1797 651 1912 689 quam

122 696 195 734 hoc
236 698 363 746 eapite
409 709 525 746 quam
570 699 695 747 potuit
737 697 817 733 fieri
863 697 1178 735 artificiosissime
1221 703 1258 734 et
1290 697 1498 736 clarissime
1540 701 1791 746 (proprietates
1830 701 1915 735 dicit

122 757 308 802 euipseos)
335 754 469 793 lectori
503 755 644 793 detexi.
706 754 839 803 Quod,
885 757 956 792 nisi
999 767 1141 793 causae
1184 754 1368 804 physicae
1410 757 1519 794 initio
1552 768 1575 793 a
1605 768 1665 794 me
1708 761 1912 806 susceptae

122 813 207 851 loco
239 814 512 863 principiorum
534 814 678 863 probae
702 819 840 859 essent,
873 825 1071 862 nunquam
1094 816 1130 850 in
1154 818 1260 850 tanta
1280 813 1495 852 subtilitate
1527 815 1789 863 inquisitionis
1818 826 1912 853 con-

121 873 257 910 sistere
288 873 517 921 potuissent.
560 871 602 910 Si
634 872 720 921 quis
752 876 875 921 putat,
909 872 1182 909 obscuritatem
1215 871 1329 920 hujus
1362 872 1634 922 disputationis
1667 885 1713 910 ex
1745 874 1819 911 mei
1851 875 1912 910 in-

123 931 225 978 genii
256 929 507 979 perplexitate
540 931 646 978 oriri,
681 931 717 968 ei
748 941 820 979 ego
852 929 1004 979 culpam
1036 929 1135 968 hanc
1165 930 1353 967 hactenus
1383 931 1551 978 fatebor,
1594 931 1695 980 quod
1727 932 1822 969 haec
1854 933 1914 968 in-

123 994 228 1026 tacta
257 987 472 1037 relinquere
503 988 713 1036 noluerim,
756 990 1005 1037 quantumvis
1039 989 1313 1026 obscurissima
1353 1001 1423 1027 nec
1467 989 1580 1027 valde
1611 991 1830 1028 necessaria
1861 989 1911 1028 ad

122 1046 357 1095 astrologiae
389 1048 632 1094 exercitium,
675 1059 790 1096 quem
821 1048 976 1084 unicum
1019 1046 1133 1084 finem
1165 1046 1338 1096 plerique
1376 1052 1550 1085 statuunt
1589 1048 1704 1097 hujus
1737 1048 1915 1098 philoso-

122 1104 238 1154 phiae
270 1104 461 1143 coelestis.
515 1105 693 1144 Ceterum
725 1104 829 1154 quod
861 1106 1060 1142 materiam
1092 1107 1241 1147 attinet,
1273 1116 1366 1154 rogo
1398 1105 1619 1155 hujusmodi
1651 1106 1840 1155 aliquem,
1874 1112 1916 1144 ut

123 1162 326 1212 Apollonii
356 1163 501 1201 Conica
529 1163 656 1213 legat:
700 1163 867 1210 videbit,
908 1175 992 1201 esse
1025 1163 1212 1212 quasdam
1243 1165 1441 1211 materias,
1484 1177 1583 1214 quae
1623 1164 1728 1202 nulla
1769 1167 1912 1214 ingenii

122 1221 305 1260 felicitate
338 1223 394 1260 ita
424 1221 522 1259 tradi
552 1224 719 1271 possint,
761 1227 803 1259 ut
834 1223 1004 1259 cursoria
1034 1222 1201 1260 lectione
1234 1222 1597 1271 compehendantur.
1659 1223 1915 1262 Meditatione

129 1291 227 1330 opus
259 1285 316 1318 est
348 1285 384 1318 et
416 1281 645 1319 creberrima
676 1282 930 1318 ruminatione
963 1280 1190 1318 dictorum.“

269 1339 330 1376 De
361 1339 594 1377 immanibus
625 1341 706 1377 suis
737 1339 935 1376 laboribus
968 1338 1018 1376 ad
1050 1338 1357 1377 constituendam
1379 1351 1511 1378 veram
1541 1339 1783 1389 planetarum
1804 1339 1916 1377 theo-

123 1397 218 1434 riam
263 1397 543 1445 conatibusque
576 1397 845 1436 diversissimis
878 1398 1033 1446 saepius
1074 1397 1168 1434 dicit
1198 1397 1392 1446 chlerus
1423 1400 1459 1434 in
1493 1398 1589 1436 libro
1634 1409 1717 1436 suo.
1780 1398 1915 1435 Amico

124 1455 306 1493 Fabricio
339 1457 513 1504 scripsit:
560 1456 727 1507 „Narras
758 1455 971 1505 periculum
1010 1455 1243 1493 valetudinis
1278 1467 1324 1493 ex
1357 1458 1708 1505 computationibus
1741 1462 1918 1494 contrac-

125 1519 219 1551 tum.
263 1513 356 1551 Post
387 1514 526 1551 festum
558 1516 687 1561 venio,
719 1514 950 1553 medicinam
981 1518 1110 1552 tamen
1143 1514 1303 1552 suadeo.
1353 1515 1562 1553 Abstineas
1594 1528 1616 1553 a
1649 1514 1919 1553 constituenda

125 1571 333 1622 hypothesi
364 1571 513 1619 Martis,
544 1572 624 1621 jam
657 1573 757 1611 enim
779 1578 838 1610 est
859 1573 1082 1610 constitutas
1125 1572 1209 1621 Ego
1232 1578 1381 1610 tantum
1413 1575 1571 1611 insumsi
1602 1574 1758 1620 laboris,
1792 1585 1917 1622 quan-

124 1635 206 1668 tum
239 1629 380 1668 sufficit
411 1629 475 1668 vel
506 1629 638 1669 decem
669 1631 877 1677 mortibus,
922 1636 960 1668 et
997 1632 1143 1679 pervici
1184 1643 1253 1679 per
1283 1631 1357 1669 Dei
1390 1633 1551 1681 gratiam
1590 1633 1825 1681 pervenique
1859 1643 1916 1678 e0,

125 1693 167 1726 ut
199 1693 401 1727 contentus
434 1700 518 1727 esse
550 1690 697 1740 possim
735 1691 830 1727 meis
866 1690 1035 1727 inventis
1068 1694 1104 1727 et
1145 1691 1310 1738 quietus.
1373 1691 1594 1739 Antequam
1634 1692 1918 1739 acquiescerem

125 1748 304 1794 inventis,
338 1748 538 1796 quiescere
570 1750 726 1786 omnino
758 1759 835 1785 non
867 1749 997 1797 potui;
1039 1759 1086 1785 ex
1118 1750 1311 1796 praesenti
1343 1749 1458 1797 igitur
1490 1751 1619 1798 quiete
1650 1754 1917 1798 argumentare

126 1804 173 1844 de
204 1806 300 1843 meis
331 1804 535 1845 inventis‚“
590 1809 633 1852 (E
660 1808 774 1843 literis
801 1807 832 1842 d.
860 1809 895 1843 d.
923 1810 977 1844 10.
1004 1809 1094 1844 Nor.
1125 1809 1238 1853 1608.)

263 1863 510 1913 Inquisitioni
542 1866 624 1903 veri
655 1865 802 1901 itineris
833 1863 1075 1913 planetarum
1109 1865 1260 1903 accedit
1290 1866 1491 1915 inquisitio
1535 1877 1673 1903 causae
1716 1865 1918 1911 moventis,

127 1933 243 1971 quam
275 1928 317 1960 ut
347 1934 464 1972 supra
487 1921 632 1960 dietum
655 1927 713 1960 est
736 1922 928 1971 Keplerus
950 1925 1102 1972 reponit
1125 1925 1161 1960 in
1183 1923 1315 1963 Solem
1348 1935 1512 1973 eamque
1543 1930 1739 1973 comparat
1773 1935 1857 1962 cum
1882 1924 1921 1961 vi

125 1981 364 2030 magnetica,
408 1992 484 2029 qua
525 1980 715 2019 vehantur
745 1981 947 2030 planetae,
981 1993 1079 2030 quos
1122 1982 1255 2021 itidem
1287 1983 1378 2020 facit
1409 1988 1620 2031 magnetes
1684 1982 1770 2034 „De
1801 1982 1920 2019 Terra

124 2050 202 2077 non
241 2044 301 2077 est
342 2038 518 2086 dubium,
557 2039 738 2089 probavit
775 2039 814 2076 id
847 2038 1084 2076 Gilbertusf·
1148 2040 1260 2079 Hanc
1299 2043 1520 2090 opinionem
1559 2041 1819 2079 demonstrare
1851 2051 1919 2077 co-

125 2102 240 2135 natus
271 2099 310 2134 in
342 2097 561 2135 subsidium
593 2102 710 2135 vocat
733 2098 973 2135 volutionem
995 2097 1095 2136 Solis
1119 2101 1218 2137 circa
1238 2112 1361 2147 axem,
1396 2112 1511 2149 quam
1544 2099 1780 2137 volutionem
1805 2100 1918 2136 eitius

125 2157 308 2194 trimestri
330 2157 456 2205 spatio
479 2155 610 2206 perfici
632 2157 779 2204 statuit,
811 2156 1020 2194 verisimile
1044 2168 1127 2194 esse
1155 2157 1228 2195 hoc
1247 2158 1328 2196 fieri
1350 2160 1497 2196 circiter
1519 2157 1656 2204 tridu0,
1684 2159 1766 2209 „sin
1789 2164 1917 2194 autem

126 2215 251 2252 mavis
284 2213 462 2251 diurnum
493 2213 575 2252 Soli
606 2218 758 2263 tempus
789 2215 1061 2263 praescribere,
1095 2220 1137 2252 ut
1169 2215 1304 2254 diurna
1325 2216 1491 2254 Telluris
1524 2218 1725 2253 conversio
1759 2217 1795 2252 vi
1819 2227 1918 2263 qua-

127 2271 216 2310 dam
248 2273 469 2321 magnetica
500 2272 742 2322 dispensetur
773 2284 796 2310 a
827 2272 964 2310 diurna
995 2273 1103 2321 globi
1132 2274 1269 2312 solaris
1302 2275 1571 2319 conversione,
1604 2273 1708 2311 haud
1740 2273 1917 2322 equidem

125 2328 462 2380 repugnaverim.“
504 2330 617 2368 Hanc
639 2332 858 2381 opinionem
878 2332 1013 2380 paucis
1035 2333 1146 2369 annis
1177 2338 1265 2382 post
1286 2333 1410 2381 rejicit
1433 2333 1670 2383 deprehenso
1703 2339 1808 2369 motu
1831 2343 1919 2368 ma-

127 2389 300 2427 cularum
321 2390 359 2425 in
381 2389 583 2438 superficie
608 2388 723 2436 Solis,
749 2389 894 2427 dicens:
923 2390 1219 2441 „imbecilliores
1241 2396 1329 2428 sunt
1359 2393 1457 2429 istae
1483 2391 1726 2439 conjecturae
1756 2390 1919 2428 cedunt-

128 2458 203 2496 que
229 2446 316 2495 jure
348 2449 493 2496 optimo
526 2448 808 2496 experientiae,
842 2459 941 2497 quae
972 2460 996 2485 a
1029 2452 1080 2486 26
1114 2449 1163 2486 ad
1197 2453 1247 2487 30
1283 2449 1364 2487 dies
1397 2448 1529 2489 dicit.“
1593 2449 1770 2486 Ceterum
1803 2450 1920 2486 etiam

128 2507 206 2542 vim
246 2506 507 2554 magneticam
547 2517 625 2542 non
661 2505 840 2544 absolute
880 2518 1010 2544 veram
1050 2518 1132 2545 esse
1174 2513 1315 2545 censet.
1390 2508 1565 2560 „Sufficit
1607 2508 1700 2543 inihi
1742 2506 1917 2555 exemplo

127 2564 317 2612 magnetis
348 2562 632 2601 demonstrasse
662 2564 960 2613 possibilitatem
992 2566 1046 2602 rei
1069 2566 1104 2601 in
1134 2577 1287 2613 genere.
1341 2566 1400 2604 De
1431 2578 1471 2604 re
1501 2568 1585 2615 ipsa
1615 2567 1653 2602 in
1684 2567 1812 2614 speeie
1834 2577 1919 2602 am-

127 2622 232 2670 bigo.
275 2621 328 2658 At
358 2632 450 2659 vero
481 2622 515 2659 si
546 2621 652 2659 nulla
683 2621 798 2670 plane
820 2622 1030 2660 materialis
1064 2628 1101 2661 et
1131 2624 1350 2673 magnetica
1380 2624 1545 2662 facultas
1568 2623 1771 2661 absolvere
1792 2628 1920 2671 potest

129 2681 260 2717 munia
291 2678 359 2716 illa
389 2679 556 2728 planetis
588 2681 807 2729 commissa,
840 2686 1059 2719 accersatur
1092 2693 1182 2730 ergo
1224 2693 1358 2719 mens
1390 2682 1543 2731 (vereor
1574 2681 1698 2719 dicere
1729 2681 1919 2719 rationale

127 2739 358 2787 principium
397 2737 512 2786 hujus
552 2737 786 2786 librationis,
824 2750 872 2776 ne
912 2739 1107 2777 discursus
1149 2741 1309 2777 rationis
1347 2735 1699 2792 subintelligatur),
1742 2751 1841 2788 quae
1874 2751 1920 2777 ex

129 2794 456 2844 contemplatione
500 2795 675 2834 diametri
707 2795 811 2834 Solis
852 2799 1058 2835 crescentis
1090 2798 1129 2833 in
1167 2799 1426 2846 cognitionem
1464 2799 1594 2835 veniat
1636 2798 1917 2845 distantiarum,

128 2865 227 2903 quas
260 2853 433 2899 conficit,
475 2860 512 2891 et
542 2853 761 2903 praesideat
803 2855 979 2893 facultati
1010 2867 1080 2893 seu
1111 2855 1269 2893 animali
1311 2867 1379 2893 seu
1411 2855 1578 2893 naturali
1609 2857 1665 2893 sic
1697 2867 1917 2893 accommo-

129 2912 247 2950 dandi
278 2913 339 2949 sui
369 2911 476 2961 globi
507 2913 545 2948 in
576 2912 652 2949 situ
683 2912 890 2961 parallelo,
934 2919 975 2950 ut
1007 2913 1137 2951 debito
1169 2913 1284 2951 modo
1316 2926 1339 2951 a
1369 2913 1485 2951 solari
1519 2915 1660 2951 virtute
1702 2914 1921 2964 impellatur

131 2976 170 3008 et
199 2976 377 3019 respectu
407 2969 510 3008 Solis
541 2968 742 3009 libretur.“
776 2992 832 2997 -
862 2971 975 3009 Hanc
1006 2971 1108 3009 Solis
1141 2973 1231 3019 vim,
1264 2983 1380 3021 quam
1411 2971 1526 3010 modo
1559 2971 1650 3009 dicit
1685 2970 1919 3023 „mentem“,

128 3028 245 3066 modo
281 3025 516 3080 ‚7animam“,
548 3027 664 3066 modo
699 3028 950 3080 „facultatem
980 3028 1227 3077 animalemss,
1260 3031 1441 3079 speciem,
1475 3030 1745 3080 archetypum,
1779 3032 1920 3081 imagi—

131 3098 218 3125 nem
250 3093 344 3135 ete.‚
389 3085 711 3136 deprehendimus
749 3089 788 3123 in
829 3087 1007 3125 omnibus
1048 3088 1125 3125 fere
1166 3086 1272 3126 libris
1312 3101 1335 3126 a
1365 3088 1534 3138 Keplero
1575 3090 1812 3138 conscriptis.
1874 3090 1918 3127 In

131 3143 317 3197 Optica
345 3143 491 3200 (1604)
532 3145 732 3184 locuturus
774 3144 821 3184 de
860 3145 947 3184 luce
988 3144 1090 3184 Solis
1132 3145 1191 3184 his
1232 3147 1383 3185 initium
1420 3147 1528 3186 facit:
1574 3146 1696 3200 „Cum
1740 3147 1843 3187 Solis
1882 3150 1918 3187 in
