2126 3388
190 177 279 218 CVI

190 295 289 327 Sutor
312 295 390 325 ante
413 295 483 326 tab.
510 292 637 334 Apellis
661 293 706 327 II.
733 293 812 325 782.

189 342 352 379 Sutorios,
380 339 512 379 Paulus,
536 339 735 370 vaticinatur
760 341 897 370 mortem
923 338 1046 369 sultani

324 387 521 417 Mahometis
546 386 570 417 I.
598 387 676 418 526.
703 385 807 426 (665.)

187 431 331 468 Sutorii
344 431 631 476 prognosticum
646 433 736 464 VIII.
755 432 950 473 300—320,
966 432 1044 464 761.

187 482 309 520 Syenes
335 484 367 510 et
391 480 611 510 Alexandriae
638 479 797 510 distantia
822 480 877 512 VI.
907 480 983 510 134.

187 526 297 566 Syllae
321 526 436 556 sabula
460 527 549 558 VIII.
581 526 624 557 98
636 535 679 557 55.

188 572 400 609 Syllabarum
426 581 578 603 mensura
604 573 641 603 V.
671 573 751 605 178.

188 618 363 661 Sylvester,
384 620 513 659 Bernh.,
533 619 572 649 de
590 627 674 649 nova
692 618 787 649 stella
808 618 849 651 II.
869 619 947 660 629,
966 618 1044 649 811.

186 666 391 705 sympathia,
419 666 499 706 quid
526 666 552 697 I.
579 666 659 700 355.

185 713 381 753 Synaugeia,
408 712 487 752 quid
512 713 554 744 II.
581 713 660 751 281,
686 713 767 745 307.

183 758 368 797 Sym-ellus,
395 759 554 797 Georgius
579 759 637 791 IV.
668 760 744 790 105.

183 804 320 846 Syndel,
347 805 471 846 doctor,
499 806 569 836 obS.
595 806 654 837 alt.
682 805 753 845 poli
774 804 1043 842 Pragae111.54.

186 852 370 891 Syracides,
384 852 423 882 de
435 852 545 882 Lunae
563 861 624 882 usu
639 852 679 882 ad
695 852 763 883 dies
778 852 878 882 festos
889 851 947 883 IV.
963 852 1043 883 419.

185 899 330 937 Syrtium
356 908 471 929 causae
497 899 554 929 111.
581 900 659 932 151.

585 1083 640 1118 Τ.

184 1179 350 1211 Tabacum
377 1178 470 1213 VIII.
497 1180 575 1211 117.

549 1225 678 1257 Tabula

193 1273 404 1313 aequationis
439 1273 599 1314 temporis
632 1270 800 1311 explicata
835 1270 891 1302 VI.
922 1271 988 1301 572
1008 1280 1043 1308 5.,

235 1342 249 1357 ‚‚
280 1329 335 1349 seu
361 1321 554 1360 prosthaph.
575 1318 662 1360 expl.
685 1318 740 1350 VI.
760 1319 829 1348 422
844 1327 869 1347 s.
920 1314 1002 1358 [680
1017 1327 1041 1350 5.

183 1367 468 1405 aequinoctiorum
494 1365 797 1407 prosthaphaeresis
826 1365 882 1396 VI.
910 1365 988 1398 712.

185 1413 372 1443 altitudinis
397 1415 560 1443 montium
586 1413 641 1442 VI.
671 1413 748 1444 130.

232 1482 247 1498 ,,
276 1459 444 1490 stellarum
470 1461 505 1490 in
531 1459 742 1500 Serpentario
769 1458 811 1488 II.
840 1458 917 1488 665.

183 1507 369 1536 anatomica
395 1507 482 1537 oculi
509 1516 565 1537 cur
591 1506 712 1536 omissa
738 1505 779 1535 II.
808 1505 887 1536 229.

185 1554 297 1591 anguli
322 1555 409 1584 inter
435 1552 622 1593 eclipticam
650 1556 682 1582 et
714 1552 932 1585 horizontem:
967 1559 1039 1580 cum

321 1600 509 1641 adscriptus
552 1599 673 1638 gradus
713 1599 888 1638 eclipticae
926 1598 1039 1637 oritur,

321 1656 378 1677 seu
397 1648 454 1676 alt.
473 1646 834 1686 nonagesimi,pertinet
851 1644 1040 1675 adV13241.

321 1692 382 1724 Est
406 1693 561 1732 adjuncta
585 1693 719 1722 tabulae
746 1694 834 1721 ortus
854 1690 939 1721 Solis
958 1692 1042 1720 inter

322 1740 447 1770 medias
479 1750 542 1770 asc.
570 1740 637 1772 obl.
656 1738 722 1780 (Κ.)
751 1739 807 1769 VI.
835 1739 901 1769 244
917 1747 942 1770 s.

234 1788 364 1826 „inter
402 1787 587 1826 eclipticam
624 1789 654 1816 et
683 1785 902 1815 meridianum
938 1784 1040 1824 perti-

322 1837 378 1863 net
402 1833 445 1863 ad
483 1834 538 1867 VI.
566 1834 644 1871 23⁴3,
672 1833 750 1864 277.
776 1832 854 1862 280.
898 1832 956 1861 Est
982 1830 1040 1860 ad-

319 1882 437 1917 juncta
461 1881 526 1911 tab.
557 1879 677 1912 declin.
713 1879 798 1908 inter
823 1878 947 1908 medias
973 1887 1039 1907 asc..

321 1930 444 1967 rectas3
471 1926 669 1965 intelligitur
695 1929 806 1955 autem
833 1923 974 1965 angulus
1000 1925 1039 1965 is,

323 1974 382 2015 qui
408 1977 534 2014 spectat
558 1977 719 2014 punctum
738 1972 945 2012 aequinoctii
961 1980 1040 2012 pro-

323 2021 398 2061 pius
424 2018 495 2060 (Κ.)
522 2021 577 2052 VI.
605 2021 671 2051 242
687 2029 725 2060 s,
753 2020 818 2050 677
835 2028 879 2051 55.

185 2069 415 2098 ascensionum
433 2067 641 2106 obliquarum
656 2068 801 2107 pertinet
815 2065 856 2095 ad
868 2065 925 2099 VI.
936 2065 1003 2096 240
1014 2074 1040 2098 s.

326 2113 366 2144 ad
393 2114 450 2146 alt.
478 2114 671 2144 Lincianam
696 2112 760 2144 48Ο
780 2114 833 2143 16(
859 2113 916 2143 VI.
938 2113 1040 2143 244s.

235 2183 250 2199 .‚
278 2165 439 2191 rectarum
463 2161 608 2200 pertinet
633 2160 674 2190 ad
702 2160 755 2190 VI.
776 2161 854 2190 234.
894 2160 933 2188 Li
952 2162 1041 2197 nota,

325 2207 414 2248 quod
439 2207 516 2236 bina
535 2209 710 2245 conjuncta
728 2207 821 2244 signa
840 2206 964 2235 habent
977 2206 1042 2235 sin-

325 2253 418 2292 gulas
457 2253 590 2292 quidem
629 2254 800 2284 columnas
840 2253 1042 2290 integrorum

324 2300 484 2339 graduum
510 2309 578 2333 asc.
604 2303 728 2340 rectae,
756 2299 811 2329 sed
839 2307 1043 2329 communem
1076 2289 1080 2335 Ι

325 2348 536 2386 minutorum,
547 2346 701 2384 gradibus
719 2346 964 2376 adhaerentium
975 2342 1043 2386 (Κ)

326 2394 381 2423 VI.
409 2395 475 2424 242
491 2403 517 2424 5.
544 2392 613 2431 (cfr.
641 2393 696 2423 VI.
725 2393 791 2424 546
809 2391 848 2433 s)

187 2440 275 2471 aurei
301 2441 427 2469 numeri
454 2441 510 2471 VI.
539 2441 617 2471 686.

186 2487 305 2518 Brahei
333 2487 565 2517 distantiarum
591 2486 678 2517 Solis
710 2496 728 2516 a
752 2486 851 2516 Terra
877 2484 933 2514 111.
962 2484 1040 2525 256,

235 2557 250 2571 ,,
278 2531 418 2563 fixarum
444 2534 471 2564 Ι.
497 2535 564 2565 369
580 2543 606 2567 5.
950 2532 1041 2569 [485.

236 2603 250 2617 .,
279 2581 530 2620 oppositionum
555 2579 670 2609 Martis
695 2579 753 2609 III.
779 2578 857 2610 253.

236 2649 251 2665 „
278 2627 510 2657 refractionum
536 2627 578 2657 II.
595 2627 673 2657 403
687 2635 712 2658 S.

189 2673 302 2704 circuli
329 2682 463 2715 arcuum
489 2676 521 2703 et
546 2675 785 2711 segmentorum
811 2672 870 2704 IV.
898 2671 979 2704 645.

324 2720 367 2753 V.
395 2720 472 2761 509,
501 2720 582 2751 515.

189 2766 413 2796 conversionis
439 2769 623 2807 temporum
650 2766 707 2797 VI.
735 2766 813 2797 607.

190 2812 412 2850 cylindrorum
438 2816 498 2843 etc.
527 2814 565 2843 V.
590 2813 668 2845 558.

190 2857 419 2889 declinationis
446 2858 616 2900 eclipticae
642 2859 697 2893 VI.
725 2860 810 2899 712,
836 2858 979 2898 pertinet
1003 2856 1043 2886 ad

325 2906 382 2937 VI.
402 2907 480 2945 231,
508 2909 556 2937 est
578 2907 701 2936 inserta
724 2906 811 2935 inter
828 2904 953 2934 medias
978 2912 1043 2934 asc.

324 2958 429 2982 rectas
446 2951 513 2992 (K.)
541 2953 598 2984 VI.
617 2954 695 2984 242.

192 2997 353 3027 doliorum
372 3000 590 3039 capacitatum
608 3000 649 3030 V.
669 2999 748 3039 566,
769 2999 847 3034 569.
868 2997 945 3035 585,
964 2996 1042 3027 588.

190 3052 248 3082 pro
275 3045 442 3075 exortibus
467 3044 610 3076 siderum
636 3049 667 3075 et
685 3046 756 3075 loco
775 3043 864 3076 Solis
883 3044 945 3076 VI.
964 3044 1044 3075 291.

190 3088 349 3120 foecunda
374 3092 396 3124 i.
421 3101 454 3132 q.
480 3092 546 3121 tab.
572 3092 793 3130 tangentium.

190 3136 409 3176 geographica
433 3138 585 3168 Austriae
609 3139 637 3172 Ι.
666 3140 722 3171 19.

888 172 997 209 Sutor
1022 193 1064 200 -—-
1089 173 1260 210 Tabulae.

1480 291 1609 322 Tabula

1117 338 1210 377 globi
1235 340 1477 375 segmentorum
1501 339 1542 370 V.
1569 339 1649 370 533.

1118 385 1348 415 hebdomatica
1374 385 1512 421 Hegirae
1539 385 1593 416 VI.
1621 384 1700 418 685.

1117 431 1368 461 hexacontadon
1395 431 1467 462 VII.
1492 432 1571 473 409,
1597 433 1679 463 436.

1117 478 1264 507 locorum
1290 480 1322 507 et
1340 480 1429 508 ortus
1448 477 1549 508 Canis
1573 479 1651 517 maj.
1670 480 1702 508 et
1718 479 1799 512 min.
1820 480 1876 512 VI.
1895 481 1974 514 293.

1117 521 1436 564 lugarithmorum
1462 522 1615 566 (chilias)
1643 524 1716 557 VII.
1742 526 1937 560 390—408.

1167 594 1183 611 „
1211 572 1245 601 in
1271 572 1394 601 tabulis
1419 571 1503 601 Rud.
1530 571 1606 605 VII.
1632 571 1710 611 301,
1736 573 1931 605 433—436.

1165 640 1181 657 „
1209 617 1372 648 Bartschii
1397 619 1470 649 VII.
1497 618 1575 657 301,
1601 619 1682 650 436.

1118 664 1382 702 Longomontani
1407 667 1438 695 et
1463 664 1657 702 Lansbergii
1681 665 1705 694 Ι.
1726 666 1778 695 65.
1806 665 1866 697 ΙΙΙ.
1893 667 1972 701 514.

1117 711 1354 752 aequationum
1378 711 1491 740 Lunae
1516 710 1576 742 VI.
1602 711 1680 748 587,
1707 713 1786 743 691.

1117 757 1232 788 Martis
1257 758 1532 796 acronychiorum
1557 756 1707 788 locorum
1731 759 1792 792 III.
1818 760 1885 791 253
1904 769 1928 790 5.

1166 827 1180 843 ,,
1210 804 1417 843 apheliorum
1442 803 1505 836 III.
1531 805 1609 834 251.

1165 873 1182 891 „
1209 854 1358 880 motuum
1382 851 1441 882 III.
1469 852 1524 891 55,
1550 851 1608 883 96.

1167 920 1182 936 ,,
1211 897 1460 937 oppositionum
1488 898 1549 931 III,
1576 898 1656 929 241.

1117 952 1342 974 mensurarum
1368 943 1631 974 omnimodarum
1655 944 1698 976 V.
1724 945 1801 976 603.

1117 989 1331 1032 parallactica
1355 989 1490 1030 Kepleri
1516 990 1558 1022 II.
1585 991 1664 1030 330,
1688 992 1768 1022 434.
1796 989 1872 1022 VII.
1892 992 1971 1024 522.

1255 1037 1432 1076 Explicata
1448 1037 1505 1068 VI.
1526 1038 1604 1070 699.

1116 1083 1329 1124 periodorum
1362 1084 1590 1114 historicarum
1627 1085 1881 1125 praecipuarum

1116 1177 1373 1218 planetariorum
1400 1179 1549 1208 motuum
1573 1177 1600 1210 I.
1628 1178 1694 1210 173
1707 1185 1743 1217 S.‚
1771 1178 1850 1211 180.

1257 1223 1300 1254 V.
1327 1234 1414 1265 pass,

1165 1292 1181 1310 „
1210 1270 1340 1300 orbium
1378 1271 1605 1311 proportionis
1644 1270 1824 1302 secundum
1860 1272 1972 1302 Ptole-

1253 1326 1382 1347 maeum
1407 1327 1465 1358 per
1490 1316 1667 1359 Copernici
1693 1319 1912 1349 correctiones

1253 1364 1309 1394 VI.
1338 1365 1417 1404 333,
1444 1366 1524 1396 561.

1114 1409 1296 1450 ponderum
1322 1420 1425 1452 aquae
1450 1415 1508 1442 etc.
1538 1412 1581 1443 11.
1607 1412 1664 1444 71.
1691 1411 1732 1444 V.
1760 1412 1836 1452 601,
1864 1412 1942 1443 609.

1113 1455 1180 1489 vol.
1205 1456 1232 1490 Ι,
1259 1459 1441 1497 praemissa
1459 1456 1535 1499 (cfr.
1554 1458 1580 1491 I.
1600 1459 1644 1490 73
1656 1467 1710 1498 SS.,
1738 1459 1815 1496 193,
1833 1457 1926 1500 214.)

1114 1504 1346 1534 refractionum
1372 1504 1412 1534 Π.
1442 1506 1494 1546 71,
1522 1505 1637 1546 2045.,
1663 1505 1730 1536 403
1745 1514 1782 1543 5,,
1809 1506 1889 1539 409.

1114 1549 1200 1581 Solis
1226 1551 1291 1580 loci
1316 1550 1417 1581 medii
1444 1554 1475 1581 et
1500 1552 1563 1582 visi
1587 1551 1654 1582 loci
1679 1551 1795 1582 Martis
1813 1551 1874 1585 III.
1893 1554 1971 1584 212.

1115 1597 1348 1627 distantiarum
1374 1596 1463 1628 Solis
1491 1601 1521 1629 et
1547 1599 1664 1628 Terrae
1689 1598 1748 1628 III.
1776 1599 1843 1629 295
1854 1608 1880 1631 5.

1115 1642 1343 1684 scrupulorum
1365 1647 1607 1675 menstruorum
1632 1645 1690 1677 VI.
1718 1645 1795 1676 587.

1113 1690 1283 1720 stellarum
1308 1691 1343 1720 in
1370 1690 1483 1729 Cygno
1511 1692 1553 1725 II.
1580 1693 1659 1725 766.

1161 1759 1176 1775 ,,
1203 1738 1239 1767 In
1263 1735 1448 1778 Scorpione
1473 1741 1504 1768 et
1529 1738 1688 1779 Serpente
1712 1736 1758 1771 II.
1784 1739 1908 1771 66555.

1113 1784 1286 1824 synoptica
1312 1785 1419 1823 operis
1446 1784 1485 1814 de
1510 1784 1618 1815 Marte
1645 1785 1706 1815 III.
1737 1785 1813 1816 158.

1114 1831 1272 1871 temporis
1299 1831 1494 1861 semidiurni
1519 1841 1575 1861 seu
1602 1832 1700 1862 horae
1726 1841 1859 1862 occasus
1885 1832 1972 1863 Solis

1252 1877 1285 1907 in
1304 1881 1387 1917 sept.
1407 1878 1522 1918 signis,
1548 1879 1584 1908 in
1601 1877 1877 1909 meridionalibus
1894 1889 1970 1910 vero

1250 1924 1409 1964 temporis
1427 1925 1663 1955 seminocturni
1681 1934 1740 1955 seu
1763 1925 1863 1955 horae
1881 1929 1972 1957 ortus

1252 1970 1352 2001 Solis.
1395 1969 1544 2001 Pertinet
1580 1971 1621 2001 ad
1649 1971 1706 2004 VI.
1734 1972 1813 2004 257.
1846 1973 1973 2003 inserta

1253 2020 1301 2046 est
1311 2017 1395 2046 inter
1408 2018 1532 2048 medias
1545 2027 1611 2049 asc.
1629 2018 1696 2051 obl.
1713 2017 1780 2059 (Κ.)
1798 2019 1856 2052 VI.
1868 2021 1971 2051 2445.

1113 2062 1154 2093 ad
1180 2072 1275 2093 usum
1300 2064 1409 2101 virgae
1434 2065 1620 2095 mensoriae
1645 2066 1686 2105 V.
1714 2067 1794 2098 572.

1468 2110 1616 2142 Tabulae

1114 2155 1342 2196 Alphonsinae
1367 2155 1396 2189 I.
1425 2158 1491 2189 195
1518 2160 1549 2188 et
1572 2167 1662 2197 pass,

1113 2203 1350 2232 astronomicae
1375 2204 1434 2235 III.
1461 2205 1518 2243 44,
1545 2205 1586 2236 51
1603 2214 1628 2237 S.
1655 2205 1712 2238 VI.
1741 2206 1820 2239 121.

1115 2257 1223 2278 earum
1250 2251 1451 2280 constructio
1478 2252 1518 2281 II.
1547 2253 1626 2285 664.

1113 2295 1293 2333 Bergenses
1318 2295 1345 2329 1.
1374 2298 1450 2328 195.
1477 2297 1568 2332 VIII.
1597 2299 1664 2330 604
1676 2307 1705 2331 S.

1116 2341 1365 2379 chronologicae
1385 2343 1520 2384 Kepleri
1543 2345 1602 2378 IV.
1621 2347 1728 2384 6355.,
1749 2347 1826 2385 100,
1859 2348 1924 2378 199
1934 2356 1972 2386 5,,

1251 2389 1319 2419 425
1332 2398 1369 2430 s.,
1395 2392 1474 2426 468.
1499 2392 1567 2423 487
1582 2401 1638 2434 55.,
1666 2393 1787 2424 50555.

1115 2433 1310 2465 electionum
1337 2438 1479 2474 rejectae
1504 2439 1528 2469 Ι.
1556 2440 1633 2470 636.

1113 2481 1349 2520 geographicae
1375 2492 1453 2514 num
1478 2483 1563 2515 fidae
1592 2485 1648 2516 VI.
1676 2486 1753 2516 555.

1114 2527 1364 2559 intervallorum
1378 2529 1584 2570 planetarum
1598 2531 1626 2564 Ι.
1644 2534 1721 2572 151,
1740 2533 1803 2564 156
1814 2534 1970 2575 5.,1735,,

1254 2575 1332 2608 180.
1359 2577 1400 2609 V.
1428 2578 1494 2609 283
1509 2588 1550 2608 ss.

1114 2619 1286 2654 Lunares
1310 2620 1469 2665 Kepleri
1495 2626 1555 2657 III.
1583 2626 1778 2658 707—717.

1185 2677 1287 2698 causa
1313 2670 1428 2703 (lis-sid.
1457 2680 1528 2701 cum
1555 2672 1752 2710 Tychonicis
1778 2673 1842 2706 III.
1867 2673 1945 2705 706.

1184 2723 1267 2753 quae
1294 2716 1332 2745 de
1358 2717 1398 2746 iis
1425 2727 1498 2747 cum
1524 2717 1699 2749 Herwarto
1726 2720 1792 2757 egit
1808 2718 1972 2760 Keplerus

1253 2761 1312 2791 III.
1339 2763 1404 2794 691
1421 2773 1463 2794 ss.

1115 2808 1311 2838 Prutenicae
1338 2810 1389 2843 ed.
1415 2819 1433 2840 a
1457 2809 1644 2841 Reinholdo
1669 2811 1696 2844 Ι.
1725 2812 1787 2843 189
1821 2814 1853 2842 et
1883 2821 1972 2852 pass.

1185 2863 1295 2884 earum
1319 2854 1483 2897 aequandi
1508 2858 1666 2897 temporis
1685 2858 1802 2888 modus
1821 2858 1876 2888 VI.
1894 2859 1970 2889 573.

1186 2910 1310 2931 errores
1336 2902 1361 2933 I.
1390 2905 1468 2934 164.
1495 2904 1554 2936 III.
1583 2905 1659 2935 147.
1687 2905 1744 2936 VI.
1772 2905 1840 2936 670
1853 2913 1879 2936 5.

1114 2945 1378 2989 Rudolphinae
1404 2946 1511 2982 1627.
1538 2950 1598 2983 VI.
1625 2952 1819 2983 615--7-21.

1186 2994 1348 3025 dedicatio
1367 2997 1453 3037 Imp.
1474 2996 1682 3027 Ferdinando
1700 2996 1800 3037 Kepl.
1819 2997 1878 3028 VI.
1892 2997 1969 3028 663.

1279 3063 1294 3079 „
1403 3066 1417 3079 .,
1511 3066 1526 3081 ,,
1553 3043 1799 3074 Braheanorum
1817 3042 1874 3074 VI.
1891 3044 1969 3075 662.

1186 3087 1345 3127 praefatio
1370 3089 1428 3121 VI.
1456 3091 1579 3123 66655.

1187 3132 1226 3163 de
1251 3132 1396 3166 editione
1421 3145 1541 3176 earum,
1567 3145 1633 3178 qua
1657 3136 1774 3177 forma,
1799 3144 1863 3175 quo
1888 3138 1968 3168 tem-
