2126 3388
230 163 339 209 1002
901 166 984 203 Vita
1007 167 1160 203 Joannis
1183 167 1343 212 KeplerL

228 284 355 331 vallo,
389 288 532 333 quanta
562 287 620 322 est
650 283 806 322 alterius
837 283 958 322 moles
988 286 1027 322 in
1058 286 1355 336 comparatione.
1418 284 1460 334 2)
1491 283 1533 322 Si
1565 283 1677 322 Luna
1715 289 1752 323 et
1782 284 1899 324 Terra
1928 295 2005 323 non

230 344 482 381 retinerentur
514 343 551 378 vi
585 342 728 390 aliqua,
762 342 880 380 Terra
910 342 1134 381 ascenderet
1165 343 1213 382 ad
1234 343 1384 380 Lunam
1415 346 1524 392 parte
1560 339 1627 394 ¹s54
1657 342 1862 391 intervalli,
1895 343 2005 381 Luna

229 399 472 438 descenderet
513 398 562 436 ad
594 399 749 436 Terram
791 400 965 450 partibus
1008 412 1039 440 c.
1075 405 1124 439 53
1169 400 1361 440 intervalli
1400 401 1530 449 ibique
1566 400 1830 449 jungerentur.
1894 399 1933 452 3)
1963 400 2006 439 Si

230 459 346 495 Terra
379 461 547 494 cessaret
578 457 768 495 attrahere
801 457 849 494 ad
880 470 920 496 se
953 470 1075 507 aquas
1106 471 1209 506 suas,
1241 470 1366 507 aquae
1390 469 1520 496 omnes
1542 457 1783 496 elevarentur
1805 459 1899 495 etin
1920 470 2005 497 cor-

226 527 296 565 pus
318 514 450 552 Lunae
481 514 692 553 influerent.
735 513 775 566 4)
797 514 909 555 Orbis
941 518 1092 555 virtutis
1124 518 1338 565 tractoriae,
1372 528 1471 565 quae
1502 520 1559 554 est
1589 517 1629 553 in
1650 515 1772 563 Luna,
1804 517 2008 565 porrigitur

228 584 348 620 usque
381 572 430 609 ad
463 572 600 610 Terras
633 579 669 610 et
700 573 889 622 prolectat
920 586 1042 623 aquas
1074 577 1146 613 sub
1178 586 1313 613 zonam
1345 574 1537 622 torridam,
1569 575 1711 624 quippe
1743 576 1781 611 in
1808 585 2008 612 occursum

226 642 334 667 sunm
367 641 596 679 quacunque
637 632 673 667 in
707 633 886 669 verticem
928 632 1001 670 loci
1041 633 1194 680 incidit,
1238 632 1509 670 insensibiliter
1549 634 1587 669 in
1624 632 1795 670 maribus
1837 632 2006 679 inclusiS,

228 688 460 726 sensibiliter
492 689 558 735 ibi,
591 689 655 726 nbi
688 694 776 726 sunt
806 689 983 728 latissimi
1006 691 1108 729 alvei
1131 692 1264 729 oceani
1287 692 1476 740 aquisque
1499 691 1671 740 spatiosa
1692 691 2007 739 reciprocationis

225 746 396 783 libertas,
447 745 533 794 Quo
564 746 665 784 sacto
698 747 890 785 nudantur
920 748 1034 787 litora
1063 761 1245 787 zonarum
1278 754 1315 787 et
1346 749 1542 786 climatum
1573 747 1789 786 lateralium
1821 752 1858 786 et
1879 749 1910 785 si
1931 759 2009 796 qua

227 806 340 842 etiam
372 804 443 841 sub
475 804 618 842 torrida
649 806 754 842 sinus
787 806 957 844 efficiunt
994 807 1229 845 reductiores
1267 809 1402 845 oceani
1440 807 1658 856 propinqui.
1718 806 1856 855 Itaque
1894 806 2006 855 aquis

226 864 261 899 in
295 862 421 898 latiori
461 862 573 900 alveo
618 865 750 901 oceani
790 866 1102 913 assurgentibus,
1142 865 1222 903 fieri
1262 870 1411 914 potest,
1456 870 1496 903 ut
1527 866 1565 901 in
1595 864 1882 914 angustioribus
1923 863 2006 912 ejus

227 921 392 966 sinibus,
426 920 539 957 modo
573 932 646 958 non
679 922 791 959 nimis
824 928 926 961 arcte
960 923 1170 971 conclusis,
1214 935 1339 972 aquae
1371 928 1573 972 praesente
1604 922 1715 960 Luna
1747 923 1862 960 etiam
1894 922 2008 959 aufu-

226 990 314 1028 gere
346 978 395 1015 ab
427 990 472 1016 ea
504 978 730 1027 videantur;
764 981 906 1029 quippe
937 981 1153 1028 subsidunt,
1185 982 1277 1019 foris
1299 982 1496 1019 subtracta
1519 982 1630 1030 copia
1652 991 1851 1029 aquarum.
1894 979 2007 1017 Cele-

234 1038 325 1074 riter
356 1048 448 1074 vero
482 1036 591 1074 Luna
631 1039 810 1076 verticem
851 1039 1134 1087 transvolante,
1179 1051 1264 1077 cum
1298 1051 1422 1088 aquae
1463 1044 1541 1077 tam
1583 1039 1755 1077 celeriter
1789 1039 1898 1086 sequi
1932 1047 2008 1075 non

227 1095 387 1144 possint,
420 1095 546 1132 fluxus
578 1095 731 1143 quidem
770 1097 811 1133 fit
843 1098 974 1134 oceani
1008 1098 1078 1135 sub
1111 1097 1254 1136 torrida
1292 1099 1329 1134 in
1363 1097 1622 1144 occidentem,
1662 1095 1791 1145 quoad
1830 1097 2008 1145 impingit

226 1153 276 1190 ad
308 1154 498 1190 contraria
529 1153 642 1191 litora
673 1160 930 1204 curvaturque
962 1155 1010 1193 ab
1043 1157 1100 1193 iis.
1154 1155 1391 1193 Dissolvitur
1421 1166 1513 1193 vero
1546 1155 1717 1193 discessu
1748 1154 1883 1192 Lunae
1915 1165 2008 1191 eon-

229 1210 358 1249 cilium
390 1223 577 1260 aquarum
608 1224 675 1249 seu
708 1214 907 1260 exercitus,
942 1215 1007 1262 qui
1039 1218 1096 1252 est
1127 1215 1164 1250 in
1197 1215 1330 1252 itinere
1363 1225 1496 1252 versus
1527 1212 1730 1259 torridam,
1764 1214 1906 1261 quippe
1939 1211 2008 1249 de-

227 1274 350 1307 sertus
383 1281 405 1307 a
437 1275 560 1307 tractu
594 1272 657 1318 qui
690 1270 796 1308 illum
830 1273 1043 1320 exciverat,
1084 1273 1308 1322 impetuque
1340 1277 1472 1321 capto,
1515 1277 1557 1308 ut
1586 1273 1624 1308 in
1658 1271 1761 1308 vasis
1803 1271 2006 1319 aquaticis,

226 1332 371 1366 remeat
402 1332 440 1365 et
471 1327 636 1365 assultat
667 1328 714 1366 ad
745 1329 859 1367 litora
890 1342 960 1367 sua
991 1341 1113 1379 eaque
1135 1332 1270 1379 operit.
1314 1329 1447 1379 Gignit
1477 1331 1643 1378 impetus
1674 1330 1747 1367 iste
1777 1340 1844 1378 per
1865 1328 2009 1366 absen-

226 1388 317 1424 tiam
350 1386 482 1424 Lunae
516 1388 698 1435 impetum
730 1387 861 1434 alium,
896 1387 1017 1426 donec
1041 1388 1150 1426 Luna
1182 1388 1333 1426 rediens
1364 1389 1496 1426 fraena
1516 1390 1681 1437 impetus
1712 1387 1827 1436 huJus
1850 1387 2011 1435 recipiat

224 1444 519 1492 modereturque
551 1450 588 1482 et
618 1457 696 1482 una
727 1457 811 1483 curn
843 1457 912 1484 suo
944 1451 1049 1483 motu
1083 1447 1331 1496 circumagat.
1372 1445 1640 1499 (Conferantur
1671 1457 1759 1484 cnm
1788 1445 2010 1494 praemissis

224 1503 356 1540 literae
388 1502 545 1551 Kepleri
576 1503 625 1540 ad
656 1502 898 1541 Herwartum
933 1504 1045 1542 datae
1078 1503 1155 1543 vol.
1188 1505 1260 1542 111.
1293 1517 1331 1554 p.
1366 1505 1481 1552 455.)
1534 1504 1574 1554 5)
1597 1503 1789 1552 Sequitur,
1822 1504 1854 1541 si
1886 1503 2008 1539 virtus

227 1562 408 1598 tractoria
440 1561 574 1599 Lunae
606 1563 813 1610 porrigitur
844 1564 883 1599 in
915 1562 1054 1600 Terras
1085 1574 1226 1611 usque,
1269 1564 1390 1601 multo
1422 1564 1544 1610 magis
1576 1564 1757 1600 virtutem
1787 1561 2008 1599 tractoriam

225 1618 389 1656 Telluris
421 1621 564 1668 porrigi
597 1621 632 1656 in
666 1620 814 1657 Lunam
847 1626 883 1658 et
913 1620 1029 1669 longe
1060 1621 1190 1659 altius.
1249 1623 1292 1665 6)
1326 1621 1430 1659 Leve
1463 1621 1559 1658 nihil
1593 1624 1649 1658 est
1681 1619 1871 1665 absolute⁷
1905 1618 2008 1667 quod

226 1688 411 1726 corporea
444 1679 605 1715 materia
638 1683 801 1725 constat,
835 1678 903 1716 sed
935 1683 1155 1728 comparate
1186 1678 1310 1717 levius
1344 1685 1413 1725 est,
1447 1679 1549 1727 quod
1581 1680 1702 1716 rarius
1735 1683 1804 1716 est.
1864 1676 2009 1714 Rarum

227 1746 315 1773 vero
349 1735 434 1772 dico
466 1747 541 1772 non
573 1735 669 1772 illud
701 1742 861 1783 tantum,
896 1737 996 1785 quod
1029 1749 1211 1786 porosum
1244 1742 1301 1775 est
1333 1743 1369 1775 et
1401 1739 1438 1774 in
1461 1736 1601 1774 multas
1624 1737 1812 1774 cavitates
1835 1735 2009 1782 dehiscit,

225 1793 291 1831 sed
322 1795 359 1830 in
390 1805 529 1842 genere
562 1794 663 1842 quod
696 1796 768 1831 sub
809 1795 942 1833 eadem
974 1795 1048 1832 loci
1080 1794 1354 1844 amplitudine,
1398 1807 1513 1844 quam
1553 1798 1716 1843 occupat
1746 1795 1904 1842 gravius
1935 1792 2010 1830 ali-

225 1851 341 1900 quod,
373 1853 557 1889 minorem
589 1854 842 1900 quantitatem
875 1855 1059 1891 materiae
1082 1865 1286 1902 corporeae
1309 1853 1516 1893 concludit.
1560 1851 1598 1903 7)
1619 1852 1742 1890 Levia
1763 1863 1839 1889 non
1858 1851 2010 1900 fugiunt

224 1909 273 1946 ad
303 1910 544 1959 superficiem
585 1922 706 1959 usque
749 1910 901 1958 mundi,
943 1911 1032 1948 dum
1074 1912 1244 1949 feruntur
1285 1923 1454 1959 sursum,
1497 1917 1564 1950 aut
1605 1922 1682 1949 non
1713 1910 1956 1948 attrahuntur
1986 1921 2010 1947 a

224 1968 362 2015 Terra3
405 1969 529 2005 minus
569 1970 669 2005 enim
709 1968 950 2007 attrahuntur
989 1982 1104 2019 quam
1143 1972 1278 2019 gravia
1319 1976 1355 2008 et
1387 1972 1442 2008 sic
1483 1969 1727 2019 expelluntur
1757 1982 1780 2006 a
1811 1968 2010 2018 gravibus,

226 2037 301 2074 quo
345 2026 445 2064 sacto
486 2028 687 2075 quiescunt
727 2033 764 2065 et
802 2030 1012 2065 retinentur
1051 2040 1074 2065 a
1114 2028 1233 2066 Terra
1270 2028 1355 2066 loco
1397 2040 1481 2067 suo.
1551 2030 1594 2076 8)
1637 2027 1713 2075 (Ex
1759 2026 2008 2074 ‚‚Somni0.“)

227 2085 414 2121 Aestuum
447 2086 562 2121 maris
594 2096 733 2122 causae
767 2085 944 2123 videntur
977 2098 1059 2124 esse
1092 2097 1253 2136 corpora
1283 2086 1386 2124 Solis
1419 2091 1455 2124 et
1486 2085 1633 2131 Lunae,
1665 2085 1858 2124 trahentia
1889 2095 2011 2134 aquas

225 2144 339 2179 maris
371 2144 408 2180 vi
440 2143 606 2192 quadam
647 2145 886 2191 magneticae
929 2141 1106 2197 simili.*)
1167 2144 1302 2182 Trahit
1341 2156 1430 2182 vero
1471 2149 1507 2182 et
1538 2155 1674 2194 corpus
1707 2143 1847 2182 Terrae
1889 2155 2012 2191 aquas

225 2213 327 2246 suas,
361 2212 476 2248 quam
507 2212 576 2238 nos
607 2204 836 2250 gravitatem
870 2201 1042 2239 dicimus.
1096 2202 1198 2250 Quid
1229 2202 1389 2251 impedit
1420 2204 1546 2251 igitur,
1579 2203 1669 2251 quin
1693 2201 1884 2248 dicamus,
1917 2202 2014 2239 Ter-

224 2271 304 2296 ram
336 2260 451 2296 etiam
482 2258 635 2296 lunares
666 2271 787 2308 aquas
819 2260 989 2306 trahere,
1029 2261 1127 2298 sicut
1158 2260 1270 2298 Luna
1300 2261 1417 2298 trahit
1447 2259 1672 2298 terrestres?
1703 2281 1758 2287 ——
1788 2260 1920 2298 Habes
1951 2260 2012 2297 his

225 2317 478 2366 paragraphis
510 2329 696 2354 summam
729 2318 900 2355 theoriae
931 2320 1225 2367 gravitationis,
1259 2318 1412 2368 qualem
1444 2318 1558 2356 hodie
1581 2322 1776 2366 tenemus3
1808 2320 1905 2356 ratio
1937 2330 2014 2367 qua

225 2375 415 2423 Keplerus
446 2381 592 2412 motum
624 2375 863 2424 planetarum
895 2388 961 2424 per
983 2376 1083 2414 Solis
1103 2381 1250 2414 motum
1281 2379 1382 2415 circa
1412 2388 1523 2414 axem
1544 2388 1654 2414 suum
1676 2377 1840 2425 probare
1871 2376 2011 2422 studet,

227 2432 367 2482 legitur
399 2435 435 2470 in
469 2433 615 2471 Comm.
650 2433 786 2471 Martis
820 2434 1010 2483 capitibus
1043 2439 1093 2473 33
1128 2447 1178 2472 ss.
1214 2440 1252 2472 et
1285 2438 1359 2483 57,
1403 2446 1475 2473 nec
1505 2446 1581 2472 non
1614 2436 1652 2471 in
1684 2435 1882 2483 Epitomes
1913 2435 2011 2473 libro

225 2496 375 2539 quarto.

365 2549 491 2598 Caput
520 2549 617 2588 XX.
650 2550 850 2588 Prodromi
888 2551 1110 2599 inscriptum
1151 2555 1228 2588 est:
1275 2549 1410 2603 „Quae
1441 2552 1492 2587 sit
1529 2552 1727 2600 proportio
1758 2556 1932 2588 motuum
1963 2550 2013 2589 ad

227 2605 378 2655 orbes“,
413 2607 461 2644 ad
494 2619 609 2656 quani
642 2609 928 2657 inscriptionem
960 2613 1168 2647 annotatur
1197 2610 1236 2646 in
1268 2609 1326 2648 ed.
1360 2608 1547 2647 secunda:
1583 2610 1692 2661 „Etsi
1723 2611 1762 2646 in
1793 2609 1866 2647 hoc
1888 2611 2013 2658 capite

362 2720 393 2763 ³³)
421 2723 559 2763 Saepius
586 2723 739 2765 diximus,
767 2723 947 2763 Keplerum
975 2733 1011 2754 eo
1039 2727 1203 2765 tempore,
1242 2734 1307 2766 quo
1342 2725 1456 2764 priora
1490 2734 1548 2754 sna
1581 2734 1679 2765 opera
1707 2722 1885 2766 (Opticam,
1914 2723 2011 2755 Com-

228 2771 328 2800 ment.
357 2769 395 2799 de
421 2768 538 2809 Marte)
566 2771 715 2810 scripsit,
749 2780 864 2808 magno
900 2770 1008 2800 studio
1036 2770 1178 2801 Gilberti
1202 2770 1324 2801 librum
1352 2771 1390 2801 de
1416 2774 1566 2810 magnete
1591 2770 1721 2809 legisse.
1756 2771 1842 2801 Hinc
1868 2774 1937 2801 orta
1963 2774 2012 2801 est

227 2825 290 2845 vox
320 2816 390 2853 „vis
418 2818 635 2855 magnetica“,
662 2826 727 2857 qua
753 2819 858 2846 utitur
883 2818 1007 2857 passim
1032 2827 1090 2858 pro
1117 2827 1194 2847 voce
1215 2819 1286 2857 „vis
1304 2818 1495 2858 tractoria“,
1524 2827 1723 2858 quamquam
1748 2818 1880 2857 saepius
1898 2816 2009 2846 addit:

228 2861 501 2897 „similitudinem
528 2863 619 2901 diro,
655 2872 720 2893 non
746 2873 813 2893 rem
839 2864 980 2903 ipsam“.
1030 2863 1116 2902 Quia
1141 2874 1216 2895 vero
1250 2865 1383 2894 axioma
1415 2863 1501 2894 illud
1532 2865 1744 2905 physicorum
1781 2863 1820 2893 de
1847 2863 2007 2902 „inertia⁴‘

228 2917 399 2948 corporum
426 2909 466 2938 ad
494 2910 629 2939 verbum
657 2911 828 2950 assumsit,
867 2910 1001 2939 minime
1027 2911 1206 2950 respiciens
1232 2911 1272 2941 ad
1299 2911 1434 2940 alteram
1461 2909 1752 2950 significationem,
1780 2918 1843 2948 qua
1870 2919 2011 2950 „corpus

229 2963 322 2984 omne
348 2959 534 2993 perseverat
558 2956 592 2985 in
619 2959 704 2985 statu
731 2966 789 2986 suo
815 2957 1008 2997 quiescendi
1027 2955 1078 2986 vel
1097 2957 1250 2987 movendi
1278 2958 1484 2987 uniformiter
1509 2958 1542 2987 in
1571 2957 1740 2995 directum,
1765 2956 1830 2986 nisi
1849 2959 2010 2996 quatenus

229 3010 245 3029 a
265 3001 390 3031 viribus
416 3003 585 3042 impressis
612 3003 738 3040 cogitur
765 3006 885 3033 statum
910 3002 1005 3032 illum
1033 3003 1179 3033 mutare“
1210 3002 1370 3043 (Newton,
1390 3003 1474 3033 Phil.
1494 3007 1559 3034 nat.
1578 3003 1689 3034 Princ.
1707 3002 1808 3033 math.
1826 3002 1852 3032 1.
1880 3012 1932 3035 ax.
1954 3000 2010 3044 1.)‚

227 3046 309 3075 nihil
342 3048 460 3078 habuit
494 3058 558 3088 quo
593 3050 770 3089 explicaret
804 3053 927 3079 motum
962 3050 1172 3089 planetarum
1205 3051 1289 3080 circa
1320 3049 1430 3081 Solem
1464 3051 1528 3080 nisi
1561 3051 1626 3079 vim
1659 3047 1749 3078 illam
1783 3049 2010 3087 „magneticae

228 3093 390 3122 similen1“
419 3103 458 3124 ex
484 3094 559 3125 Sole
587 3099 793 3125 emanantem
819 3099 849 3125 et
875 3097 909 3125 in
935 3094 1086 3136 planetas
1116 3097 1319 3128 influentem.
1368 3095 1457 3127 Hinc
1492 3096 1636 3127 defectus
1666 3093 1725 3126 ille
1750 3095 1784 3126 in
1811 3096 2011 3126 astronomia

229 3137 438 3181 Kepleriana,
465 3149 561 3181 quem
586 3141 775 3172 Newtonius
802 3142 947 3184 explevit
971 3143 1247 3181 ingeniosissime,
