<?xml version="1.0" encoding="UTF-8"?>
<!DOCTYPE html PUBLIC "-//W3C//DTD XHTML 1.0 Transitional//EN"
    "http://www.w3.org/TR/xhtml1/DTD/xhtml1-transitional.dtd">
<html xmlns="http://www.w3.org/1999/xhtml" xml:lang="en" lang="en">
 <head>
  <title>
</title>
<meta http-equiv="Content-Type" content="text/html;charset=utf-8" />
  <meta name='ocr-system' content='tesseract 3.04.00' />
  <meta name='ocr-capabilities' content='ocr_page ocr_carea ocr_par ocr_line ocrx_word'/>
</head>
<body>
  <div class='ocr_page' id='page_1' title='image "./p2operaomniaedid08kepluoft_0314.png"; bbox 0 0 2126 3388; ppageno 0'>
   <div class='ocr_carea' id='block_1_1' title="bbox 261 182 1376 231">
    <p class='ocr_par' dir='ltr' id='par_1_1' title="bbox 261 182 1376 231">
     <span class='ocr_line' id='line_1_1' title="bbox 261 182 1376 231; baseline -0.003 -7"><span class='ocrx_word' id='word_1_1' title='bbox 261 182 347 229; x_wconf 83' lang='lat'>860</span> <span class='ocrx_word' id='word_1_2' title='bbox 934 183 1018 220; x_wconf 74' lang='lat' dir='ltr'>Vita</span> <span class='ocrx_word' id='word_1_3' title='bbox 1040 183 1064 219; x_wconf 81' lang='lat' dir='ltr'><strong>J</strong></span> <span class='ocrx_word' id='word_1_4' title='bbox 1066 184 1193 221; x_wconf 78' lang='lat' dir='ltr'>oannis</span> <span class='ocrx_word' id='word_1_5' title='bbox 1216 184 1376 231; x_wconf 85' lang='lat' dir='ltr'>Kepleri.</span> 
     </span>
    </p>
   </div>
   <div class='ocr_carea' id='block_1_2' title="bbox 262 300 2054 3202">
    <p class='ocr_par' dir='ltr' id='par_1_2' title="bbox 262 300 2049 876">
     <span class='ocr_line' id='line_1_2' title="bbox 263 300 2045 354; baseline 0.001 -12"><span class='ocrx_word' id='word_1_6' title='bbox 263 303 415 343; x_wconf 87' lang='lat' dir='ltr'>cordiae</span> <span class='ocrx_word' id='word_1_7' title='bbox 447 303 589 353; x_wconf 90' lang='lat' dir='ltr'>(sicubi</span> <span class='ocrx_word' id='word_1_8' title='bbox 621 302 827 341; x_wconf 85' lang='lat' dir='ltr'>diversitas</span> <span class='ocrx_word' id='word_1_9' title='bbox 858 300 930 354; x_wconf 89' lang='lat' dir='ltr'>est)</span> <span class='ocrx_word' id='word_1_10' title='bbox 961 302 1077 352; x_wconf 88' lang='lat' dir='ltr'>idque</span> <span class='ocrx_word' id='word_1_11' title='bbox 1108 304 1146 342; x_wconf 93' lang='lat' dir='ltr'>in</span> <span class='ocrx_word' id='word_1_12' title='bbox 1178 316 1255 343; x_wconf 90' lang='lat' dir='ltr'>uno</span> <span class='ocrx_word' id='word_1_13' title='bbox 1287 304 1450 343; x_wconf 89' lang='lat' dir='ltr'>articulo</span> <span class='ocrx_word' id='word_1_14' title='bbox 1484 303 1530 343; x_wconf 89' lang='lat' dir='ltr'>de</span> <span class='ocrx_word' id='word_1_15' title='bbox 1551 315 1717 354; x_wconf 88' lang='lat' dir='ltr'>persona</span> <span class='ocrx_word' id='word_1_16' title='bbox 1738 304 1890 344; x_wconf 83' lang='lat' dir='ltr'>Christi.</span> <span class='ocrx_word' id='word_1_17' title='bbox 1943 305 2045 354; x_wconf 88' lang='lat' dir='ltr'>Scio,</span> 
     </span>
     <span class='ocr_line' id='line_1_3' title="bbox 263 362 2045 413; baseline 0.001 -13"><span class='ocrx_word' id='word_1_18' title='bbox 263 362 366 411; x_wconf 88' lang='lat' dir='ltr'>quod</span> <span class='ocrx_word' id='word_1_19' title='bbox 398 362 606 400; x_wconf 87' lang='lat' dir='ltr'>adversarii</span> <span class='ocrx_word' id='word_1_20' title='bbox 639 363 757 399; x_wconf 87' lang='lat' dir='ltr'>vestri</span> <span class='ocrx_word' id='word_1_21' title='bbox 790 366 922 399; x_wconf 87' lang='lat' dir='ltr'>contra</span> <span class='ocrx_word' id='word_1_22' title='bbox 954 364 1200 410; x_wconf 84' lang='lat' dir='ltr'>peccaverint</span> <span class='ocrx_word' id='word_1_23' title='bbox 1231 364 1268 400; x_wconf 88' lang='lat' dir='ltr'>in</span> <span class='ocrx_word' id='word_1_24' title='bbox 1301 363 1546 410; x_wconf 88' lang='lat' dir='ltr'>charitatem,</span> <span class='ocrx_word' id='word_1_25' title='bbox 1588 362 1656 401; x_wconf 88' lang='lat' dir='ltr'>sed</span> <span class='ocrx_word' id='word_1_26' title='bbox 1687 362 1726 400; x_wconf 88' lang='lat' dir='ltr'>id</span> <span class='ocrx_word' id='word_1_27' title='bbox 1755 362 1852 400; x_wconf 90' lang='lat' dir='ltr'>nihil</span> <span class='ocrx_word' id='word_1_28' title='bbox 1883 363 1932 401; x_wconf 87' lang='lat' dir='ltr'>ad</span> <span class='ocrx_word' id='word_1_29' title='bbox 1962 377 2045 413; x_wconf 90' lang='lat' dir='ltr'>me;</span> 
     </span>
     <span class='ocr_line' id='line_1_4' title="bbox 264 419 2046 470; baseline 0.001 -12"><span class='ocrx_word' id='word_1_30' title='bbox 264 422 344 458; x_wconf 90' lang='lat' dir='ltr'>scio</span> <span class='ocrx_word' id='word_1_31' title='bbox 377 419 694 457; x_wconf 85' lang='lat' dir='ltr'>benefaciendum</span> <span class='ocrx_word' id='word_1_32' title='bbox 725 420 915 466; x_wconf 83' lang='lat' dir='ltr'>hostibus,</span> <span class='ocrx_word' id='word_1_33' title='bbox 948 419 1135 458; x_wconf 85' lang='lat' dir='ltr'>amandos</span> <span class='ocrx_word' id='word_1_34' title='bbox 1168 421 1362 467; x_wconf 84' lang='lat' dir='ltr'>odienteS‚</span> <span class='ocrx_word' id='word_1_35' title='bbox 1404 420 1442 457; x_wconf 91' lang='lat' dir='ltr'>id</span> <span class='ocrx_word' id='word_1_36' title='bbox 1475 425 1533 458; x_wconf 90' lang='lat' dir='ltr'>cst</span> <span class='ocrx_word' id='word_1_37' title='bbox 1567 421 1843 459; x_wconf 84' lang='lat' dir='ltr'>examinandas</span> <span class='ocrx_word' id='word_1_38' title='bbox 1875 423 2046 470; x_wconf 86' lang='lat' dir='ltr'>ipsorum</span> 
     </span>
     <span class='ocr_line' id='line_1_5' title="bbox 262 477 2047 530; baseline 0.002 -15"><span class='ocrx_word' id='word_1_39' title='bbox 262 479 432 526; x_wconf 80' lang='lat' dir='ltr'>phrases,</span> <span class='ocrx_word' id='word_1_40' title='bbox 464 479 635 526; x_wconf 88' lang='lat' dir='ltr'>seposito</span> <span class='ocrx_word' id='word_1_41' title='bbox 673 477 755 526; x_wconf 86' lang='lat' dir='ltr'>jam</span> <span class='ocrx_word' id='word_1_42' title='bbox 786 482 961 526; x_wconf 87' lang='lat' dir='ltr'>respectu</span> <span class='ocrx_word' id='word_1_43' title='bbox 1005 478 1137 516; x_wconf 83' lang='lat' dir='ltr'>laesae</span> <span class='ocrx_word' id='word_1_44' title='bbox 1177 479 1225 516; x_wconf 89' lang='lat' dir='ltr'>ab</span> <span class='ocrx_word' id='word_1_45' title='bbox 1268 480 1362 528; x_wconf 88' lang='lat' dir='ltr'>ipsis</span> <span class='ocrx_word' id='word_1_46' title='bbox 1405 478 1617 517; x_wconf 84' lang='lat' dir='ltr'>charitatis.</span> <span class='ocrx_word' id='word_1_47' title='bbox 1679 478 1720 517; x_wconf 88' lang='lat' dir='ltr'>Si</span> <span class='ocrx_word' id='word_1_48' title='bbox 1763 491 1833 517; x_wconf 89' lang='lat' dir='ltr'>vos</span> <span class='ocrx_word' id='word_1_49' title='bbox 1874 479 2047 530; x_wconf 86' lang='lat' dir='ltr'>theologi</span> 
     </span>
     <span class='ocr_line' id='line_1_6' title="bbox 264 535 2047 586; baseline 0.001 -12"><span class='ocrx_word' id='word_1_50' title='bbox 264 537 324 574; x_wconf 87' lang='grc'><strong>1116</strong></span> <span class='ocrx_word' id='word_1_51' title='bbox 355 547 414 573; x_wconf 88' lang='grc'><strong>1116</strong></span> <span class='ocrx_word' id='word_1_52' title='bbox 447 547 522 572; x_wconf 89' lang='lat' dir='ltr'>non</span> <span class='ocrx_word' id='word_1_53' title='bbox 554 538 715 584; x_wconf 85' lang='lat' dir='ltr'>potestis</span> <span class='ocrx_word' id='word_1_54' title='bbox 748 537 888 573; x_wconf 87' lang='lat' dir='ltr'>imitari</span> <span class='ocrx_word' id='word_1_55' title='bbox 919 535 1082 584; x_wconf 86' lang='lat' dir='ltr'>laicum,</span> <span class='ocrx_word' id='word_1_56' title='bbox 1116 537 1180 575; x_wconf 87' lang='lat' dir='ltr'>hic</span> <span class='ocrx_word' id='word_1_57' title='bbox 1208 548 1281 585; x_wconf 82' lang='lat' dir='ltr'>ego</span> <span class='ocrx_word' id='word_1_58' title='bbox 1314 541 1484 578; x_wconf 87' lang='lat' dir='ltr'>vestrum</span> <span class='ocrx_word' id='word_1_59' title='bbox 1516 537 1684 575; x_wconf 87' lang='lat' dir='ltr'>officium</span> <span class='ocrx_word' id='word_1_60' title='bbox 1716 537 1837 586; x_wconf 83' lang='lat' dir='ltr'><strong>rigide</strong></span> <span class='ocrx_word' id='word_1_61' title='bbox 1868 549 1945 574; x_wconf 89' lang='lat' dir='ltr'>non</span> <span class='ocrx_word' id='word_1_62' title='bbox 1977 549 2047 575; x_wconf 83' lang='lat' dir='ltr'>ex-</span> 
     </span>
     <span class='ocr_line' id='line_1_7' title="bbox 265 593 2047 644; baseline 0.002 -14"><span class='ocrx_word' id='word_1_63' title='bbox 265 595 415 638; x_wconf 76' lang='lat' dir='ltr'>cutiam,</span> <span class='ocrx_word' id='word_1_64' title='bbox 450 599 487 630; x_wconf 90' lang='lat' dir='ltr'>et</span> <span class='ocrx_word' id='word_1_65' title='bbox 518 595 549 630; x_wconf 89' lang='lat' dir='ltr'>si</span> <span class='ocrx_word' id='word_1_66' title='bbox 582 593 673 642; x_wconf 88' lang='lat' dir='ltr'>quid</span> <span class='ocrx_word' id='word_1_67' title='bbox 706 605 876 642; x_wconf 87' lang='lat' dir='ltr'>unquam</span> <span class='ocrx_word' id='word_1_68' title='bbox 908 595 1056 632; x_wconf 88' lang='lat' dir='ltr'>curiose</span> <span class='ocrx_word' id='word_1_69' title='bbox 1090 594 1178 641; x_wconf 84' lang='lat' dir='ltr'>dixi,</span> <span class='ocrx_word' id='word_1_70' title='bbox 1211 599 1369 644; x_wconf 87' lang='lat' dir='ltr'>paratus</span> <span class='ocrx_word' id='word_1_71' title='bbox 1401 606 1485 632; x_wconf 91' lang='lat' dir='ltr'>sum</span> <span class='ocrx_word' id='word_1_72' title='bbox 1516 594 1672 633; x_wconf 86' lang='lat' dir='ltr'>tandem</span> <span class='ocrx_word' id='word_1_73' title='bbox 1693 601 1783 644; x_wconf 86' lang='lat' dir='ltr'>post</span> <span class='ocrx_word' id='word_1_74' title='bbox 1813 596 1954 633; x_wconf 82' lang='lat' dir='ltr'>saetam</span> <span class='ocrx_word' id='word_1_75' title='bbox 1975 596 2047 633; x_wconf 89' lang='lat' dir='ltr'>ad-</span> 
     </span>
     <span class='ocr_line' id='line_1_8' title="bbox 263 652 2047 702; baseline 0.001 -14"><span class='ocrx_word' id='word_1_76' title='bbox 263 652 511 688; x_wconf 83' lang='lat' dir='ltr'>monitionem</span> <span class='ocrx_word' id='word_1_77' title='bbox 544 654 717 689; x_wconf 84' lang='lat' dir='ltr'>omittere</span> <span class='ocrx_word' id='word_1_78' title='bbox 749 652 980 700; x_wconf 87' lang='lat' dir='ltr'>silentioque</span> <span class='ocrx_word' id='word_1_79' title='bbox 1013 652 1231 691; x_wconf 83' lang='lat' dir='ltr'>involvere:</span> <span class='ocrx_word' id='word_1_80' title='bbox 1273 658 1420 690; x_wconf 84' lang='lat' dir='ltr'>tantum</span> <span class='ocrx_word' id='word_1_81' title='bbox 1462 665 1511 690; x_wconf 87' lang='lat' dir='ltr'>ne</span> <span class='ocrx_word' id='word_1_82' title='bbox 1543 659 1580 690; x_wconf 90' lang='lat' dir='ltr'>et</span> <span class='ocrx_word' id='word_1_83' title='bbox 1611 653 1783 702; x_wconf 85' lang='lat' dir='ltr'>theologi</span> <span class='ocrx_word' id='word_1_84' title='bbox 1815 665 1874 691; x_wconf 89' lang='lat' dir='ltr'>me</span> <span class='ocrx_word' id='word_1_85' title='bbox 1906 653 2047 691; x_wconf 89' lang='lat' dir='ltr'>laicum</span> 
     </span>
     <span class='ocr_line' id='line_1_9' title="bbox 264 709 2049 761; baseline 0.002 -16"><span class='ocrx_word' id='word_1_86' title='bbox 264 709 473 758; x_wconf 84' lang='lat' dir='ltr'>impediant</span> <span class='ocrx_word' id='word_1_87' title='bbox 505 711 542 746; x_wconf 91' lang='lat' dir='ltr'>iu</span> <span class='ocrx_word' id='word_1_88' title='bbox 574 710 768 758; x_wconf 83' lang='lat' dir='ltr'>diligendo</span> <span class='ocrx_word' id='word_1_89' title='bbox 801 722 859 757; x_wconf 89' lang='lat' dir='ltr'>eo,</span> <span class='ocrx_word' id='word_1_90' title='bbox 893 711 958 759; x_wconf 89' lang='lat' dir='ltr'>qui</span> <span class='ocrx_word' id='word_1_91' title='bbox 991 715 1032 748; x_wconf 89' lang='lat' dir='ltr'>ut</span> <span class='ocrx_word' id='word_1_92' title='bbox 1064 711 1146 759; x_wconf 88' lang='lat' dir='ltr'>ejus</span> <span class='ocrx_word' id='word_1_93' title='bbox 1168 716 1389 749; x_wconf 83' lang='lat' dir='ltr'>antecessor</span> <span class='ocrx_word' id='word_1_94' title='bbox 1412 716 1533 748; x_wconf 86' lang='lat' dir='ltr'>totum</span> <span class='ocrx_word' id='word_1_95' title='bbox 1557 716 1708 749; x_wconf 89' lang='lat' dir='ltr'>coetum</span> <span class='ocrx_word' id='word_1_96' title='bbox 1730 710 1906 758; x_wconf 82' lang='lat' dir='ltr'>laeserat,</span> <span class='ocrx_word' id='word_1_97' title='bbox 1941 712 2049 761; x_wconf 89' lang='lat' dir='ltr'>ejus-</span> 
     </span>
     <span class='ocr_line' id='line_1_10' title="bbox 264 767 2047 818; baseline 0.002 -14"><span class='ocrx_word' id='word_1_98' title='bbox 264 779 336 815; x_wconf 90' lang='lat' dir='ltr'>que</span> <span class='ocrx_word' id='word_1_99' title='bbox 368 767 574 816; x_wconf 82' lang='lat' dir='ltr'>phrasibus</span> <span class='ocrx_word' id='word_1_100' title='bbox 597 768 818 817; x_wconf 86' lang='lat' dir='ltr'>Scripturae</span> <span class='ocrx_word' id='word_1_101' title='bbox 849 780 925 806; x_wconf 90' lang='lat' dir='ltr'>non</span> <span class='ocrx_word' id='word_1_102' title='bbox 957 767 1144 816; x_wconf 82' lang='lat' dir='ltr'>adversis,</span> <span class='ocrx_word' id='word_1_103' title='bbox 1177 770 1401 818; x_wconf 81' lang='lat' dir='ltr'>antiquitati</span> <span class='ocrx_word' id='word_1_104' title='bbox 1432 781 1523 807; x_wconf 87' lang='lat' dir='ltr'>vero</span> <span class='ocrx_word' id='word_1_105' title='bbox 1547 770 1807 807; x_wconf 83' lang='lat' dir='ltr'>conformibus</span> <span class='ocrx_word' id='word_1_106' title='bbox 1839 769 2047 817; x_wconf 77' lang='lat' dir='ltr'>imitandis,</span> 
     </span>
     <span class='ocr_line' id='line_1_11' title="bbox 265 825 1765 876; baseline 0.003 -14"><span class='ocrx_word' id='word_1_107' title='bbox 265 825 378 874; x_wconf 90' lang='lat' dir='ltr'>idque</span> <span class='ocrx_word' id='word_1_108' title='bbox 409 837 484 863; x_wconf 90' lang='lat' dir='ltr'>non</span> <span class='ocrx_word' id='word_1_109' title='bbox 517 829 607 874; x_wconf 89' lang='lat' dir='ltr'>quia</span> <span class='ocrx_word' id='word_1_110' title='bbox 637 828 719 876; x_wconf 85' lang='lat' dir='ltr'>ipse</span> <span class='ocrx_word' id='word_1_111' title='bbox 750 826 825 863; x_wconf 89' lang='lat' dir='ltr'>illis</span> <span class='ocrx_word' id='word_1_112' title='bbox 857 828 986 872; x_wconf 86' lang='lat' dir='ltr'>utitur,</span> <span class='ocrx_word' id='word_1_113' title='bbox 1019 826 1087 864; x_wconf 89' lang='lat' dir='ltr'>sed</span> <span class='ocrx_word' id='word_1_114' title='bbox 1120 829 1212 876; x_wconf 88' lang='lat' dir='ltr'>quia</span> <span class='ocrx_word' id='word_1_115' title='bbox 1242 828 1453 876; x_wconf 85' lang='lat' dir='ltr'>antiquitas</span> <span class='ocrx_word' id='word_1_116' title='bbox 1484 827 1560 865; x_wconf 90' lang='lat' dir='ltr'>illis</span> <span class='ocrx_word' id='word_1_117' title='bbox 1593 833 1651 865; x_wconf 87' lang='lat' dir='ltr'>est</span> <span class='ocrx_word' id='word_1_118' title='bbox 1681 839 1765 868; x_wconf 84' lang='lat' dir='ltr'>usa.</span> 
     </span>
    </p>

    <p class='ocr_par' dir='ltr' id='par_1_3' title="bbox 263 884 2053 1857">
     <span class='ocr_line' id='line_1_12' title="bbox 400 884 2050 935; baseline 0.001 -15"><span class='ocrx_word' id='word_1_119' title='bbox 400 884 622 922; x_wconf 86' lang='lat' dir='ltr'>Formulam</span> <span class='ocrx_word' id='word_1_120' title='bbox 645 884 883 923; x_wconf 83' lang='lat' dir='ltr'>Concordiae</span> <span class='ocrx_word' id='word_1_121' title='bbox 916 896 982 922; x_wconf 88' lang='lat' dir='ltr'>cur</span> <span class='ocrx_word' id='word_1_122' title='bbox 1014 890 1183 923; x_wconf 80' lang='lat' dir='ltr'>vestram</span> <span class='ocrx_word' id='word_1_123' title='bbox 1215 886 1279 924; x_wconf 89' lang='lat' dir='ltr'>vel</span> <span class='ocrx_word' id='word_1_124' title='bbox 1298 891 1403 923; x_wconf 86' lang='lat' dir='ltr'>tuam</span> <span class='ocrx_word' id='word_1_125' title='bbox 1426 885 1717 935; x_wconf 81' lang='lat' dir='ltr'>appellaverim,</span> <span class='ocrx_word' id='word_1_126' title='bbox 1750 896 1863 935; x_wconf 83' lang='lat' dir='ltr'>spero</span> <span class='ocrx_word' id='word_1_127' title='bbox 1885 886 2050 923; x_wconf 85' lang='lat' dir='ltr'>circum-</span> 
     </span>
     <span class='ocr_line' id='line_1_13' title="bbox 264 942 2048 993; baseline 0.001 -14"><span class='ocrx_word' id='word_1_128' title='bbox 264 942 455 979; x_wconf 85' lang='lat' dir='ltr'>stantibus</span> <span class='ocrx_word' id='word_1_129' title='bbox 498 943 625 981; x_wconf 79' lang='lat' dir='ltr'>verbis</span> <span class='ocrx_word' id='word_1_130' title='bbox 664 944 756 980; x_wconf 85' lang='lat' dir='ltr'>satis</span> <span class='ocrx_word' id='word_1_131' title='bbox 799 943 878 981; x_wconf 87' lang='lat' dir='ltr'>sore</span> <span class='ocrx_word' id='word_1_132' title='bbox 917 942 1173 982; x_wconf 88' lang='lat' dir='ltr'>declaratum:</span> <span class='ocrx_word' id='word_1_133' title='bbox 1218 944 1377 982; x_wconf 86' lang='lat' dir='ltr'>obsecro</span> <span class='ocrx_word' id='word_1_134' title='bbox 1417 955 1465 981; x_wconf 89' lang='lat' dir='ltr'>ne</span> <span class='ocrx_word' id='word_1_135' title='bbox 1507 944 1581 981; x_wconf 91' lang='lat' dir='ltr'>hoc</span> <span class='ocrx_word' id='word_1_136' title='bbox 1618 944 1712 981; x_wconf 92' lang='lat' dir='ltr'>mihi</span> <span class='ocrx_word' id='word_1_137' title='bbox 1752 955 1821 993; x_wconf 89' lang='lat' dir='ltr'>pro</span> <span class='ocrx_word' id='word_1_138' title='bbox 1853 955 2048 981; x_wconf 83' lang='lat' dir='ltr'>sarcasmo</span> 
     </span>
     <span class='ocr_line' id='line_1_14' title="bbox 263 1001 2046 1049; baseline 0.001 -12"><span class='ocrx_word' id='word_1_139' title='bbox 263 1002 482 1049; x_wconf 87' lang='lat' dir='ltr'>imputetur,</span> <span class='ocrx_word' id='word_1_140' title='bbox 515 1001 618 1049; x_wconf 85' lang='lat' dir='ltr'>quod</span> <span class='ocrx_word' id='word_1_141' title='bbox 651 1008 752 1039; x_wconf 88' lang='lat' dir='ltr'>certe</span> <span class='ocrx_word' id='word_1_142' title='bbox 782 1012 858 1039; x_wconf 90' lang='lat' dir='ltr'>non</span> <span class='ocrx_word' id='word_1_143' title='bbox 889 1001 972 1039; x_wconf 88' lang='lat' dir='ltr'>fuit.</span> <span class='ocrx_word' id='word_1_144' title='bbox 1033 1002 1229 1040; x_wconf 90' lang='lat' dir='ltr'>Interdum</span> <span class='ocrx_word' id='word_1_145' title='bbox 1261 1001 1389 1040; x_wconf 88' lang='lat' dir='ltr'>studio</span> <span class='ocrx_word' id='word_1_146' title='bbox 1423 1002 1642 1048; x_wconf 87' lang='lat' dir='ltr'>brevitatis,</span> <span class='ocrx_word' id='word_1_147' title='bbox 1676 1007 1849 1040; x_wconf 89' lang='lat' dir='ltr'>currente</span> <span class='ocrx_word' id='word_1_148' title='bbox 1883 1001 2046 1048; x_wconf 87' lang='lat' dir='ltr'>calamo,</span> 
     </span>
     <span class='ocr_line' id='line_1_15' title="bbox 263 1058 2049 1109; baseline 0.001 -15"><span class='ocrx_word' id='word_1_149' title='bbox 263 1058 454 1107; x_wconf 87' lang='lat' dir='ltr'>loquimur</span> <span class='ocrx_word' id='word_1_150' title='bbox 486 1061 609 1096; x_wconf 89' lang='lat' dir='ltr'>minus</span> <span class='ocrx_word' id='word_1_151' title='bbox 641 1061 795 1098; x_wconf 88' lang='lat' dir='ltr'>usitate.</span> <span class='ocrx_word' id='word_1_152' title='bbox 859 1059 958 1097; x_wconf 89' lang='lat' dir='ltr'>Amo</span> <span class='ocrx_word' id='word_1_153' title='bbox 989 1059 1128 1097; x_wconf 87' lang='lat' dir='ltr'>librum</span> <span class='ocrx_word' id='word_1_154' title='bbox 1160 1062 1418 1109; x_wconf 82' lang='lat' dir='ltr'>inquantum,</span> <span class='ocrx_word' id='word_1_155' title='bbox 1452 1060 1555 1108; x_wconf 90' lang='lat' dir='ltr'>quod</span> <span class='ocrx_word' id='word_1_156' title='bbox 1577 1060 1724 1108; x_wconf 89' lang='lat' dir='ltr'>scribis,</span> <span class='ocrx_word' id='word_1_157' title='bbox 1756 1059 2049 1098; x_wconf 84' lang='lat' dir='ltr'>fundamentum</span> 
     </span>
     <span class='ocr_line' id='line_1_16' title="bbox 264 1116 2047 1168; baseline 0.001 -14"><span class='ocrx_word' id='word_1_158' title='bbox 264 1116 440 1154; x_wconf 88' lang='lat' dir='ltr'>coelestis</span> <span class='ocrx_word' id='word_1_159' title='bbox 472 1118 645 1155; x_wconf 89' lang='lat' dir='ltr'>veritatis</span> <span class='ocrx_word' id='word_1_160' title='bbox 678 1130 723 1156; x_wconf 84' lang='lat' dir='ltr'>ex</span> <span class='ocrx_word' id='word_1_161' title='bbox 755 1119 955 1167; x_wconf 88' lang='lat' dir='ltr'>scripturis</span> <span class='ocrx_word' id='word_1_162' title='bbox 985 1119 1129 1156; x_wconf 88' lang='lat' dir='ltr'>sanctis</span> <span class='ocrx_word' id='word_1_163' title='bbox 1160 1117 1501 1156; x_wconf 87' lang='lat' dir='ltr'>fundamentaliter</span> <span class='ocrx_word' id='word_1_164' title='bbox 1531 1123 1688 1164; x_wconf 84' lang='lat' dir='ltr'>tractat,</span> <span class='ocrx_word' id='word_1_165' title='bbox 1722 1124 1759 1156; x_wconf 90' lang='lat' dir='ltr'>et</span> <span class='ocrx_word' id='word_1_166' title='bbox 1790 1119 1828 1155; x_wconf 87' lang='lat' dir='ltr'>in</span> <span class='ocrx_word' id='word_1_167' title='bbox 1861 1123 2047 1168; x_wconf 86' lang='lat' dir='ltr'>quantum</span> 
     </span>
     <span class='ocr_line' id='line_1_17' title="bbox 264 1175 2048 1226; baseline 0.002 -15"><span class='ocrx_word' id='word_1_168' title='bbox 264 1175 357 1211; x_wconf 91' lang='lat' dir='ltr'>mihi</span> <span class='ocrx_word' id='word_1_169' title='bbox 400 1187 475 1212; x_wconf 89' lang='lat' dir='ltr'>non</span> <span class='ocrx_word' id='word_1_170' title='bbox 519 1176 647 1213; x_wconf 86' lang='lat' dir='ltr'>obstat</span> <span class='ocrx_word' id='word_1_171' title='bbox 684 1187 752 1224; x_wconf 90' lang='lat' dir='ltr'>pro</span> <span class='ocrx_word' id='word_1_172' title='bbox 791 1176 972 1214; x_wconf 85' lang='lat' dir='ltr'>fratribus</span> <span class='ocrx_word' id='word_1_173' title='bbox 1014 1178 1240 1225; x_wconf 82' lang='lat' dir='ltr'>agnoscenti</span> <span class='ocrx_word' id='word_1_174' title='bbox 1277 1176 1384 1223; x_wconf 89' lang='lat' dir='ltr'>illos,</span> <span class='ocrx_word' id='word_1_175' title='bbox 1431 1178 1496 1224; x_wconf 90' lang='lat' dir='ltr'>qui</span> <span class='ocrx_word' id='word_1_176' title='bbox 1538 1178 1575 1213; x_wconf 91' lang='lat' dir='ltr'>in</span> <span class='ocrx_word' id='word_1_177' title='bbox 1608 1176 1769 1214; x_wconf 89' lang='lat' dir='ltr'>articulo</span> <span class='ocrx_word' id='word_1_178' title='bbox 1809 1176 1856 1214; x_wconf 87' lang='lat' dir='ltr'>de</span> <span class='ocrx_word' id='word_1_179' title='bbox 1881 1188 2048 1226; x_wconf 85' lang='lat' dir='ltr'>persona</span> 
     </span>
     <span class='ocr_line' id='line_1_18' title="bbox 264 1233 2048 1284; baseline 0.001 -13"><span class='ocrx_word' id='word_1_180' title='bbox 264 1233 405 1271; x_wconf 86' lang='lat' dir='ltr'>Christi</span> <span class='ocrx_word' id='word_1_181' title='bbox 438 1245 523 1271; x_wconf 92' lang='lat' dir='ltr'>cum</span> <span class='ocrx_word' id='word_1_182' title='bbox 556 1236 787 1283; x_wconf 81' lang='lat' dir='ltr'>antiquitate</span> <span class='ocrx_word' id='word_1_183' title='bbox 819 1234 926 1283; x_wconf 90' lang='lat' dir='ltr'>loqui</span> <span class='ocrx_word' id='word_1_184' title='bbox 958 1235 1130 1282; x_wconf 80' lang='lat' dir='ltr'>malunt3</span> <span class='ocrx_word' id='word_1_185' title='bbox 1173 1247 1244 1273; x_wconf 87' lang='lat' dir='ltr'>nec</span> <span class='ocrx_word' id='word_1_186' title='bbox 1275 1247 1335 1273; x_wconf 91' lang='lat' dir='ltr'>me</span> <span class='ocrx_word' id='word_1_187' title='bbox 1368 1234 1529 1283; x_wconf 89' lang='lat' dir='ltr'>pudebit</span> <span class='ocrx_word' id='word_1_188' title='bbox 1559 1235 1871 1284; x_wconf 83' lang='lat' dir='ltr'>subscriptionis,</span> <span class='ocrx_word' id='word_1_189' title='bbox 1911 1236 1943 1272; x_wconf 74' lang='lat' dir='ltr'>si</span> <span class='ocrx_word' id='word_1_190' title='bbox 1975 1246 2048 1272; x_wconf 84' lang='lat' dir='ltr'>vos</span> 
     </span>
     <span class='ocr_line' id='line_1_19' title="bbox 263 1292 2051 1342; baseline 0.001 -14"><span class='ocrx_word' id='word_1_191' title='bbox 263 1303 396 1329; x_wconf 86' lang='lat' dir='ltr'>vocem</span> <span class='ocrx_word' id='word_1_192' title='bbox 428 1293 541 1329; x_wconf 85' lang='lat' dir='ltr'>istam</span> <span class='ocrx_word' id='word_1_193' title='bbox 571 1294 616 1329; x_wconf 76' lang='lat' dir='ltr'>in</span> <span class='ocrx_word' id='word_1_194' title='bbox 648 1297 848 1341; x_wconf 77' lang='lat' dir='ltr'>quantum</span> <span class='ocrx_word' id='word_1_195' title='bbox 886 1304 960 1329; x_wconf 89' lang='lat' dir='ltr'>non</span> <span class='ocrx_word' id='word_1_196' title='bbox 1002 1294 1210 1342; x_wconf 86' lang='lat' dir='ltr'>rejiceretis</span> <span class='ocrx_word' id='word_1_197' title='bbox 1243 1305 1266 1331; x_wconf 88' lang='lat' dir='ltr'>a</span> <span class='ocrx_word' id='word_1_198' title='bbox 1297 1292 1579 1341; x_wconf 87' lang='lat' dir='ltr'>subscriptione</span> <span class='ocrx_word' id='word_1_199' title='bbox 1619 1298 1802 1342; x_wconf 89' lang='lat' dir='ltr'>tanquam</span> <span class='ocrx_word' id='word_1_200' title='bbox 1845 1292 2051 1330; x_wconf 85' lang='lat' dir='ltr'>subdolam</span> 
     </span>
     <span class='ocr_line' id='line_1_20' title="bbox 266 1350 2049 1400; baseline 0.001 -13"><span class='ocrx_word' id='word_1_201' title='bbox 266 1355 302 1387; x_wconf 90' lang='lat' dir='ltr'>et</span> <span class='ocrx_word' id='word_1_202' title='bbox 333 1350 558 1388; x_wconf 71' lang='lat' dir='ltr'>illusoriam,</span> <span class='ocrx_word' id='word_1_203' title='bbox 621 1350 731 1388; x_wconf 84' lang='lat' dir='ltr'>Certe</span> <span class='ocrx_word' id='word_1_204' title='bbox 771 1351 844 1388; x_wconf 88' lang='lat' dir='ltr'>hac</span> <span class='ocrx_word' id='word_1_205' title='bbox 875 1350 1028 1388; x_wconf 86' lang='lat' dir='ltr'>cautela</span> <span class='ocrx_word' id='word_1_206' title='bbox 1069 1351 1371 1390; x_wconf 85' lang='lat' dir='ltr'>dissolverentur</span> <span class='ocrx_word' id='word_1_207' title='bbox 1413 1351 1686 1400; x_wconf 87' lang='lat' dir='ltr'>compendiose</span> <span class='ocrx_word' id='word_1_208' title='bbox 1720 1351 1850 1389; x_wconf 91' lang='lat' dir='ltr'>omnia</span> <span class='ocrx_word' id='word_1_209' title='bbox 1878 1363 1966 1389; x_wconf 85' lang='lat' dir='ltr'>mea</span> <span class='ocrx_word' id='word_1_210' title='bbox 1998 1354 2049 1389; x_wconf 90' lang='grc'>60</span> 
     </span>
     <span class='ocr_line' id='line_1_21' title="bbox 265 1407 2050 1459; baseline 0.001 -14"><span class='ocrx_word' id='word_1_211' title='bbox 265 1407 393 1448; x_wconf 87' lang='lat' dir='ltr'>dubia.</span> <span class='ocrx_word' id='word_1_212' title='bbox 454 1408 625 1458; x_wconf 85' lang='lat' dir='ltr'>Imputat</span> <span class='ocrx_word' id='word_1_213' title='bbox 655 1409 746 1446; x_wconf 90' lang='lat' dir='ltr'>mihi</span> <span class='ocrx_word' id='word_1_214' title='bbox 770 1408 814 1446; x_wconf 80' lang='lat' dir='ltr'>R.</span> <span class='ocrx_word' id='word_1_215' title='bbox 838 1409 951 1457; x_wconf 81' lang='lat' dir='ltr'>Dign.</span> <span class='ocrx_word' id='word_1_216' title='bbox 976 1409 1072 1455; x_wconf 88' lang='lat' dir='ltr'>Tua,</span> <span class='ocrx_word' id='word_1_217' title='bbox 1107 1409 1210 1459; x_wconf 87' lang='lat' dir='ltr'>quod</span> <span class='ocrx_word' id='word_1_218' title='bbox 1243 1409 1292 1447; x_wconf 90' lang='lat' dir='ltr'>ad</span> <span class='ocrx_word' id='word_1_219' title='bbox 1323 1408 1427 1446; x_wconf 87' lang='lat' dir='ltr'>illam</span> <span class='ocrx_word' id='word_1_220' title='bbox 1460 1421 1546 1447; x_wconf 89' lang='lat' dir='ltr'>cum</span> <span class='ocrx_word' id='word_1_221' title='bbox 1577 1410 1777 1447; x_wconf 85' lang='lat' dir='ltr'>stomacho</span> <span class='ocrx_word' id='word_1_222' title='bbox 1809 1411 2050 1459; x_wconf 84' lang='lat' dir='ltr'>scripserim:</span> 
     </span>
     <span class='ocr_line' id='line_1_22' title="bbox 264 1467 2051 1516; baseline 0.001 -12"><span class='ocrx_word' id='word_1_223' title='bbox 264 1477 378 1515; x_wconf 85' lang='lat' dir='ltr'>aegro</span> <span class='ocrx_word' id='word_1_224' title='bbox 417 1478 509 1505; x_wconf 88' lang='lat' dir='ltr'>sane</span> <span class='ocrx_word' id='word_1_225' title='bbox 552 1468 685 1516; x_wconf 86' lang='lat' dir='ltr'>scripsi</span> <span class='ocrx_word' id='word_1_226' title='bbox 727 1469 875 1514; x_wconf 89' lang='lat' dir='ltr'>animo,</span> <span class='ocrx_word' id='word_1_227' title='bbox 920 1472 960 1504; x_wconf 88' lang='lat' dir='ltr'>at</span> <span class='ocrx_word' id='word_1_228' title='bbox 1001 1479 1076 1505; x_wconf 92' lang='lat' dir='ltr'>non</span> <span class='ocrx_word' id='word_1_229' title='bbox 1119 1467 1205 1506; x_wconf 91' lang='lat' dir='ltr'>ideo</span> <span class='ocrx_word' id='word_1_230' title='bbox 1238 1467 1518 1514; x_wconf 84' lang='lat' dir='ltr'>stomachanti,</span> <span class='ocrx_word' id='word_1_231' title='bbox 1562 1467 1776 1506; x_wconf 84' lang='lat' dir='ltr'>differentia</span> <span class='ocrx_word' id='word_1_232' title='bbox 1809 1473 1879 1508; x_wconf 83' lang='lat' dir='ltr'>est.</span> <span class='ocrx_word' id='word_1_233' title='bbox 1940 1467 2051 1516; x_wconf 83' lang='lat' dir='ltr'>Rogo</span> 
     </span>
     <span class='ocr_line' id='line_1_23' title="bbox 265 1524 2053 1574; baseline 0.002 -13"><span class='ocrx_word' id='word_1_234' title='bbox 265 1530 392 1562; x_wconf 88' lang='lat' dir='ltr'>autem</span> <span class='ocrx_word' id='word_1_235' title='bbox 424 1524 470 1564; x_wconf 88' lang='lat' dir='ltr'>R.</span> <span class='ocrx_word' id='word_1_236' title='bbox 505 1525 552 1562; x_wconf 93' lang='lat' dir='ltr'>D.</span> <span class='ocrx_word' id='word_1_237' title='bbox 586 1525 630 1562; x_wconf 89' lang='lat' dir='ltr'>T.</span> <span class='ocrx_word' id='word_1_238' title='bbox 664 1525 756 1562; x_wconf 90' lang='lat' dir='ltr'>mihi</span> <span class='ocrx_word' id='word_1_239' title='bbox 788 1527 976 1574; x_wconf 81' lang='lat' dir='ltr'>ignoscat,</span> <span class='ocrx_word' id='word_1_240' title='bbox 1011 1526 1114 1574; x_wconf 90' lang='lat' dir='ltr'>quod</span> <span class='ocrx_word' id='word_1_241' title='bbox 1146 1538 1223 1564; x_wconf 90' lang='lat' dir='ltr'>non</span> <span class='ocrx_word' id='word_1_242' title='bbox 1254 1527 1309 1564; x_wconf 85' lang='lat' dir='ltr'>ita</span> <span class='ocrx_word' id='word_1_243' title='bbox 1339 1537 1423 1563; x_wconf 89' lang='lat' dir='ltr'>sum</span> <span class='ocrx_word' id='word_1_244' title='bbox 1456 1525 1677 1564; x_wconf 86' lang='lat' dir='ltr'>moderatus</span> <span class='ocrx_word' id='word_1_245' title='bbox 1710 1526 1849 1573; x_wconf 88' lang='lat' dir='ltr'>verba,</span> <span class='ocrx_word' id='word_1_246' title='bbox 1882 1530 1925 1564; x_wconf 92' lang='grc'>111</span> <span class='ocrx_word' id='word_1_247' title='bbox 1954 1526 2053 1564; x_wconf 81' lang='lat' dir='ltr'>faci-</span> 
     </span>
     <span class='ocr_line' id='line_1_24' title="bbox 263 1582 2052 1633; baseline 0.002 -14"><span class='ocrx_word' id='word_1_248' title='bbox 263 1582 337 1620; x_wconf 88' lang='lat' dir='ltr'>lius</span> <span class='ocrx_word' id='word_1_249' title='bbox 379 1588 481 1621; x_wconf 86' lang='lat' dir='ltr'>esset</span> <span class='ocrx_word' id='word_1_250' title='bbox 520 1585 617 1621; x_wconf 89' lang='lat' dir='ltr'>inter</span> <span class='ocrx_word' id='word_1_251' title='bbox 657 1583 751 1621; x_wconf 89' lang='lat' dir='ltr'>illud</span> <span class='ocrx_word' id='word_1_252' title='bbox 791 1590 828 1621; x_wconf 89' lang='lat' dir='ltr'>et</span> <span class='ocrx_word' id='word_1_253' title='bbox 854 1583 939 1621; x_wconf 74' lang='lat' dir='ltr'>‘hoc</span> <span class='ocrx_word' id='word_1_254' title='bbox 979 1584 1225 1633; x_wconf 81' lang='lat' dir='ltr'>distinguere.</span> <span class='ocrx_word' id='word_1_255' title='bbox 1289 1585 1438 1622; x_wconf 82' lang='lat' dir='ltr'>Excuso</span> <span class='ocrx_word' id='word_1_256' title='bbox 1471 1596 1532 1622; x_wconf 89' lang='lat' dir='ltr'>me</span> <span class='ocrx_word' id='word_1_257' title='bbox 1565 1586 1681 1622; x_wconf 89' lang='lat' dir='ltr'>etiam</span> <span class='ocrx_word' id='word_1_258' title='bbox 1722 1584 1949 1631; x_wconf 86' lang='lat' dir='ltr'>solenniter,</span> <span class='ocrx_word' id='word_1_259' title='bbox 1992 1596 2052 1623; x_wconf 89' lang='lat' dir='ltr'>me</span> 
     </span>
     <span class='ocr_line' id='line_1_25' title="bbox 264 1640 2052 1691; baseline 0.001 -13"><span class='ocrx_word' id='word_1_260' title='bbox 264 1640 458 1687; x_wconf 70' lang='lat' dir='ltr'>theologis</span> <span class='ocrx_word' id='word_1_261' title='bbox 499 1653 575 1679; x_wconf 90' lang='lat' dir='ltr'>non</span> <span class='ocrx_word' id='word_1_262' title='bbox 619 1642 848 1690; x_wconf 88' lang='lat' dir='ltr'>exprobrare</span> <span class='ocrx_word' id='word_1_263' title='bbox 875 1643 1147 1691; x_wconf 83' lang='lat' dir='ltr'>juventutem,</span> <span class='ocrx_word' id='word_1_264' title='bbox 1183 1655 1268 1681; x_wconf 92' lang='lat' dir='ltr'>cum</span> <span class='ocrx_word' id='word_1_265' title='bbox 1299 1643 1576 1691; x_wconf 84' lang='lat' dir='ltr'>professionem</span> <span class='ocrx_word' id='word_1_266' title='bbox 1608 1643 1776 1680; x_wconf 83' lang='lat' dir='ltr'>faciunt:</span> <span class='ocrx_word' id='word_1_267' title='bbox 1820 1654 1895 1680; x_wconf 90' lang='lat' dir='ltr'>non</span> <span class='ocrx_word' id='word_1_268' title='bbox 1936 1642 1973 1679; x_wconf 88' lang='lat' dir='ltr'>id</span> <span class='ocrx_word' id='word_1_269' title='bbox 2007 1654 2052 1680; x_wconf 89' lang='lat' dir='ltr'>eo</span> 
     </span>
     <span class='ocr_line' id='line_1_26' title="bbox 263 1700 2053 1750; baseline 0.001 -14"><span class='ocrx_word' id='word_1_270' title='bbox 263 1702 451 1748; x_wconf 87' lang='lat' dir='ltr'>pertinet,</span> <span class='ocrx_word' id='word_1_271' title='bbox 495 1705 533 1737; x_wconf 88' lang='lat' dir='ltr'>at</span> <span class='ocrx_word' id='word_1_272' title='bbox 565 1705 605 1738; x_wconf 90' lang='lat' dir='ltr'>ut</span> <span class='ocrx_word' id='word_1_273' title='bbox 637 1701 732 1738; x_wconf 79' lang='lat' dir='ltr'>ratio</span> <span class='ocrx_word' id='word_1_274' title='bbox 766 1706 915 1738; x_wconf 85' lang='lat' dir='ltr'>constet</span> <span class='ocrx_word' id='word_1_275' title='bbox 947 1713 1056 1738; x_wconf 86' lang='lat' dir='ltr'>meae</span> <span class='ocrx_word' id='word_1_276' title='bbox 1095 1702 1370 1748; x_wconf 85' lang='lat' dir='ltr'>recusationis,</span> <span class='ocrx_word' id='word_1_277' title='bbox 1415 1706 1451 1738; x_wconf 89' lang='lat' dir='ltr'>ct</span> <span class='ocrx_word' id='word_1_278' title='bbox 1489 1707 1531 1738; x_wconf 90' lang='lat' dir='ltr'>ut</span> <span class='ocrx_word' id='word_1_279' title='bbox 1562 1701 1607 1738; x_wconf 79' lang='lat' dir='ltr'>R.</span> <span class='ocrx_word' id='word_1_280' title='bbox 1640 1701 1757 1750; x_wconf 87' lang='lat' dir='ltr'>Dign.</span> <span class='ocrx_word' id='word_1_281' title='bbox 1789 1700 1898 1738; x_wconf 85' lang='lat' dir='ltr'>Tuae</span> <span class='ocrx_word' id='word_1_282' title='bbox 1930 1701 2053 1739; x_wconf 86' lang='lat' dir='ltr'>obiter</span> 
     </span>
     <span class='ocr_line' id='line_1_27' title="bbox 265 1757 2053 1809; baseline 0.002 -16"><span class='ocrx_word' id='word_1_283' title='bbox 265 1757 485 1806; x_wconf 86' lang='lat' dir='ltr'>injiceretur</span> <span class='ocrx_word' id='word_1_284' title='bbox 517 1758 613 1796; x_wconf 86' lang='lat' dir='ltr'>haec</span> <span class='ocrx_word' id='word_1_285' title='bbox 645 1758 912 1807; x_wconf 73' lang='lat' dir='ltr'>consideratio,</span> <span class='ocrx_word' id='word_1_286' title='bbox 946 1771 1035 1796; x_wconf 88' lang='lat' dir='ltr'>num</span> <span class='ocrx_word' id='word_1_287' title='bbox 1066 1760 1162 1798; x_wconf 85' lang='lat' dir='ltr'>sorte</span> <span class='ocrx_word' id='word_1_288' title='bbox 1194 1760 1266 1798; x_wconf 90' lang='lat' dir='ltr'>hoc</span> <span class='ocrx_word' id='word_1_289' title='bbox 1299 1758 1346 1797; x_wconf 85' lang='lat' dir='ltr'>ad</span> <span class='ocrx_word' id='word_1_290' title='bbox 1379 1770 1456 1796; x_wconf 81' lang='lat' dir='ltr'>rem</span> <span class='ocrx_word' id='word_1_291' title='bbox 1489 1760 1618 1807; x_wconf 82' lang='lat' dir='ltr'>faciat,</span> <span class='ocrx_word' id='word_1_292' title='bbox 1652 1759 1755 1809; x_wconf 85' lang='lat' dir='ltr'>quod</span> <span class='ocrx_word' id='word_1_293' title='bbox 1784 1758 1948 1808; x_wconf 84' lang='lat' dir='ltr'>juvenes</span> <span class='ocrx_word' id='word_1_294' title='bbox 1971 1760 2053 1797; x_wconf 91' lang='lat' dir='ltr'>sine</span> 
     </span>
     <span class='ocr_line' id='line_1_28' title="bbox 265 1815 806 1857; baseline 0.004 -5"><span class='ocrx_word' id='word_1_295' title='bbox 265 1815 334 1852; x_wconf 88' lang='lat' dir='ltr'>tali</span> <span class='ocrx_word' id='word_1_296' title='bbox 367 1817 518 1854; x_wconf 89' lang='lat' dir='ltr'>cautela</span> <span class='ocrx_word' id='word_1_297' title='bbox 549 1817 806 1857; x_wconf 82' lang='lat' dir='ltr'>subscribunt.</span> 
     </span>
    </p>

    <p class='ocr_par' dir='ltr' id='par_1_4' title="bbox 263 1873 2054 3202">
     <span class='ocr_line' id='line_1_29' title="bbox 402 1873 2054 1924; baseline 0.001 -13"><span class='ocrx_word' id='word_1_298' title='bbox 402 1873 442 1911; x_wconf 87' lang='lat' dir='ltr'>Si</span> <span class='ocrx_word' id='word_1_299' title='bbox 487 1874 590 1912; x_wconf 89' lang='lat' dir='ltr'>dolet</span> <span class='ocrx_word' id='word_1_300' title='bbox 631 1876 856 1913; x_wconf 84' lang='lat' dir='ltr'>vaticinium</span> <span class='ocrx_word' id='word_1_301' title='bbox 899 1875 1109 1914; x_wconf 82' lang='lat' dir='ltr'>infaustum</span> <span class='ocrx_word' id='word_1_302' title='bbox 1151 1875 1197 1913; x_wconf 88' lang='lat' dir='ltr'>de</span> <span class='ocrx_word' id='word_1_303' title='bbox 1235 1875 1409 1914; x_wconf 87' lang='lat' dir='ltr'>ecclesiis</span> <span class='ocrx_word' id='word_1_304' title='bbox 1453 1874 1683 1914; x_wconf 86' lang='lat' dir='ltr'>Germaniae</span> <span class='ocrx_word' id='word_1_305' title='bbox 1722 1875 1886 1924; x_wconf 84' lang='lat' dir='ltr'>legenti,</span> <span class='ocrx_word' id='word_1_306' title='bbox 1929 1874 2054 1913; x_wconf 92' lang='lat' dir='ltr'>doluit</span> 
     </span>
     <span class='ocr_line' id='line_1_30' title="bbox 265 1932 2053 1982; baseline 0.001 -13"><span class='ocrx_word' id='word_1_307' title='bbox 265 1936 365 1969; x_wconf 86' lang='lat' dir='ltr'>certe</span> <span class='ocrx_word' id='word_1_308' title='bbox 399 1937 435 1970; x_wconf 91' lang='lat' dir='ltr'>et</span> <span class='ocrx_word' id='word_1_309' title='bbox 466 1932 559 1970; x_wconf 90' lang='lat' dir='ltr'>mihi</span> <span class='ocrx_word' id='word_1_310' title='bbox 591 1934 791 1971; x_wconf 90' lang='lat' dir='ltr'>scribenti:</span> <span class='ocrx_word' id='word_1_311' title='bbox 834 1933 901 1971; x_wconf 88' lang='lat' dir='ltr'>sed</span> <span class='ocrx_word' id='word_1_312' title='bbox 939 1934 1129 1972; x_wconf 81' lang='lat' dir='ltr'>acerbitas</span> <span class='ocrx_word' id='word_1_313' title='bbox 1162 1935 1340 1982; x_wconf 87' lang='lat' dir='ltr'>utrinque</span> <span class='ocrx_word' id='word_1_314' title='bbox 1371 1934 1606 1981; x_wconf 82' lang='lat' dir='ltr'>litigantium</span> <span class='ocrx_word' id='word_1_315' title='bbox 1646 1939 1756 1971; x_wconf 86' lang='lat' dir='ltr'>tanta</span> <span class='ocrx_word' id='word_1_316' title='bbox 1789 1938 1864 1981; x_wconf 89' lang='lat' dir='ltr'>est,</span> <span class='ocrx_word' id='word_1_317' title='bbox 1904 1939 1946 1971; x_wconf 89' lang='lat' dir='ltr'>ut</span> <span class='ocrx_word' id='word_1_318' title='bbox 1977 1945 2053 1971; x_wconf 91' lang='lat' dir='ltr'>non</span> 
     </span>
     <span class='ocr_line' id='line_1_31' title="bbox 268 1991 2052 2040; baseline 0.002 -14"><span class='ocrx_word' id='word_1_319' title='bbox 268 1992 392 2039; x_wconf 89' lang='lat' dir='ltr'>possit</span> <span class='ocrx_word' id='word_1_320' title='bbox 430 2003 506 2028; x_wconf 89' lang='lat' dir='ltr'>non</span> <span class='ocrx_word' id='word_1_321' title='bbox 547 2003 628 2029; x_wconf 87' lang='lat' dir='ltr'>esse</span> <span class='ocrx_word' id='word_1_322' title='bbox 668 1992 754 2029; x_wconf 90' lang='grc'><strong>1060</strong></span> <span class='ocrx_word' id='word_1_323' title='bbox 797 1993 888 2029; x_wconf 86' lang='lat' dir='ltr'>mali</span> <span class='ocrx_word' id='word_1_324' title='bbox 929 1993 1079 2030; x_wconf 88' lang='lat' dir='ltr'>ominis.</span> <span class='ocrx_word' id='word_1_325' title='bbox 1142 1992 1190 2030; x_wconf 84' lang='lat' dir='ltr'>Et</span> <span class='ocrx_word' id='word_1_326' title='bbox 1221 1994 1307 2040; x_wconf 90' lang='lat' dir='ltr'>quis</span> <span class='ocrx_word' id='word_1_327' title='bbox 1350 1993 1610 2029; x_wconf 84' lang='lat' dir='ltr'>tristissimum</span> <span class='ocrx_word' id='word_1_328' title='bbox 1654 1991 1761 2029; x_wconf 91' lang='lat' dir='ltr'>illum</span> <span class='ocrx_word' id='word_1_329' title='bbox 1803 1997 1983 2029; x_wconf 86' lang='lat' dir='ltr'>eventum</span> <span class='ocrx_word' id='word_1_330' title='bbox 2014 1993 2052 2029; x_wconf 92' lang='lat' dir='ltr'>in</span> 
     </span>
     <span class='ocr_line' id='line_1_32' title="bbox 265 2048 2051 2099; baseline 0.001 -15"><span class='ocrx_word' id='word_1_331' title='bbox 265 2048 409 2087; x_wconf 86' lang='lat' dir='ltr'>ditione</span> <span class='ocrx_word' id='word_1_332' title='bbox 441 2050 707 2099; x_wconf 82' lang='lat' dir='ltr'>Neoburgensi</span> <span class='ocrx_word' id='word_1_333' title='bbox 749 2050 845 2087; x_wconf 87' lang='lat' dir='ltr'>adeo</span> <span class='ocrx_word' id='word_1_334' title='bbox 878 2052 1020 2099; x_wconf 88' lang='lat' dir='ltr'>iniquis</span> <span class='ocrx_word' id='word_1_335' title='bbox 1053 2050 1174 2088; x_wconf 88' lang='lat' dir='ltr'>oculis</span> <span class='ocrx_word' id='word_1_336' title='bbox 1208 2051 1396 2097; x_wconf 89' lang='lat' dir='ltr'>intuetur,</span> <span class='ocrx_word' id='word_1_337' title='bbox 1420 2056 1481 2087; x_wconf 62' lang='grc'><strong>’111</strong></span> <span class='ocrx_word' id='word_1_338' title='bbox 1511 2061 1587 2087; x_wconf 88' lang='lat' dir='ltr'>non</span> <span class='ocrx_word' id='word_1_339' title='bbox 1622 2050 1768 2097; x_wconf 84' lang='lat' dir='ltr'>videat,</span> <span class='ocrx_word' id='word_1_340' title='bbox 1810 2051 1926 2087; x_wconf 90' lang='lat' dir='ltr'>etiam</span> <span class='ocrx_word' id='word_1_341' title='bbox 1957 2049 2051 2088; x_wconf 86' lang='lat' dir='ltr'>alibi</span> 
     </span>
     <span class='ocr_line' id='line_1_33' title="bbox 266 2107 2052 2158; baseline 0.001 -14"><span class='ocrx_word' id='word_1_342' title='bbox 266 2118 350 2144; x_wconf 88' lang='lat' dir='ltr'>esse</span> <span class='ocrx_word' id='word_1_343' title='bbox 383 2107 557 2145; x_wconf 88' lang='lat' dir='ltr'>homines</span> <span class='ocrx_word' id='word_1_344' title='bbox 599 2120 673 2145; x_wconf 90' lang='lat' dir='ltr'>non</span> <span class='ocrx_word' id='word_1_345' title='bbox 716 2110 841 2146; x_wconf 89' lang='lat' dir='ltr'>minus</span> <span class='ocrx_word' id='word_1_346' title='bbox 884 2121 998 2158; x_wconf 81' lang='lat' dir='ltr'>quam</span> <span class='ocrx_word' id='word_1_347' title='bbox 1030 2109 1069 2145; x_wconf 90' lang='lat' dir='ltr'>in</span> <span class='ocrx_word' id='word_1_348' title='bbox 1101 2108 1248 2146; x_wconf 87' lang='lat' dir='ltr'>familia</span> <span class='ocrx_word' id='word_1_349' title='bbox 1279 2108 1478 2154; x_wconf 81' lang='lat' dir='ltr'>Palatina,</span> <span class='ocrx_word' id='word_1_350' title='bbox 1522 2114 1558 2146; x_wconf 88' lang='lat' dir='ltr'>ct</span> <span class='ocrx_word' id='word_1_351' title='bbox 1589 2108 1795 2157; x_wconf 89' lang='lat' dir='ltr'>plurimum</span> <span class='ocrx_word' id='word_1_352' title='bbox 1827 2107 2052 2145; x_wconf 87' lang='lat' dir='ltr'>naturaliter</span> 
     </span>
     <span class='ocr_line' id='line_1_34' title="bbox 264 2165 2052 2216; baseline 0.002 -15"><span class='ocrx_word' id='word_1_353' title='bbox 264 2165 312 2202; x_wconf 90' lang='lat' dir='ltr'>ab</span> <span class='ocrx_word' id='word_1_354' title='bbox 344 2176 419 2203; x_wconf 88' lang='lat' dir='ltr'>uno</span> <span class='ocrx_word' id='word_1_355' title='bbox 453 2166 606 2203; x_wconf 89' lang='lat' dir='ltr'>homine</span> <span class='ocrx_word' id='word_1_356' title='bbox 639 2167 824 2216; x_wconf 84' lang='lat' dir='ltr'>pendere,</span> <span class='ocrx_word' id='word_1_357' title='bbox 858 2173 895 2204; x_wconf 91' lang='lat' dir='ltr'>et</span> <span class='ocrx_word' id='word_1_358' title='bbox 927 2167 1052 2205; x_wconf 91' lang='lat' dir='ltr'>Deum</span> <span class='ocrx_word' id='word_1_359' title='bbox 1085 2167 1248 2205; x_wconf 91' lang='lat' dir='ltr'>eundem</span> <span class='ocrx_word' id='word_1_360' title='bbox 1281 2178 1365 2204; x_wconf 86' lang='lat' dir='ltr'>esse</span> <span class='ocrx_word' id='word_1_361' title='bbox 1397 2167 1434 2202; x_wconf 87' lang='lat' dir='ltr'>in</span> <span class='ocrx_word' id='word_1_362' title='bbox 1468 2165 1677 2204; x_wconf 85' lang='lat' dir='ltr'>Germania</span> <span class='ocrx_word' id='word_1_363' title='bbox 1709 2167 1980 2204; x_wconf 89' lang='lat' dir='ltr'>conniventem</span> <span class='ocrx_word' id='word_1_364' title='bbox 2014 2171 2052 2205; x_wconf 86' lang='lat' dir='ltr'>et</span> 
     </span>
     <span class='ocr_line' id='line_1_35' title="bbox 263 2223 2050 2274; baseline 0.002 -14"><span class='ocrx_word' id='word_1_365' title='bbox 263 2224 545 2271; x_wconf 89' lang='lat' dir='ltr'>permittentem</span> <span class='ocrx_word' id='word_1_366' title='bbox 578 2230 619 2262; x_wconf 88' lang='lat' dir='ltr'>ut</span> <span class='ocrx_word' id='word_1_367' title='bbox 653 2225 744 2272; x_wconf 79' lang='lat' dir='ltr'>vult,</span> <span class='ocrx_word' id='word_1_368' title='bbox 779 2227 844 2273; x_wconf 88' lang='lat' dir='ltr'>qui</span> <span class='ocrx_word' id='word_1_369' title='bbox 875 2226 957 2270; x_wconf 89' lang='lat' dir='ltr'>suit,</span> <span class='ocrx_word' id='word_1_370' title='bbox 991 2227 1162 2263; x_wconf 79' lang='lat' dir='ltr'>connixit</span> <span class='ocrx_word' id='word_1_371' title='bbox 1194 2230 1231 2263; x_wconf 89' lang='lat' dir='ltr'>et</span> <span class='ocrx_word' id='word_1_372' title='bbox 1261 2225 1433 2274; x_wconf 87' lang='lat' dir='ltr'>permisit</span> <span class='ocrx_word' id='word_1_373' title='bbox 1472 2225 1509 2261; x_wconf 90' lang='lat' dir='ltr'>in</span> <span class='ocrx_word' id='word_1_374' title='bbox 1542 2224 1778 2262; x_wconf 79' lang='lat' dir='ltr'>Palatinam.</span> <span class='ocrx_word' id='word_1_375' title='bbox 1839 2224 1920 2262; x_wconf 89' lang='lat' dir='ltr'>Nec</span> <span class='ocrx_word' id='word_1_376' title='bbox 1951 2223 2050 2263; x_wconf 91' lang='lat' dir='ltr'>adeo</span> 
     </span>
     <span class='ocr_line' id='line_1_36' title="bbox 264 2280 2050 2331; baseline 0.001 -14"><span class='ocrx_word' id='word_1_377' title='bbox 264 2280 364 2319; x_wconf 85' lang='lat' dir='ltr'>male</span> <span class='ocrx_word' id='word_1_378' title='bbox 397 2293 480 2319; x_wconf 91' lang='lat' dir='ltr'>sum</span> <span class='ocrx_word' id='word_1_379' title='bbox 513 2284 716 2328; x_wconf 82' lang='lat' dir='ltr'>ominatuS,</span> <span class='ocrx_word' id='word_1_380' title='bbox 750 2283 816 2321; x_wconf 91' lang='lat' dir='ltr'>sed</span> <span class='ocrx_word' id='word_1_381' title='bbox 848 2284 886 2319; x_wconf 90' lang='lat' dir='ltr'>ni</span> <span class='ocrx_word' id='word_1_382' title='bbox 917 2283 1050 2331; x_wconf 80' lang='lat' dir='ltr'>fallor,</span> <span class='ocrx_word' id='word_1_383' title='bbox 1094 2284 1237 2321; x_wconf 89' lang='lat' dir='ltr'>bonum</span> <span class='ocrx_word' id='word_1_384' title='bbox 1278 2288 1477 2328; x_wconf 88' lang='lat' dir='ltr'>eventum,</span> <span class='ocrx_word' id='word_1_385' title='bbox 1519 2284 1584 2331; x_wconf 90' lang='lat' dir='ltr'>qui</span> <span class='ocrx_word' id='word_1_386' title='bbox 1618 2282 1690 2320; x_wconf 91' lang='lat' dir='ltr'>Dei</span> <span class='ocrx_word' id='word_1_387' title='bbox 1723 2293 1806 2319; x_wconf 91' lang='lat' dir='ltr'>mos</span> <span class='ocrx_word' id='word_1_388' title='bbox 1840 2288 1917 2330; x_wconf 85' lang='lat' dir='ltr'>est,</span> <span class='ocrx_word' id='word_1_389' title='bbox 1960 2282 2050 2320; x_wconf 91' lang='lat' dir='ltr'>inde</span> 
     </span>
     <span class='ocr_line' id='line_1_37' title="bbox 264 2339 2053 2390; baseline 0.002 -15"><span class='ocrx_word' id='word_1_390' title='bbox 264 2339 494 2387; x_wconf 86' lang='lat' dir='ltr'>sperandum</span> <span class='ocrx_word' id='word_1_391' title='bbox 526 2340 622 2378; x_wconf 87' lang='lat' dir='ltr'>dixi:</span> <span class='ocrx_word' id='word_1_392' title='bbox 657 2347 699 2378; x_wconf 90' lang='lat' dir='ltr'>ut</span> <span class='ocrx_word' id='word_1_393' title='bbox 730 2347 880 2378; x_wconf 89' lang='lat' dir='ltr'>cessent</span> <span class='ocrx_word' id='word_1_394' title='bbox 911 2341 1009 2379; x_wconf 83' lang='lat' dir='ltr'>lites.</span> <span class='ocrx_word' id='word_1_395' title='bbox 1073 2341 1116 2378; x_wconf 87' lang='lat' dir='ltr'>In</span> <span class='ocrx_word' id='word_1_396' title='bbox 1148 2341 1278 2390; x_wconf 87' lang='lat' dir='ltr'>Styria</span> <span class='ocrx_word' id='word_1_397' title='bbox 1314 2346 1415 2378; x_wconf 89' lang='lat' dir='ltr'>certe</span> <span class='ocrx_word' id='word_1_398' title='bbox 1447 2352 1558 2378; x_wconf 85' lang='lat' dir='ltr'>omne</span> <span class='ocrx_word' id='word_1_399' title='bbox 1590 2340 1682 2377; x_wconf 88' lang='lat' dir='ltr'>mali</span> <span class='ocrx_word' id='word_1_400' title='bbox 1713 2341 1866 2377; x_wconf 87' lang='lat' dir='ltr'>initium</span> <span class='ocrx_word' id='word_1_401' title='bbox 1898 2345 1957 2378; x_wconf 87' lang='lat' dir='ltr'>est</span> <span class='ocrx_word' id='word_1_402' title='bbox 1987 2352 2053 2378; x_wconf 88' lang='lat' dir='ltr'>or·-</span> 
     </span>
     <span class='ocr_line' id='line_1_38' title="bbox 268 2397 2054 2447; baseline 0.001 -13"><span class='ocrx_word' id='word_1_403' title='bbox 268 2402 348 2434; x_wconf 90' lang='lat' dir='ltr'>tum</span> <span class='ocrx_word' id='word_1_404' title='bbox 381 2410 426 2435; x_wconf 90' lang='lat' dir='ltr'>ex</span> <span class='ocrx_word' id='word_1_405' title='bbox 459 2410 516 2444; x_wconf 89' lang='grc'>60,</span> <span class='ocrx_word' id='word_1_406' title='bbox 550 2398 651 2447; x_wconf 89' lang='lat' dir='ltr'>quod</span> <span class='ocrx_word' id='word_1_407' title='bbox 685 2399 888 2436; x_wconf 84' lang='lat' dir='ltr'>Fischerus</span> <span class='ocrx_word' id='word_1_408' title='bbox 920 2405 957 2437; x_wconf 91' lang='lat' dir='ltr'>et</span> <span class='ocrx_word' id='word_1_409' title='bbox 989 2399 1146 2447; x_wconf 83' lang='lat' dir='ltr'>Kelling</span> <span class='ocrx_word' id='word_1_410' title='bbox 1178 2400 1380 2447; x_wconf 87' lang='lat' dir='ltr'>exquisitis</span> <span class='ocrx_word' id='word_1_411' title='bbox 1413 2399 1666 2437; x_wconf 86' lang='lat' dir='ltr'>acerbitatum</span> <span class='ocrx_word' id='word_1_412' title='bbox 1699 2397 1844 2436; x_wconf 89' lang='lat' dir='ltr'>aculeis</span> <span class='ocrx_word' id='word_1_413' title='bbox 1876 2401 1934 2436; x_wconf 88' lang='lat' dir='ltr'>usi</span> <span class='ocrx_word' id='word_1_414' title='bbox 1964 2404 2054 2436; x_wconf 89' lang='lat' dir='ltr'>sunt</span> 
     </span>
     <span class='ocr_line' id='line_1_39' title="bbox 265 2456 2053 2506; baseline 0.002 -15"><span class='ocrx_word' id='word_1_415' title='bbox 265 2457 301 2491; x_wconf 85' lang='grc'>11]</span> <span class='ocrx_word' id='word_1_416' title='bbox 334 2462 536 2504; x_wconf 76' lang='lat' dir='ltr'>suggestu3</span> <span class='ocrx_word' id='word_1_417' title='bbox 571 2462 607 2494; x_wconf 88' lang='lat' dir='ltr'>et</span> <span class='ocrx_word' id='word_1_418' title='bbox 638 2456 844 2494; x_wconf 86' lang='lat' dir='ltr'>Fischerus</span> <span class='ocrx_word' id='word_1_419' title='bbox 877 2458 1109 2506; x_wconf 86' lang='lat' dir='ltr'>quandoque</span> <span class='ocrx_word' id='word_1_420' title='bbox 1139 2457 1299 2505; x_wconf 90' lang='lat' dir='ltr'>pallium</span> <span class='ocrx_word' id='word_1_421' title='bbox 1331 2468 1442 2494; x_wconf 90' lang='lat' dir='ltr'>suum</span> <span class='ocrx_word' id='word_1_422' title='bbox 1465 2456 1511 2494; x_wconf 89' lang='lat' dir='ltr'>de</span> <span class='ocrx_word' id='word_1_423' title='bbox 1534 2462 1719 2505; x_wconf 75' lang='lat' dir='ltr'>suggestu</span> <span class='ocrx_word' id='word_1_424' title='bbox 1751 2456 1956 2506; x_wconf 86' lang='lat' dir='ltr'>protendit,</span> <span class='ocrx_word' id='word_1_425' title='bbox 1987 2469 2053 2495; x_wconf 89' lang='lat' dir='ltr'>ro-</span> 
     </span>
     <span class='ocr_line' id='line_1_40' title="bbox 265 2514 2052 2564; baseline 0.001 -14"><span class='ocrx_word' id='word_1_426' title='bbox 265 2516 392 2562; x_wconf 78' lang='lat' dir='ltr'>gitans</span> <span class='ocrx_word' id='word_1_427' title='bbox 426 2526 541 2562; x_wconf 89' lang='lat' dir='ltr'>quam</span> <span class='ocrx_word' id='word_1_428' title='bbox 573 2515 646 2553; x_wconf 91' lang='lat' dir='ltr'>hoc</span> <span class='ocrx_word' id='word_1_429' title='bbox 677 2514 814 2552; x_wconf 89' lang='lat' dir='ltr'>decens</span> <span class='ocrx_word' id='word_1_430' title='bbox 846 2515 979 2561; x_wconf 88' lang='lat' dir='ltr'>suerit,</span> <span class='ocrx_word' id='word_1_431' title='bbox 1025 2517 1056 2552; x_wconf 90' lang='lat' dir='ltr'>si</span> <span class='ocrx_word' id='word_1_432' title='bbox 1088 2515 1266 2552; x_wconf 83' lang='lat' dir='ltr'>mulieres</span> <span class='ocrx_word' id='word_1_433' title='bbox 1299 2515 1370 2552; x_wconf 84' lang='lat' dir='ltr'>sub</span> <span class='ocrx_word' id='word_1_434' title='bbox 1402 2527 1513 2552; x_wconf 88' lang='lat' dir='ltr'>suum</span> <span class='ocrx_word' id='word_1_435' title='bbox 1544 2521 1679 2564; x_wconf 89' lang='lat' dir='ltr'>repant</span> <span class='ocrx_word' id='word_1_436' title='bbox 1709 2514 1892 2564; x_wconf 84' lang='lat' dir='ltr'>pallium,</span> <span class='ocrx_word' id='word_1_437' title='bbox 1937 2519 2052 2563; x_wconf 88' lang='lat' dir='ltr'>atque</span> 
     </span>
     <span class='ocr_line' id='line_1_41' title="bbox 264 2571 2050 2622; baseline 0.001 -14"><span class='ocrx_word' id='word_1_438' title='bbox 264 2571 377 2619; x_wconf 76' lang='lat' dir='ltr'>longe</span> <span class='ocrx_word' id='word_1_439' title='bbox 411 2572 617 2609; x_wconf 86' lang='lat' dir='ltr'>absurdius</span> <span class='ocrx_word' id='word_1_440' title='bbox 648 2573 858 2610; x_wconf 85' lang='lat' dir='ltr'>monachos</span> <span class='ocrx_word' id='word_1_441' title='bbox 891 2575 994 2622; x_wconf 64' lang='lat' dir='ltr'>pingi</span> <span class='ocrx_word' id='word_1_442' title='bbox 1028 2574 1099 2611; x_wconf 89' lang='lat' dir='ltr'>sub</span> <span class='ocrx_word' id='word_1_443' title='bbox 1131 2573 1250 2622; x_wconf 92' lang='lat' dir='ltr'>pallio</span> <span class='ocrx_word' id='word_1_444' title='bbox 1281 2573 1442 2611; x_wconf 85' lang='lat' dir='ltr'>Mariae.</span> <span class='ocrx_word' id='word_1_445' title='bbox 1491 2573 1552 2610; x_wconf 87' lang='lat' dir='ltr'>Ita</span> <span class='ocrx_word' id='word_1_446' title='bbox 1574 2575 1690 2611; x_wconf 89' lang='lat' dir='ltr'>etiam</span> <span class='ocrx_word' id='word_1_447' title='bbox 1722 2584 1822 2611; x_wconf 90' lang='lat' dir='ltr'>nunc</span> <span class='ocrx_word' id='word_1_448' title='bbox 1854 2577 1947 2622; x_wconf 88' lang='lat' dir='ltr'>puto</span> <span class='ocrx_word' id='word_1_449' title='bbox 1980 2584 2050 2619; x_wconf 89' lang='lat' dir='ltr'>me,</span> 
     </span>
     <span class='ocr_line' id='line_1_42' title="bbox 267 2631 2053 2680; baseline 0.001 -14"><span class='ocrx_word' id='word_1_450' title='bbox 267 2631 332 2678; x_wconf 87' lang='lat' dir='ltr'>qui</span> <span class='ocrx_word' id='word_1_451' title='bbox 364 2631 558 2678; x_wconf 88' lang='lat' dir='ltr'>conjector</span> <span class='ocrx_word' id='word_1_452' title='bbox 590 2631 707 2668; x_wconf 88' lang='lat' dir='ltr'>audio</span> <span class='ocrx_word' id='word_1_453' title='bbox 741 2639 778 2668; x_wconf 86' lang='lat' dir='ltr'>et</span> <span class='ocrx_word' id='word_1_454' title='bbox 810 2643 893 2669; x_wconf 89' lang='lat' dir='ltr'>esse</span> <span class='ocrx_word' id='word_1_455' title='bbox 921 2632 1085 2680; x_wconf 88' lang='lat' dir='ltr'>jubeor,</span> <span class='ocrx_word' id='word_1_456' title='bbox 1128 2631 1254 2668; x_wconf 79' lang='lat' dir='ltr'>officio</span> <span class='ocrx_word' id='word_1_457' title='bbox 1286 2631 1393 2679; x_wconf 86' lang='lat' dir='ltr'>fungi</span> <span class='ocrx_word' id='word_1_458' title='bbox 1426 2632 1590 2680; x_wconf 86' lang='lat' dir='ltr'>optime,</span> <span class='ocrx_word' id='word_1_459' title='bbox 1627 2633 1657 2668; x_wconf 89' lang='lat' dir='ltr'>si</span> <span class='ocrx_word' id='word_1_460' title='bbox 1691 2631 1785 2669; x_wconf 81' lang='lat' dir='ltr'>talia</span> <span class='ocrx_word' id='word_1_461' title='bbox 1815 2631 1918 2668; x_wconf 88' lang='lat' dir='ltr'>mala</span> <span class='ocrx_word' id='word_1_462' title='bbox 1949 2632 2053 2668; x_wconf 91' lang='lat' dir='ltr'>vati-</span> 
     </span>
     <span class='ocr_line' id='line_1_43' title="bbox 265 2688 2053 2738; baseline 0.001 -13"><span class='ocrx_word' id='word_1_463' title='bbox 265 2689 377 2735; x_wconf 87' lang='lat' dir='ltr'>ciner,</span> <span class='ocrx_word' id='word_1_464' title='bbox 410 2689 554 2726; x_wconf 86' lang='lat' dir='ltr'>talibus</span> <span class='ocrx_word' id='word_1_465' title='bbox 585 2690 755 2726; x_wconf 89' lang='lat' dir='ltr'>moribus</span> <span class='ocrx_word' id='word_1_466' title='bbox 787 2691 943 2736; x_wconf 86' lang='lat' dir='ltr'>oritura,</span> <span class='ocrx_word' id='word_1_467' title='bbox 978 2701 1076 2738; x_wconf 87' lang='lat' dir='ltr'>quae</span> <span class='ocrx_word' id='word_1_468' title='bbox 1110 2689 1322 2727; x_wconf 88' lang='lat' dir='ltr'>emendatis</span> <span class='ocrx_word' id='word_1_469' title='bbox 1354 2690 1524 2726; x_wconf 87' lang='lat' dir='ltr'>moribus</span> <span class='ocrx_word' id='word_1_470' title='bbox 1555 2691 1683 2727; x_wconf 88' lang='lat' dir='ltr'>caveri</span> <span class='ocrx_word' id='word_1_471' title='bbox 1714 2694 1889 2738; x_wconf 86' lang='lat' dir='ltr'>possunt.</span> <span class='ocrx_word' id='word_1_472' title='bbox 1938 2688 2053 2726; x_wconf 90' lang='lat' dir='ltr'>Hunc</span> 
     </span>
     <span class='ocr_line' id='line_1_44' title="bbox 265 2747 2053 2796; baseline 0.001 -14"><span class='ocrx_word' id='word_1_473' title='bbox 265 2758 391 2784; x_wconf 90' lang='lat' dir='ltr'>meum</span> <span class='ocrx_word' id='word_1_474' title='bbox 425 2748 612 2796; x_wconf 89' lang='lat' dir='ltr'>optimum</span> <span class='ocrx_word' id='word_1_475' title='bbox 643 2748 811 2784; x_wconf 90' lang='lat' dir='ltr'>animum</span> <span class='ocrx_word' id='word_1_476' title='bbox 843 2749 876 2784; x_wconf 92' lang='lat' dir='ltr'>si</span> <span class='ocrx_word' id='word_1_477' title='bbox 907 2748 1022 2785; x_wconf 84' lang='lat' dir='ltr'>fueris</span> <span class='ocrx_word' id='word_1_478' title='bbox 1055 2749 1227 2794; x_wconf 75' lang='lat' dir='ltr'>intuituS,</span> <span class='ocrx_word' id='word_1_479' title='bbox 1260 2758 1483 2785; x_wconf 89' lang='lat' dir='ltr'>succensere</span> <span class='ocrx_word' id='word_1_480' title='bbox 1514 2747 1607 2784; x_wconf 88' lang='grc'><strong>1111111</strong></span> <span class='ocrx_word' id='word_1_481' title='bbox 1641 2747 1793 2786; x_wconf 89' lang='lat' dir='ltr'>desines</span> <span class='ocrx_word' id='word_1_482' title='bbox 1824 2747 1922 2785; x_wconf 87' lang='lat' dir='ltr'>male</span> <span class='ocrx_word' id='word_1_483' title='bbox 1954 2748 2053 2784; x_wconf 89' lang='lat' dir='ltr'>omi-</span> 
     </span>
     <span class='ocr_line' id='line_1_45' title="bbox 269 2804 2054 2855; baseline 0.001 -15"><span class='ocrx_word' id='word_1_484' title='bbox 269 2805 388 2841; x_wconf 86' lang='lat' dir='ltr'>nauti.</span> <span class='ocrx_word' id='word_1_485' title='bbox 452 2805 492 2843; x_wconf 88' lang='lat' dir='ltr'>Si</span> <span class='ocrx_word' id='word_1_486' title='bbox 525 2805 667 2843; x_wconf 91' lang='lat' dir='ltr'>bellum</span> <span class='ocrx_word' id='word_1_487' title='bbox 702 2807 738 2842; x_wconf 91' lang='lat' dir='ltr'>in</span> <span class='ocrx_word' id='word_1_488' title='bbox 770 2805 907 2854; x_wconf 81' lang='lat' dir='ltr'>Belgio</span> <span class='ocrx_word' id='word_1_489' title='bbox 939 2807 1066 2855; x_wconf 90' lang='lat' dir='ltr'>potuit</span> <span class='ocrx_word' id='word_1_490' title='bbox 1097 2807 1185 2842; x_wconf 87' lang='lat' dir='ltr'>oriri</span> <span class='ocrx_word' id='word_1_491' title='bbox 1216 2807 1314 2843; x_wconf 91' lang='lat' dir='ltr'>inter</span> <span class='ocrx_word' id='word_1_492' title='bbox 1346 2805 1517 2854; x_wconf 87' lang='lat' dir='ltr'>ejusdem</span> <span class='ocrx_word' id='word_1_493' title='bbox 1541 2810 1669 2843; x_wconf 86' lang='lat' dir='ltr'>sectae</span> <span class='ocrx_word' id='word_1_494' title='bbox 1700 2805 1875 2842; x_wconf 91' lang='lat' dir='ltr'>homines</span> <span class='ocrx_word' id='word_1_495' title='bbox 1895 2805 1934 2841; x_wconf 90' lang='lat' dir='ltr'>in</span> <span class='ocrx_word' id='word_1_496' title='bbox 1958 2804 2054 2842; x_wconf 91' lang='lat' dir='ltr'>duas</span> 
     </span>
     <span class='ocr_line' id='line_1_46' title="bbox 267 2862 2053 2913; baseline 0.001 -15"><span class='ocrx_word' id='word_1_497' title='bbox 267 2862 426 2910; x_wconf 87' lang='lat' dir='ltr'>divisos,</span> <span class='ocrx_word' id='word_1_498' title='bbox 459 2863 551 2912; x_wconf 83' lang='lat' dir='ltr'>quid</span> <span class='ocrx_word' id='word_1_499' title='bbox 582 2875 658 2901; x_wconf 90' lang='lat' dir='ltr'>non</span> <span class='ocrx_word' id='word_1_500' title='bbox 690 2865 829 2913; x_wconf 86' lang='lat' dir='ltr'>poterit</span> <span class='ocrx_word' id='word_1_501' title='bbox 861 2864 952 2901; x_wconf 90' lang='lat' dir='ltr'>olim</span> <span class='ocrx_word' id='word_1_502' title='bbox 982 2864 1063 2902; x_wconf 88' lang='lat' dir='ltr'>fieri</span> <span class='ocrx_word' id='word_1_503' title='bbox 1094 2865 1191 2902; x_wconf 90' lang='lat' dir='ltr'>inter</span> <span class='ocrx_word' id='word_1_504' title='bbox 1224 2863 1464 2901; x_wconf 88' lang='lat' dir='ltr'>Lutheranos</span> <span class='ocrx_word' id='word_1_505' title='bbox 1495 2869 1532 2901; x_wconf 89' lang='lat' dir='ltr'>et</span> <span class='ocrx_word' id='word_1_506' title='bbox 1564 2863 1818 2910; x_wconf 88' lang='lat' dir='ltr'>Calvinistas‚</span> <span class='ocrx_word' id='word_1_507' title='bbox 1861 2862 1914 2908; x_wconf 87' lang='lat' dir='ltr'>si,</span> <span class='ocrx_word' id='word_1_508' title='bbox 1948 2862 2053 2910; x_wconf 86' lang='lat' dir='ltr'>quod</span> 
     </span>
     <span class='ocr_line' id='line_1_47' title="bbox 269 2919 2052 2970; baseline 0.002 -15"><span class='ocrx_word' id='word_1_509' title='bbox 269 2931 368 2957; x_wconf 89' lang='lat' dir='ltr'>nunc</span> <span class='ocrx_word' id='word_1_510' title='bbox 399 2920 595 2969; x_wconf 82' lang='lat' dir='ltr'>aliquibus</span> <span class='ocrx_word' id='word_1_511' title='bbox 625 2927 759 2959; x_wconf 87' lang='lat' dir='ltr'>nutare</span> <span class='ocrx_word' id='word_1_512' title='bbox 791 2922 953 2969; x_wconf 91' lang='lat' dir='ltr'>videtur,</span> <span class='ocrx_word' id='word_1_513' title='bbox 986 2923 1135 2959; x_wconf 90' lang='lat' dir='ltr'>Domus</span> <span class='ocrx_word' id='word_1_514' title='bbox 1159 2922 1375 2968; x_wconf 83' lang='lat' dir='ltr'>Austriaca‚</span> <span class='ocrx_word' id='word_1_515' title='bbox 1408 2922 1575 2970; x_wconf 86' lang='lat' dir='ltr'>Papatui</span> <span class='ocrx_word' id='word_1_516' title='bbox 1607 2921 1886 2970; x_wconf 89' lang='lat' dir='ltr'>impensissime</span> <span class='ocrx_word' id='word_1_517' title='bbox 1909 2919 2052 2967; x_wconf 84' lang='lat' dir='ltr'>dedita,</span> 
     </span>
     <span class='ocr_line' id='line_1_48' title="bbox 268 2978 2052 3029; baseline 0.001 -16"><span class='ocrx_word' id='word_1_518' title='bbox 268 2980 426 3025; x_wconf 84' lang='lat' dir='ltr'>sceptris</span> <span class='ocrx_word' id='word_1_519' title='bbox 459 2979 640 3017; x_wconf 78' lang='lat' dir='ltr'>excidat?</span> <span class='ocrx_word' id='word_1_520' title='bbox 692 2980 846 3017; x_wconf 89' lang='lat' dir='ltr'>Interim</span> <span class='ocrx_word' id='word_1_521' title='bbox 878 2986 1002 3018; x_wconf 91' lang='lat' dir='ltr'>tecum</span> <span class='ocrx_word' id='word_1_522' title='bbox 1036 2991 1108 3029; x_wconf 84' lang='lat' dir='ltr'>ego</span> <span class='ocrx_word' id='word_1_523' title='bbox 1141 2979 1333 3017; x_wconf 86' lang='lat' dir='ltr'>Christum</span> <span class='ocrx_word' id='word_1_524' title='bbox 1365 2985 1602 3017; x_wconf 89' lang='lat' dir='ltr'>servatorem</span> <span class='ocrx_word' id='word_1_525' title='bbox 1633 2979 1835 3028; x_wconf 89' lang='lat' dir='ltr'>precabor,</span> <span class='ocrx_word' id='word_1_526' title='bbox 1868 2982 1911 3014; x_wconf 88' lang='lat' dir='ltr'>ut</span> <span class='ocrx_word' id='word_1_527' title='bbox 1941 2978 2052 3015; x_wconf 92' lang='lat' dir='ltr'>cohi-</span> 
     </span>
     <span class='ocr_line' id='line_1_49' title="bbox 270 3035 2051 3087; baseline 0.002 -17"><span class='ocrx_word' id='word_1_528' title='bbox 270 3035 359 3071; x_wconf 85' lang='lat' dir='ltr'>beat</span> <span class='ocrx_word' id='word_1_529' title='bbox 389 3036 518 3073; x_wconf 86' lang='lat' dir='ltr'>hostes</span> <span class='ocrx_word' id='word_1_530' title='bbox 551 3039 723 3075; x_wconf 78' lang='lat' dir='ltr'>veritatis</span> <span class='ocrx_word' id='word_1_531' title='bbox 755 3049 859 3084; x_wconf 88' lang='lat' dir='ltr'>suae,</span> <span class='ocrx_word' id='word_1_532' title='bbox 894 3038 1072 3076; x_wconf 86' lang='lat' dir='ltr'>cohibeat</span> <span class='ocrx_word' id='word_1_533' title='bbox 1104 3043 1141 3075; x_wconf 88' lang='lat' dir='ltr'>et</span> <span class='ocrx_word' id='word_1_534' title='bbox 1161 3050 1223 3075; x_wconf 89' lang='lat' dir='ltr'>me</span> <span class='ocrx_word' id='word_1_535' title='bbox 1245 3039 1382 3087; x_wconf 88' lang='lat' dir='ltr'>ipsum,</span> <span class='ocrx_word' id='word_1_536' title='bbox 1416 3038 1446 3074; x_wconf 92' lang='lat' dir='ltr'>si</span> <span class='ocrx_word' id='word_1_537' title='bbox 1479 3039 1515 3074; x_wconf 93' lang='lat' dir='ltr'>in</span> <span class='ocrx_word' id='word_1_538' title='bbox 1538 3039 1737 3075; x_wconf 89' lang='lat' dir='ltr'>veritatem</span> <span class='ocrx_word' id='word_1_539' title='bbox 1769 3035 1852 3084; x_wconf 89' lang='lat' dir='ltr'>ejus</span> <span class='ocrx_word' id='word_1_540' title='bbox 1882 3047 2051 3084; x_wconf 87' lang='lat' dir='ltr'>peccem,</span> 
     </span>
     <span class='ocr_line' id='line_1_50' title="bbox 270 3093 2050 3144; baseline 0.003 -17"><span class='ocrx_word' id='word_1_541' title='bbox 270 3102 345 3128; x_wconf 89' lang='lat' dir='ltr'>non</span> <span class='ocrx_word' id='word_1_542' title='bbox 376 3098 523 3131; x_wconf 88' lang='lat' dir='ltr'>tantum</span> <span class='ocrx_word' id='word_1_543' title='bbox 565 3107 612 3132; x_wconf 88' lang='lat' dir='ltr'>ne</span> <span class='ocrx_word' id='word_1_544' title='bbox 643 3095 839 3144; x_wconf 88' lang='lat' dir='ltr'>publicum</span> <span class='ocrx_word' id='word_1_545' title='bbox 871 3096 956 3134; x_wconf 89' lang='lat' dir='ltr'>dem</span> <span class='ocrx_word' id='word_1_546' title='bbox 988 3095 1231 3142; x_wconf 88' lang='lat' dir='ltr'>scandalum,</span> <span class='ocrx_word' id='word_1_547' title='bbox 1274 3095 1343 3133; x_wconf 89' lang='lat' dir='ltr'>sed</span> <span class='ocrx_word' id='word_1_548' title='bbox 1383 3097 1498 3133; x_wconf 90' lang='lat' dir='ltr'>etiam</span> <span class='ocrx_word' id='word_1_549' title='bbox 1540 3107 1587 3133; x_wconf 92' lang='lat' dir='ltr'>ne</span> <span class='ocrx_word' id='word_1_550' title='bbox 1624 3093 1716 3131; x_wconf 91' lang='lat' dir='ltr'>mihi</span> <span class='ocrx_word' id='word_1_551' title='bbox 1755 3094 1830 3142; x_wconf 86' lang='lat' dir='ltr'>ipsi</span> <span class='ocrx_word' id='word_1_552' title='bbox 1869 3104 2050 3143; x_wconf 80' lang='lat' dir='ltr'>noceam3</span> 
     </span>
     <span class='ocr_line' id='line_1_51' title="bbox 272 3149 2051 3202; baseline 0.003 -16"><span class='ocrx_word' id='word_1_553' title='bbox 272 3149 450 3189; x_wconf 86' lang='lat' dir='ltr'>cohibeat</span> <span class='ocrx_word' id='word_1_554' title='bbox 482 3156 519 3189; x_wconf 88' lang='lat' dir='ltr'>et</span> <span class='ocrx_word' id='word_1_555' title='bbox 547 3152 686 3200; x_wconf 85' lang='lat' dir='ltr'>zelum,</span> <span class='ocrx_word' id='word_1_556' title='bbox 719 3154 785 3202; x_wconf 91' lang='lat' dir='ltr'>qui</span> <span class='ocrx_word' id='word_1_557' title='bbox 815 3165 891 3192; x_wconf 90' lang='lat' dir='ltr'>non</span> <span class='ocrx_word' id='word_1_558' title='bbox 925 3159 982 3193; x_wconf 87' lang='lat' dir='ltr'>est</span> <span class='ocrx_word' id='word_1_559' title='bbox 1013 3152 1223 3192; x_wconf 84' lang='lat' dir='ltr'>secundum</span> <span class='ocrx_word' id='word_1_560' title='bbox 1254 3155 1454 3192; x_wconf 84' lang='lat' dir='ltr'>scientiam</span> <span class='ocrx_word' id='word_1_561' title='bbox 1486 3154 1523 3190; x_wconf 90' lang='lat' dir='ltr'>in</span> <span class='ocrx_word' id='word_1_562' title='bbox 1544 3152 1634 3191; x_wconf 89' lang='lat' dir='ltr'>dicti</span> <span class='ocrx_word' id='word_1_563' title='bbox 1656 3150 1827 3191; x_wconf 77' lang='lat' dir='ltr'>Fischer-i</span> <span class='ocrx_word' id='word_1_564' title='bbox 1849 3151 2051 3201; x_wconf 81' lang='lat' dir='ltr'>similibus,</span> 
     </span>
    </p>
   </div>
  </div>
 </body>
</html>
