2177 3408
612 138 850 175 Summarium
874 138 1056 175 Historiae
1081 138 1332 175 Astronomiae
1356 140 1478 176 seculo
1502 141 1595 177 XVI.
1927 142 2009 184 571

1464 262 1517 293 31.
1547 263 1600 293 14.

1464 309 1521 341 30.
1550 310 1604 340 19.
1631 308 1685 339 30.

1465 356 1520 386 56.
1571 356 1602 386 6.
1632 357 1687 386 11.
1715 356 1771 387 42.

1466 403 1521 433 56.
1549 403 1604 434 3⁶2.
1632 402 1688 435 29.

1468 450 1523 480 ⁶28.
1551 450 1604 480 34.
1633 449 1686 479 55.
1715 449 1771 480 33.

1556 497 1607 526 16.
1635 497 1689 526 45.
1720 495 1775 526 18.

1212 553 1365 585 Summa:
1417 555 1446 584 1.
1472 554 1527 585 23.
1580 555 1610 587 3.
1638 555 1695 586 51.
1722 542 1805 585 33.*

357 621 437 653 Cum
456 623 618 653 anomalia
636 623 838 664 aequinoctii
857 622 1001 664 simplici
1020 621 1052 663 (2
1072 631 1178 661 sexag.
1205 621 1280 662 46⁰)
1297 621 1466 660 ingredere
1484 623 1552 653 tab.
1572 622 1757 663 prosthaph
1787 621 1839 660 Θ,
1865 624 2011 652 occurret

218 670 348 710 prosth.
378 670 480 699 centri
507 668 547 700 ‘2⁰
572 671 615 711 6¹,
642 669 794 700 addenda
819 669 999 700 anomaliae
1025 668 1136 708 solari,
1161 674 1198 699 ut
1224 670 1268 699 sit
1291 667 1457 699 anomalia
1482 672 1665 709 coaequata
1682 678 1794 707 sexag.
1813 670 1843 700 1.
1863 667 1928 699 25⁰
1947 669 2012 707 10‘,

219 715 386 757 simulque
413 715 545 746 dabitur
569 715 763 756 scrupulum
787 716 1037 758 proportionale
1064 725 1174 754 uuum,
1201 715 1289 755 quod
1311 718 1381 754 Jam
1406 714 1596 753 negligitur,

355 763 506 802 Denique
532 772 590 804 pcr
615 762 813 793 anomaliam
839 763 926 793 Solis
953 766 1168 802 coaequatam
1195 761 1281 798 (83⁰)
1318 762 1414 791 datur
1444 761 1643 802 prosthapb.
1674 762 1763 792 orbis
1792 760 1829 792 1⁰
1854 761 1908 792 50¹
1935 761 2009 790 sub‘

218 808 378 839 trahenda
403 818 420 838 a
443 809 553 839 medio
579 814 670 839 motu
698 808 785 840 Solis
811 812 842 846 <2
869 818 981 846 sexag.
1007 808 1069 840 34⁰
1094 810 1177 844 35‘),
1211 817 1285 839 vera
1310 808 1411 846 igitur
1436 808 1522 837 Solis
1556 808 1712 838 distantia
1737 817 1756 837 a
1780 808 1886 848 prima
1911 808 2010 837 stella

215 853 340 886 Arietis
374 858 422 886 est
453 865 561 894 sexag.
596 858 627 887 2.
655 856 716 887 32⁰
738 856 814 897 45¹3
850 855 992 885 addatur
1023 855 1207 895 praecessio
1239 855 1371 895 aequin.
1398 852 1472 891 (27⁰
1501 854 1580 894 15¹),
1616 863 1743 885 summa
1776 855 1797 886 3
1822 863 1933 893 sexag.
1962 857 2010 885 est

216 902 375 932 distantia
392 902 478 933 Solis
503 903 542 932 ab
569 903 778 942 aequinoctio
804 911 914 944 verno,
942 903 991 932 est
1015 903 1118 941 igitur
1143 903 1177 932 in
1204 901 1370 942 principio
1395 901 1525 934 Librae.

314 258 537 290 Anomalia
561 258 677 290 Solis
703 280 1355 293 ............

354 981 478 1026 Capite
504 981 558 1017 26.
594 981 670 1026 agit
702 980 922 1026 Copernjcus
956 982 998 1017 de
1030 981 1202 1027 temporis
1237 978 1472 1024 aequatione,
1505 977 1712 1022 praemissis
1745 977 2010 1013 definitionibus

214 1038 368 1084 dierum,
406 1049 499 1084 quae
536 1040 631 1084 apud
662 1043 801 1075 veteres
837 1040 872 1075 in
905 1051 973 1076 usu
1004 1039 1163 1074 fuerunt.
1210 1038 1313 1073 Hanc
1351 1036 1601 1080 aequationem
1632 1040 1763 1072 tractat
1789 1035 1914 1072 eodem
1938 1035 2012 1071 fere

213 1098 318 1133 modo
347 1109 416 1142 quo
442 1098 681 1143 Ptolemaeus,
707 1098 903 1144 respiciens
927 1099 1076 1143 insuper
1100 1097 1145 1132 ad
1173 1095 1323 1142 apogaei
1349 1099 1479 1130 motus.

351 1156 488 1192 Libro
513 1157 574 1192 IV.
610 1168 680 1201 quo
705 1158 830 1192 Lunae
865 1162 983 1191 motus
1014 1155 1261 1200 inquiruntur,
1293 1153 1383 1188 haec
1415 1150 1614 1197 praemittit
1639 1150 1870 1195 Copernicus.
1925 1151 2013 1192 „Per

212 1216 362 1257 Lunam,
389 1225 481 1259 quae
507 1215 576 1250 diei
601 1215 789 1258 noctisque
814 1214 993 1259 particeps
1013 1219 1079 1258 est,
1104 1213 1186 1248 loca
1211 1211 1395 1247 stellarum
1411 1209 1606 1255 praecipue
1625 1208 1881 1251 examinantur,
1907 1209 2011 1243 Luna

212 1272 290 1307 sola
323 1272 563 1307 revolutiones
598 1283 699 1316 suas,
737 1272 897 1316 quamvis
931 1273 1036 1308 etiam
1069 1271 1247 1312 diversas,
1281 1268 1326 1304 ad
1359 1272 1525 1303 centrum
1550 1266 1684 1302 Terrae
1719 1266 1858 1301 confert
1883 1270 2011 1310 estque

212 1329 346 1365 Terrae
371 1334 524 1374 cognata
549 1330 713 1364 maxime.
764 1330 839 1364 Nos
864 1329 1006 1374 quidem
1032 1330 1067 1364 in
1094 1327 1335 1373 explicatione
1361 1335 1489 1360 cursus
1515 1324 1651 1360 lunaris
1677 1334 1749 1359 non
1774 1322 1970 1358 differimus
1989 1334 2010 1358 a

209 1389 411 1434 priscorum
437 1389 667 1434 opinionibus
691 1389 727 1424 in
753 1400 806 1430 eo,
832 1389 928 1433 quod
954 1389 1049 1424 circa
1074 1388 1223 1422 Terram
1240 1385 1292 1429 fit,
1319 1389 1477 1419 attamen
1495 1382 1565 1418 alia
1585 1381 1759 1427 quaedam
1778 1380 2008 1426 adducemus,

208 1459 315 1493 quam
342 1459 434 1492 quae
459 1459 481 1483 a
505 1448 698 1493 majoribus
724 1448 856 1483 nostris
882 1448 1103 1492 accepimUS,
1129 1445 1315 1489 magisque
1340 1453 1511 1485 consona,
1539 1441 1668 1486 quibus
1687 1441 1846 1475 lunarem
1866 1449 2009 1484 quoque

207 1512 342 1543 motum
369 1512 542 1551 quantum
573 1506 743 1552 possibile
777 1512 832 1543 est
862 1508 1050 1543 certiorem
1080 1505 1372 1542 constituemus.“
1410 1502 1585 1538 ‹Mffllerus
1611 1502 1646 1530 iu
1665 1501 1769 1531 cale&
1803 1499 1899 1529 Luna
1921 1499 2010 1529 haud

207 1563 370 1593 immerito
389 1562 541 1593 coelestis
568 1561 763 1603 discipliuae
788 1563 897 1603 prima
921 1564 1080 1602 magistra
1105 1559 1302 1602 appellatur.
1348 1557 1457 1594 Quare
1483 1554 1597 1585 sedulo
1625 1553 1720 1583 uobis
1748 1551 2007 1583 incumbendum

209 1618 258 1646 est
282 1616 318 1645 in
344 1616 459 1646 Lunae
483 1616 738 1655 astronomiam,
765 1618 801 1645 ut
825 1625 884 1656 per
910 1624 982 1645 eam
1007 1615 1137 1656 reliqua
1163 1612 1261 1643 nobis
1287 1610 1393 1652 plana
1417 1617 1457 1639 ac
1482 1605 1596 1638 facilia
1621 1604 1824 1641 reddantur.)

347 1670 532 1715 Capitibus
563 1673 573 1705 1
605 1674 641 1705 et
658 1671 690 1706 2.
716 1670 824 1706 refert
843 1671 1072 1715 Copernicus,
1099 1681 1191 1715 quae
1209 1675 1350 1706 veteres
1639 1665 1703 1697 ng·
1724 1663 1749 1692 ²¹

212 1728 477 1774 (Ptolemaeus)
504 1727 548 1763 de
575 1729 700 1764 Lunae
724 1728 865 1764 theoria
897 1729 1092 1775 edixerint,
1125 1730 1352 1775 ostenditque

212 1796 356 1830 „earum
391 1787 652 1822 assumtionum
683 1787 900 1823 defectum“.
949 1788 1076 1823 Lunae
1109 1792 1266 1828 motum,
1298 1788 1350 1822 in-

209 1846 298 1891 quit,
323 1845 553 1890 inaequalem
578 1855 658 1880 esse
684 1846 720 1880 in
747 1847 964 1892 eccentrico,
991 1845 1120 1881 deinde
1145 1845 1350 1890 parallaxes

209 1905 335 1939 Lunae
361 1908 524 1940 veterum
548 1914 620 1939 non
646 1904 853 1939 consentire
871 1903 1198 1940 observationibus.
1234 1904 1349 1939 Maxi-

207 1972 300 1996 mam
317 1962 445 1997 Lunae
462 1972 483 1997 a
501 1962 613 1997 Terra
639 1962 847 1997 distantiam
872 1972 951 1997 esse
978 1962 1045 2007 64&
1071 1961 1351 1997 semidiametro-

209 2030 288 2054 rum
313 2019 458 2064 Terrae,
487 2020 842 2062 „mathematicorum
867 2020 1024 2055 omnium
1050 2023 1264 2056 consensu“.
1289 2021 1351 2054 mi-

210 2077 343 2113 nimam
378 2077 433 2120 (in
462 2078 708 2123 quadraturis)
742 2089 762 2113 a
796 2078 979 2114 veteribus
1011 2078 1103 2113 falso
1142 2080 1276 2114 assumi
1308 2080 1350 2115 33

210 2134 423 2176 earundem,
449 2146 519 2180 quo
546 2136 721 2180 eveniret,
756 2140 797 2172 ut
820 2137 948 2172 Lunae
980 2147 1111 2182 corpus
1136 2137 1173 2171 in
1198 2137 1350 2182 quadra-

211 2193 302 2228 turis
328 2193 436 2238 duplo
463 2194 580 2238 majus
607 2198 809 2239 appareret,
836 2204 943 2239 quam
967 2195 1005 2230 in
1030 2205 1201 2240 apogaeo.

346 2251 471 2296 Capite
490 2252 522 2287 3.
549 2262 650 2286 suam
666 2252 780 2297 ipsius
807 2253 850 2288 de
866 2253 992 2288 Lunae
1016 2257 1116 2288 motu
1133 2253 1348 2289 sententiam

207 2309 328 2354 prodit
357 2309 591 2354 Copernicus:
620 2310 696 2352 „Sit
721 2310 902 2357 epicyclus
927 2312 1001 2353 AB,
1027 2315 1189 2347 centrum
1213 2311 1346 2347 Terrae

209 2368 253 2410 D,
278 2368 315 2402 in
338 2369 372 2403 A
402 2367 502 2402 aliud
534 2367 747 2413 epicyclium
780 2368 1007 2404 describatur
1030 2369 1108 2404 EF.
1155 2370 1346 2405 Moveatur

208 2425 234 2459 C
258 2425 295 2460 in
327 2426 602 2470 consequentia,
636 2427 667 2461 A
692 2427 728 2461 in
762 2427 1014 2472 praecedentia
1049 2432 1086 2463 et
1109 2429 1213 2464 Luna
1244 2429 1288 2464 ab
1314 2430 1343 2464 F

205 2483 242 2518 in
268 2484 446 2528 superiori
469 2490 573 2529 parte
598 2484 711 2529 ipsius
737 2485 802 2519 EF
825 2485 862 2519 in
888 2487 1165 2530 consequentia,
1200 2497 1242 2522 eo
1268 2497 1340 2522 ser-

205 2545 286 2575 vato
321 2540 462 2586 ordine,
496 2546 536 2577 ut
571 2543 654 2577 dum
686 2542 781 2579 linea
812 2543 876 2579 DC
908 2543 1019 2579 fuerit
1048 2555 1121 2580 una
1151 2555 1230 2580 cum
1261 2545 1341 2580 loco

205 2599 298 2634 Solis
323 2599 459 2643 medio,
491 2600 595 2635 Luna
619 2611 761 2645 semper
776 2601 939 2646 proxima
962 2602 1008 2637 sit
1034 2607 1156 2638 centro
1184 2604 1220 2646 C,
1246 2604 1282 2638 h.
1310 2615 1341 2639 e.

202 2658 239 2692 in
257 2657 288 2691 E
307 2657 421 2702 signo,
447 2657 512 2692 sub
538 2658 766 2702 quadraturis
792 2663 912 2694 autem
937 2663 1046 2704 atque
1071 2660 1106 2695 in
1132 2661 1161 2695 F
1178 2661 1340 2696 remotis—

203 2716 303 2751 sima.
351 2716 457 2750 Luna
480 2715 535 2749 bis
560 2715 595 2749 in
620 2726 742 2751 mense
769 2716 1020 2753 circumcurret
1037 2718 1245 2763 epicyclium
1264 2720 1338 2764 EF,

202 2785 272 2819 quo
297 2778 459 2818 tempore
487 2773 512 2807 C
537 2772 647 2807 semel
672 2772 818 2808 redierit
848 2774 893 2809 ad
919 2774 1054 2820 Solem,
1088 2775 1338 2819 videbiturque

202 2842 295 2867 nova
320 2835 356 2866 et
380 2830 487 2875 plena
511 2829 694 2865 minimum
718 2841 824 2874 agere
859 2832 1047 2877 circulum,
1078 2844 1207 2878 nempe
1233 2835 1336 2878 cujus

201 2889 464 2924 semidiameter
497 2888 604 2923 fuerit
631 2888 711 2929 ΟΕ,
745 2889 781 2922 in
808 2889 1036 2932 quadraturis
1068 2896 1188 2925 autem
1224 2892 1334 2926 maxi-

200 2957 307 2991 mum,
334 2946 530 2982 secundum
555 2945 760 2981 distantiam
788 2946 860 2981 CF.
905 2947 962 2982 Sic
986 2947 1060 2982 illic
1084 2948 1249 2992 minores,
1276 2950 1334 2984 hic

198 3005 352 3048 majores
377 3003 605 3047 aequalitatis
633 3009 668 3038 et
692 3004 925 3049 apparentiae
957 3004 1177 3041 differentias
1204 3007 1336 3044 efficiet

199 3063 266 3097 sub
291 3061 464 3097 similibus
491 3061 554 3097 sed
571 3062 819 3106 inaequalibus
837 3062 932 3097 circa
951 3062 976 3097 C
993 3062 1310 3110 circumferentiis;
1338 3077 1489 3111 cumque
1508 3068 1534 3103 C
1551 3068 1586 3103 in
1613 3069 1845 3105 homocentro
1864 3071 1996 3106 Terrae

198 3120 331 3156 circulo
357 3130 497 3166 semper
521 3119 640 3165 fuerit,
665 3130 737 3155 non
761 3119 850 3156 adeo
878 3120 1036 3157 diversas
1060 3121 1265 3166 parallaxes
1283 3123 1486 3171 exhibebit,
1512 3126 1577 3162 sed
1601 3127 1670 3172 ipsi
1693 3128 1854 3173 epicyclo
1880 3129 1994 3165 solum
