2157 3398
255 133 338 180 682
935 139 1019 175 Vita
1041 139 1192 178 Joannis
1217 141 1376 189 Kepleri.

252 266 339 293 mea
371 255 511 303 studia,
543 267 613 294 nos
644 259 773 295 autem
805 266 937 296 omnes
957 262 995 296 et
1013 263 1260 311 utrorumque
1292 261 1532 301 calamitates
1563 262 1814 312 gravissimas
1844 260 1930 300 Deo
1960 261 2035 299 mi-

253 313 433 352 sericordi
464 313 686 351 ardentibus
716 316 892 364 precibus
924 317 1160 358 commendo.

391 370 542 411 Graecii
578 375 642 410 19.
675 370 774 425 (29.)
805 372 891 412 Oct.
932 377 1052 414 1594.

1443 436 1699 474 Reverentiae
1730 436 1839 474 Tuae

1313 495 1676 533 observantissimus
1708 494 1918 544 discipulus

1427 551 1483 592 M.
1511 552 1578 591 Jo.
1612 551 1823 601 Kepzerus.

389 658 445 693 Ex
479 661 771 704 responsionibus
810 663 991 699 Maestlini
1023 668 1058 699 et
1090 665 1328 700 Hafenrefferi
1369 665 1484 699 elucet
1517 665 1796 708 quadamtenus,
1843 663 1927 708 quid
1965 663 2036 699 illis

251 716 433 760 scripserit
449 717 638 762 Keplerus.
679 719 861 755 Maestlini
886 722 1012 757 literae
1037 722 1142 757 datae
1167 728 1250 758 sunt
1271 723 1432 766 „Calwae
1458 723 1489 758 d.
1509 723 1561 757 14.
1583 722 1674 766 (24.)
1699 723 1790 757 Nov.
1812 722 1911 765 1594,
1938 721 2036 756 horis

252 773 481 818 antelucanis,
507 776 643 811 calamo
669 782 709 812 ut
733 779 832 813 vides
857 779 1101 815 velocissimo“
1130 786 1165 815 et
1191 781 1279 816 haec
1304 781 1454 815 habent:

389 832 621 869 Gratissimae
646 835 787 871 fuerunt
806 838 902 881 mihi,
928 838 990 872 Vir
1016 839 1219 874 doctissime
1244 839 1420 884 longeque
1443 838 1531 873 mihi
1548 838 1764 880 charissime,
1790 837 1914 871 literae
1940 841 2035 882 tuae,

254 899 343 932 quas
376 890 525 934 scriptas
561 894 611 928 19.
648 894 725 929 Oct.
760 905 825 938 ego
862 896 913 930 1⁴2.
946 897 1036 932 Nov.
1069 897 1202 941 accepi.
1252 897 1327 930 Eae
1364 896 1456 930 enim
1489 906 1605 931 meum
1643 894 1860 930 desiderium
1894 895 2036 930 abunde

253 947 535 994 compleverunt,
569 950 658 986 adeo
691 958 731 988 ut
749 953 945 997 jucundius
977 954 1063 989 mihi
1094 955 1151 988 vix
1179 954 1368 998 quicquam
1405 954 1588 998 obtingere
1614 954 1804 998 potuisset.
1851 953 1942 988 Nam
1967 963 2038 987 non

252 1004 356 1040 modo
384 1010 515 1041 statum
540 1018 658 1043 rerum
683 1013 842 1054 tuarum,
868 1022 973 1055 quem
999 1012 1158 1056 apprime
1185 1022 1400 1054 cognoscere
1427 1013 1658 1056 exoptabam,
1686 1016 1948 1056 exposuerunt,
1976 1010 2039 1045 sed

256 1068 291 1096 ct
316 1062 464 1098 aliarum
488 1076 607 1100 rerum
625 1067 720 1103 lectu
739 1068 1080 1112 jucundissimarum
1098 1070 1354 1105 refertissimae
1371 1070 1513 1105 fuerunt
1519 1098 1637 1105 .....
1664 1070 1896 1115 Exemplaria
1914 1069 2039 1105 Calen-

255 1120 343 1156 darii
368 1133 388 1156 a
412 1127 449 1158 te
475 1123 559 1158 edit-i
584 1125 749 1160 distribui
772 1127 827 1171 iis,
853 1127 981 1171 quibus
1007 1129 1178 1172 inscripta
1196 1133 1309 1163 erant.
1353 1129 1407 1163 Ea
1431 1128 1538 1173 longe
1564 1129 1766 1172 gratissima
1790 1128 1946 1171 fuerunt,
1972 1126 2040 1161 nisi

256 1180 351 1222 quod
383 1181 503 1216 stilum
527 1193 667 1228 novum,
694 1185 789 1228 apud
814 1195 878 1220 nos
904 1186 1130 1229 inusitatum,
1157 1197 1237 1221 cum
1262 1186 1376 1222 veteri
1400 1193 1523 1222 nostro
1549 1186 1776 1230 conjunctum
1802 1196 1874 1220 non
1891 1185 2039 1220 habent.

259 1237 399 1273 Gratias
435 1251 506 1274 11113
538 1252 675 1276 1116011111
707 1248 818 1286 agunt
848 1244 1022 1279 maximas
1056 1249 1164 1288 teque
1195 1244 1230 1278 in
1257 1245 1411 1279 statione
1435 1243 1498 1278 illa
1529 1249 1592 1278 tua
1616 1253 1766 1288 pergere
1794 1243 1941 1287 jubent,
1975 1253 2042 1278 nec

259 1295 400 1331 dubium
434 1303 502 1343 est,
541 1300 625 1342 quin
658 1311 724 1344 ope
758 1301 875 1337 divina
901 1303 1064 1346 Spartam
1089 1308 1186 1337 tuam
1212 1303 1354 1346 egreg‘e
1388 1303 1436 1337 sis
1463 1307 1665 1338 ornaturus,
1714 1302 1946 1346 Exemplaria
1970 1312 2042 1336 non

258 1355 366 1398 ligata
391 1366 446 1391 me
471 1357 570 1392 initio
597 1358 787 1395 admodum
813 1361 1005 1396 sollicitum
1029 1366 1231 1405 tenuerunt,
1259 1372 1341 1396 nam
1366 1361 1516 1405 primam
1535 1359 1699 1403 paginam
1718 1359 1921 1394 desiderare
1947 1359 2041 1394 vide-

256 1414 395 1449 bantur.
442 1416 574 1450 Verum
599 1417 676 1452 heri
701 1420 839 1463 vesperi
863 1420 914 1454 M.
940 1420 1227 1462 Emdschodius,
1261 1418 1424 1453 similiter
1451 1418 1495 1452 de
1520 1416 1666 1461 reliquis
1692 1416 1831 1461 paginis
1857 1416 2040 1461 sollicitus,

255 1473 298 1507 ad
322 1483 378 1508 me
402 1474 548 1509 veniens
574 1482 790 1520 conquestus
816 1483 871 1512 est
896 1478 1073 1513 defectum
1099 1478 1216 1522 illum3
1250 1477 1413 1512 intellexi
1436 1476 1559 1520 igitur,
1587 1476 1719 1519 primas
1745 1476 1893 1519 paginas
1919 1485 2041 1509 omnes

257 1530 367 1565 literis
393 1532 442 1568 M.
469 1533 642 1568 Bonfrido
668 1535 850 1579 inscriptis
876 1535 1031 1571 inclusas
1057 1536 1181 1580 fuisse,
1206 1536 1322 1570 laetus
1349 1535 1456 1578 igitur
1481 1533 1698 1577 exemplaria
1722 1533 1784 1567 illa
1809 1532 1986 1577 completa
2011 1531 2043 1567 ei

255 1587 383 1623 tradidi
408 1589 657 1626 distribuenda
681 1592 735 1636 115,
762 1593 893 1636 quibus
919 1593 1146 1638 inscripsisti.

391 1648 445 1682 De
461 1649 612 1684 Domino
631 1660 754 1684 socero
771 1661 849 1685 meo
869 1661 958 1695 quae
976 1652 1080 1686 anxie
1098 1652 1252 1687 scribere
1269 1650 1398 1685 videris
1415 1654 1487 1684 tam
1508 1649 1554 1684 ad
1571 1649 1688 1692 ipsum
1707 1658 1811 1692 quam
1830 1648 1874 1684 ad
1893 1655 1953 1683 me·
1965 1648 2042 1693 ipse

258 1707 474 1750 respondere
494 1708 622 1753 jubet,
649 1713 688 1743 ut
714 1709 832 1744 animo
857 1710 997 1753 quietus
1025 1711 1090 1750 sis,
1120 1714 1156 1744 te
1182 1710 1275 1743 enim
1299 1709 1336 1743 in
1361 1708 1466 1752 culpa
1489 1717 1561 1741 non
1587 1717 1665 1741 esse
1690 1707 1840 1751 asserit,
1874 1706 1937 1741 sed
1962 1717 2043 1742 eum

256 1764 383 1807 ipsum,
408 1766 468 1809 qui
492 1766 682 1811 pecuniam
707 1771 768 1801 tuo
795 1767 937 1801 nomine
961 1768 1152 1802 restituere
1179 1767 1342 1802 debebat.
1392 1765 1549 1800 Pecunia
1575 1765 1667 1799 enim
1693 1775 1714 1798 a
1738 1769 1773 1798 te
1798 1765 1911 1809 proba
1935 1764 2044 1799 missa

259 1828 322 1868 est,
349 1829 385 1860 at
409 1826 531 1860 nescio
558 1826 638 1869 quis
664 1825 734 1868 ille,
760 1825 796 1859 in
821 1826 924 1868 cujus
949 1837 1076 1861 manus
1102 1825 1261 1867 devenit,
1297 1825 1358 1869 qui
1383 1823 1552 1858 Paulines
1577 1822 1650 1858 sive
1675 1821 1914 1868 fflliimbssffipff
1939 1823 2043 1858 alias·

256 1893 324 1927 que
349 1887 510 1918 monetas
535 1883 655 1926 (unam
681 1883 787 1917 etiam
811 1882 1009 1926 improbam
1027 1884 1182 1928 penitus)
1203 1883 1307 1918 misit.
1342 1883 1423 1917 Non
1442 1881 1534 1916 enim
1552 1880 1713 1924 ipsemet,
1741 1881 1835 1924 quod
1854 1881 2042 1924 potuisset,

257 1941 434 1976 dominum
460 1952 622 1976 socerum
647 1952 763 1976 meum
789 1941 958 1976 accedere
985 1942 1153 1986 dignatus
1179 1946 1244 1976 est.
1294 1941 1425 1975 Verum
1451 1938 1546 1984 quod
1580 1939 1625 1973 ad
1650 1943 1685 1973 te
1710 1939 1858 1982 attinet,
1883 1944 1918 1973 te
1942 1939 2043 1974 inno-

258 2004 395 2034 centem
419 1999 603 2043 praedicat
628 1999 764 2042 tibique
796 2009 867 2034 non
893 2005 1097 2044 succenset,
1133 1999 1221 2034 adeo
1254 2003 1293 2032 ut
1324 2009 1388 2032 nec
1413 1998 1555 2043 prolixa
1588 2000 1818 2034 excusatione
1843 1998 1887 2033 ad
1913 1999 2042 2044 ipsum,

259 2067 323 2091 nec
347 2066 424 2091 mea
448 2057 707 2091 intercessione
725 2067 815 2100 opus
841 2056 961 2092 fuerit.
995 2057 1193 2101 Exemplar
1209 2055 1486 2090 Hohenselderis
1502 2056 1714 2100 inscriptum
1733 2066 1798 2100 ego
1817 2056 1860 2091 D.
1878 2056 2042 2100 Zieglero

257 2115 480 2158 praeceptori
511 2115 687 2159 ipsorum,
724 2120 846 2149 nostro
880 2113 1076 2158 professori
1108 2113 1275 2158 physico,
1309 2112 1406 2155 dedi,
1440 2114 1510 2157 ipsi
1536 2114 1611 2158 jam
1644 2125 1737 2149 nunc
1771 2115 2043 2158 Herrenbergae

258 2171 345 2213 iuris
371 2171 488 2207 studio
516 2183 660 2216 operam
687 2172 782 2206 dant.
831 2172 914 2207 Non
940 2172 1065 2206 dubito
1092 2172 1178 2215 quin
1202 2170 1404 2214 gratissimo
1429 2171 1544 2205 animo
1570 2172 1640 2206 sint
1665 2172 1701 2206 id
1726 2173 1920 2216 accepturi.
1946 2173 2040 2207 Mar-

259 2241 320 2264 cus
353 2234 472 2264 tamen
505 2229 794 2265 Hohenfelderus
827 2240 906 2264 cum
943 2228 1021 2263 aliis
1059 2229 1198 2264 duobus
1230 2228 1432 2272 junioribus
1466 2229 1639 2264 fratribus
1679 2229 1864 2264 nobiscum
1905 2229 2043 2265 Calwae

257 2291 428 2330 versatur,
454 2288 619 2323 habitant
645 2294 763 2322 autem
789 2299 869 2321 cum
892 2288 936 2321 D.
964 2287 1126 2331 Miillero,
1150 2287 1310 2321 locorum
1335 2287 1628 2321 incommoditate
1653 2289 1698 2322 ab
1715 2298 1757 2322 60
1778 2288 1853 2331 jam
1871 2287 2021 2322 exclusi.

394 2346 530 2381 Thema
556 2346 671 2381 affinis
698 2346 765 2379 mei
789 2345 873 2379 ι1011.
902 2345 1003 2379 Conr.
1032 2343 1259 2379 Burckhardi
1283 2343 1443 2378 nondum
1465 2345 1607 2380 omnino
1626 2345 1763 2390 perlegi
1779 2351 1940 2390 tempore
1964 2357 2044 2390 pro—

258 2406 403 2449 hibituS,
429 2414 495 2439 nec
520 2404 636 2438 adhuc
662 2413 785 2438 socero
812 2413 891 2436 meo
918 2401 1072 2437 exhibui.
1124 2402 1160 2436 Is
1187 2402 1248 2436 ubi
1273 2412 1368 2436 1111110
1394 2406 1556 2437 versetur
1580 2403 1716 2439 nescio.
1766 2402 1950 2447 Superiori
1973 2404 2044 2437 Au-

258 2467 362 2508 gusto
388 2472 509 2496 mense
527 2460 792 2504 Wirtzburgum
819 2460 999 2504 proficisci
1023 2459 1176 2503 volebat,
1204 2459 1266 2494 sed
1286 2470 1305 2493 a
1323 2470 1379 2494 me
1404 2465 1564 2495 retentus
1584 2461 1713 2495 mansit
1737 2461 1833 2505 apud
1858 2471 1914 2495 me
1930 2464 2047 2495 totum

257 2532 422 2565 mensem,
447 2520 540 2554 intra
565 2519 659 2564 quod
683 2524 823 2562 tempus
850 2518 1000 2553 desertis
1026 2518 1152 2552 studiis
1179 2517 1333 2561 (ineptus
1360 2518 1453 2551 enim
1477 2518 1521 2551 ad
1547 2517 1608 2553 illa
1633 2527 1711 2553 esse
1735 2518 1875 2553 videtur
1898 2522 2046 2562 propter

255 2579 384 2624 ingenii
409 2579 616 2614 tarditatem
642 2582 677 2611 et
701 2581 855 2611 aetatem
877 2576 951 2620 jam
977 2575 1249 2619 provectiorem)
1277 2576 1322 2610 ad
1341 2575 1567 2610 scribendum
1585 2586 1623 2610 se
1642 2576 1826 2620 applicuit.
1862 2576 1950 2610 Post
1967 2585 2044 2610 meo

258 2643 292 2672 et
315 2638 434 2672 fratris
461 2636 609 2671 consilio
645 2635 727 2669 hinc
757 2635 941 2679 profectus
973 2639 1045 2677 est,
1079 2633 1164 2669 alibi
1199 2633 1242 2667 dc
1277 2633 1479 2668 conditione
1511 2640 1778 2679 prospecturus.
1828 2634 1961 2669 Verum
1986 2633 2045 2669 ubi

258 2707 350 2730 nunc
374 2698 522 2738 vagetur
547 2695 648 2728 Deus
675 2693 783 2727 novit.

393 2752 569 2787 Libellum
595 2752 636 2785 G.
662 2751 697 2785 J.
722 2750 881 2794 Rhetici,
913 2751 1016 2794 cujus
1049 2751 1264 2785 mentionem
1299 2750 1405 2794 facis,
1442 2750 1561 2784 videre
1596 2761 1770 2794 perquam
1804 2760 1990 2795 cuperem,
2017 2751 2046 2785 si

258 2810 427 2855 possibile
452 2814 561 2844 esset.
610 2809 753 2844 Utinam
779 2809 881 2842 venia
906 2819 1046 2854 eorum,
1078 2819 1188 2853 penes
1220 2819 1310 2853 quos
1335 2808 1511 2852 inspectio
1543 2808 1782 2843 bibliothecae
1814 2812 1955 2843 vestrae
1980 2812 2045 2853 est,

260 2869 349 2903 liber
374 2868 435 2902 ille
461 2872 523 2901 aut
548 2867 593 2902 ad
619 2877 674 2901 me
699 2866 743 2900 ad
769 2865 893 2901 fideles
919 2877 1046 2901 manus
1071 2867 1272 2901 mitteretur
1302 2865 1547 2909 inspiciendus
1573 2866 1742 2911 brevique
1767 2865 1922 2901 fideliter
1945 2866 2047 2902 resti-

260 2924 431 2967 tuendus,
467 2929 529 2959 aut
562 2924 649 2958 meis
682 2924 859 2959 sumtibus
895 2924 1049 2959 describi
1078 2925 1355 2968 permitteretur.
1405 2922 1532 2957 Utrum
1557 2924 1634 2958 fieri
1657 2928 1797 2968 posset,
1830 2923 1915 2957 mihi
1940 2923 2046 2969 longe

263 2983 499 3027 gratissimum
517 2987 624 3017 esset.
666 2983 717 3016 Te
742 2993 804 3017 oro
822 2988 931 3026 atque
949 2983 1110 3025 obsecro,
1137 2981 1312 3025 siquidem
1336 2986 1433 3015 tuam
1451 2985 1528 3016 tute
1546 2991 1690 3024 operam
1709 2979 1826 3024 offers,
1853 2985 1893 3016 ut
1918 2982 2044 3016 horum

261 3040 471 3074 alterutrum
497 3051 688 3084 procurare
714 3040 822 3083 velis,
857 3051 922 3085 pro
949 3051 1019 3083 quo
1047 3038 1165 3074 officio
1193 3049 1257 3082 ego
1283 3047 1338 3072 me
1364 3038 1526 3073 similiter
1550 3039 1595 3072 ad
1621 3037 1766 3081 quaevis
1793 3038 1916 3075 offero.
1965 3039 2043 3083 Ego

258 3098 331 3143 ι13111
355 3108 419 3142 pro
445 3098 588 3142 publica
612 3097 766 3133 lectione
792 3098 1051 3143 triangulorum
1076 3097 1271 3133 eorundem
1298 3096 1495 3132 doctrinam
1520 3094 1634 3141 trado,
1660 3095 1759 3132 initio
1788 3095 1882 3134 facto
1908 3107 1929 3132 a
1945 3097 2046 3134 tabu-
