2126 3388
960 136 1064 175 1616,
1407 194 1413 197 p
1815 136 1897 182 841

244 255 350 295 Satis
382 254 429 294 de
459 254 534 294 hoc
565 253 741 305 adeoque
770 255 943 294 nimium.
1004 256 1105 296 Vale
1139 255 1375 295 charissime
1412 257 1460 295 D.
1493 257 1725 307 Praeceptor
1765 269 1901 308 meque

108 325 237 353 amare
267 326 396 365 perge.
459 313 601 364 Scripsi
636 313 793 362 dudum,
826 315 998 354 conclusi
1035 312 1192 368 152.l‘22.
1227 315 1453 354 Decembris
1489 320 1612 355 1616.
1643 315 1781 356 Lincii.

591 372 661 412 Ex.
694 372 802 412 Tuae

973 431 1282 472 officiosissimus

1525 491 1568 530 J.
1601 490 1764 541 Kepler.

250 615 307 650 Ad
332 625 389 657 ea,
425 625 516 659 quae
543 615 686 659 scripsit
711 615 926 651 Maestlinus
953 617 997 651 de
1025 615 1345 659 „chronologicis“,
1377 615 1564 660 respondit
1587 616 1767 662 Keplerus
1790 617 1826 653 in
1851 617 1906 653 his

107 673 196 718 ipsis
222 673 353 707 literis:
389 672 515 710 Valde
546 672 639 709 mihi
671 672 864 721 gratulor,
906 684 952 710 ea
984 677 1021 711 et
1051 674 1275 722 pervenisse
1307 672 1357 710 ad
1389 676 1446 719 te,
1487 677 1525 710 et
1554 673 1624 711 tibi
1662 685 1775 712 curae
1807 684 1904 710 esse.

113 730 288 767 Censura
318 729 440 768 multo
473 731 542 768 erit
573 731 730 778 gratior.
793 730 1010 769 Praevideo
1042 731 1186 779 aliqua,
1221 743 1321 780 quac
1353 731 1406 768 sis
1439 729 1736 778 desideraturus,
1769 730 1906 769 mode-

110 789 223 825 stiam
267 799 318 825 sc.
361 789 400 825 in
441 788 683 837 conjiciendo
726 788 772 826 de
813 788 908 826 locis
949 788 1171 838 Scripturae
1214 790 1400 827 obscuris.
1473 790 1523 826 At
1564 788 1769 827 dummodo
1808 789 1908 827 ultra

108 845 234 884 levem
275 845 596 894 admonitionem,
640 859 690 884 an
720 846 795 885 hoc
837 851 876 884 et
907 846 1002 884 illud
1035 846 1218 885 acciderit
1249 849 1392 890 textui,
1424 858 1501 884 nou
1533 847 1834 896 progrediamur,
1867 849 1904 884 in

110 905 332 942 universum
364 910 466 943 stare
497 916 569 943 nos
602 905 702 944 velle
734 904 908 943 dicamus
947 910 1075 943 textus
1106 907 1317 952 sententia,
1351 909 1445 955 puto
1484 905 1655 954 aliquam
1684 918 1768 945 esse
1800 905 1907 943 utili-

111 967 230 1000 tatem
262 963 377 1012 hujus
409 963 610 1010 audaciae,
643 969 685 1002 ut
717 975 794 1013 qua
825 965 1128 1013 praeveniuntur
1158 963 1366 1001 multorum
1389 965 1644 1013 cogitationes
1666 964 1784 1002 multo
1816 975 1908 1014 pro-

111 1021 291 1068 faniores‚
326 1022 391 1071 qui
423 1022 472 1060 ob
505 1022 786 1060 dissonantiam
807 1033 1053 1060 numerorum
1085 1027 1208 1060 totam
1230 1024 1442 1071 scripturae
1474 1024 1743 1060 auctoritatem
1764 1023 1909 1061 habent

112 1081 334 1127 contemtui,
367 1091 465 1129 quos
495 1081 638 1118 multos
660 1081 810 1130 Pragae
842 1080 922 1117 vidi
957 1085 993 1119 et
1025 1080 1074 1118 ad
1107 1086 1273 1118 mentem
1305 1082 1501 1127 revocavi,
1535 1082 1700 1119 ostensis
1733 1081 1909 1120 occasio-

113 1138 239 1186 nibus,
274 1139 415 1187 quibus
450 1138 513 1177 vel
544 1141 730 1177 memoria
759 1139 852 1186 labi,
887 1138 948 1177 vel
981 1144 1108 1177 textus
1140 1142 1332 1188 corrumpi
1363 1140 1544 1189 potuerit.

252 1205 352 1249 Quae
376 1204 509 1240 fuerint
535 1205 654 1241 studia
678 1205 738 1240 illa
764 1205 1030 1251 chronologica,
1055 1204 1143 1240 nihil
1169 1206 1258 1240 certi
1282 1205 1454 1240 habemus
1482 1204 1577 1250 quod
1603 1204 1773 1243 dicamus,
1813 1207 1913 1240 Inter

107 1273 150 1298 ea
174 1262 267 1298 forte
293 1263 500 1307 quaerenda
525 1268 619 1305 sunt,
648 1274 742 1309 quae
767 1263 836 1299 vol.
864 1264 924 1298 IV.
953 1275 973 1298 a
997 1275 1032 1308 p.
1063 1264 1129 1300 128
1153 1263 1190 1299 in
1215 1263 1283 1299 140
1309 1263 1552 1298 exhibuimus,

248 1323 342 1358 Num
370 1321 698 1366 Calendarium,
727 1322 823 1366 quod
849 1321 1029 1367 Keplerus
1055 1322 1124 1356 hoc
1151 1332 1246 1357 anno
1269 1321 1433 1366 perfecit,
1460 1321 1645 1365 Tubingae
1663 1323 1759 1367 typis
1784 1322 1913 1358 excudi

108 1380 233 1426 possit,
262 1380 444 1415 Straussio
469 1381 723 1424 inquirendum
748 1380 942 1425 mandavit,
971 1380 1031 1425 qui
1055 1391 1178 1416 mense
1205 1381 1355 1416 Octobri
1380 1381 1468 1416 1616
1496 1381 1643 1416 nunciat
1658 1380 1827 1426 Keplero,
1854 1391 1913 1416 ex-

109 1438 298 1483 quisivisse
325 1449 363 1473 se
390 1449 434 1473 ex
460 1439 697 1484 typographis
717 1439 1019 1483 Tubingensibus,
1044 1450 1130 1473 num
1152 1438 1401 1475 Calendarium
1420 1438 1568 1483 Kepleri
1593 1439 1687 1483 typis
1714 1438 1914 1474 describere

109 1496 250 1532 vellent.
302 1498 371 1532 Sed
397 1497 466 1531 hoc
491 1498 656 1542 responsi
682 1508 720 1532 se
745 1498 887 1539 tulisse,
921 1508 993 1532 non
1019 1501 1092 1531 tam
1118 1497 1246 1541 exiguo
1272 1497 1445 1541 temporis
1472 1497 1587 1541 spatio
1614 1496 1767 1541 imprimi
1792 1507 1912 1541 posse,

110 1566 190 1590 cum
215 1566 359 1600 quoque
384 1556 506 1600 aliqua
531 1557 703 1601 temporis
728 1567 813 1601 pars
837 1555 1146 1601 praeterlabatur,
1182 1555 1266 1590 dum
1299 1555 1484 1600 exemplar
1509 1554 1710 1598 Tubingam
1736 1555 1910 1590 mittatur.

111 1634 153 1639 —-
173 1613 423 1649 Calendarium
447 1614 483 1650 in
509 1625 621 1650 annos
640 1616 742 1660 1616,
765 1615 865 1656 1617,
892 1615 985 1649 sicut
1003 1615 1074 1649 alia
1090 1614 1249 1659 priorum
1274 1625 1448 1650 annorum
1466 1614 1568 1649 nobis
1595 1625 1669 1648 non·
1692 1614 1840 1658 contigit
1864 1614 1915 1649 iu-

109 1672 261 1717 spicere.
302 1674 493 1708 Decretum
527 1673 690 1709 ordinum
722 1673 1014 1718 Ausfflacorum,
1053 1685 1123 1719 quo
1158 1674 1316 1719 Keplero
1350 1673 1581 1709 honorarium
1613 1683 1678 1718 pro
1704 1673 1915 1708 Calendario

109 1730 146 1766 in
170 1741 303 1766 annum
323 1731 374 1767 17.
401 1731 622 1776 adscriptum
649 1736 714 1776 est,
741 1742 851 1776 supra
877 1731 1117 1768 exhibuimus.

251 1790 353 1834 Quae
378 1790 422 1826 de
447 1790 704 1826 Stereometria
734 1791 895 1826 medicus
921 1790 1241 1827 Francofurtensis
1267 1791 1295 1825 Ι.
1322 1790 1366 1825 H.
1392 1791 1552 1841 Beyerus
1578 1789 1736 1835 Keplero
1761 1790 1916 1835 scripsit,

112 1849 283 1893 leguntur
308 1848 376 1884 vol.
402 1849 445 1885 V.
470 1860 506 1894 p.
534 1850 611 1885 614.

252 1908 293 1942 111
320 1907 544 1952 praefatione
569 1907 614 1941 ad
639 1906 982 1952 Ephemeridem
1016 1907 1100 1942 anni
1129 1907 1234 1951 1617,
1269 1906 1352 1942 data
1377 1907 1493 1944 Lincii
1520 1907 1590 1942 Cal.
1617 1907 1696 1942 Oct.
1727 1908 1831 1951 1616,
1859 1917 1918 1942 ex-

115 1969 218 2001 cusat
243 1976 281 2000 se
307 1965 497 2010 Keplerus,
525 1965 620 2010 quod
646 1964 806 2000 Davidi
832 1965 1057 2011 Fabricio,
1086 1966 1220 2008 „amico
1247 1965 1427 2011 uranico“,
1452 1965 1536 2000 inde
1554 1967 1598 2001 ab
1617 1975 1710 2000 anno
1729 1965 1821 2001 1608
1846 1975 1918 2000 11011

114 2024 351 2069 responderit.
399 2023 534 2059 Jocans
560 2023 737 2067 magnetis
763 2023 948 2068 lingulam,
976 2023 1079 2067 quasi
1111 2034 1175 2068 per
1200 2024 1357 2068 spatium
1383 2023 1475 2059 inter
1499 2024 1663 2058 Lincium
1689 2028 1725 2059 et
1748 2023 1920 2064 Ostelam,

117 2082 178 2117 ubi
202 2081 390 2117 Fabricius
415 2081 573 2127 pastoris
600 2091 746 2116 munere
770 2081 1007 2126 fungebatur,
1034 2082 1108 2117 fata
1134 2093 1199 2118 sua
1224 2083 1452 2118 nunciantem
1482 2093 1567 2128 „per
1591 2082 1826 2127 longinquum
1852 2083 1921 2117 hoc

117 2141 281 2176 occultae
306 2140 446 2176 virtutis
465 2140 749 2184 commercium“,
776 2140 926 2185 fingens,
955 2147 1082 2176 causas
1101 2140 1235 2177 silentii
1253 2141 1412 2177 diuturni
1430 2141 1534 2176 affert
1552 2141 1746 2187 „dolorem,
1771 2141 1919 2183 luctum,

117 2204 278 2241 mortem,
305 2201 506 2243 orbita-tem,
533 2199 630 2234 bella
656 2203 692 2235 et
716 2199 815 2244 lites,
841 2200 1093 2245 migrationem
1120 2205 1155 2235 et
1179 2200 1392 2236 miseriam“.
1449 2196 1644 2244 Crudelis,
1686 2198 1820 2243 pergit,
1855 2197 1920 2245 qui

117 2256 315 2305 silentium
347 2268 486 2302 meum,
520 2258 592 2295 sub
626 2267 702 2306 quo
726 2267 796 2294 ceu
817 2256 1030 2305 ligamento
1055 2256 1223 2305 quodam
1247 2258 1313 2295 vix
1336 2269 1451 2307 aegre
1482 2255 1757 2293 coalescebant
1784 2256 1921 2292 mentis

120 2314 298 2361 vulnera,
331 2315 496 2364 publicis
527 2315 717 2353 machinis
750 2314 918 2352 admotis
951 2317 1000 2361 (in
1032 2318 1276 2363 prognosticis
1306 2318 1494 2354 Fabricius
1526 2317 1722 2361 Keplerum
1755 2316 1920 2351 silentem

119 2376 165 2412 ad
189 2376 481 2421 respondendum
507 2376 673 2412 hortatus
700 2378 791 2422 erat)
817 2374 925 2411 nisus
967 2385 1007 2411 es
1043 2385 1266 2423 expugnare
1306 2373 1502 2422 linteaque
1544 2373 1788 2410 cicatricibus
1820 2384 1920 2409 non-

121 2432 211 2470 dum
243 2432 422 2471 obductis
454 2432 652 2473 revellere,
713 2432 859 2470 Verum
903 2443 979 2469 non
1014 2436 1071 2470 est
1102 2434 1283 2481 suspicax
1325 2432 1516 2480 charitas3
1559 2431 1714 2481 ignarus
1746 2432 1920 2479 aegritu-

121 2491 252 2529 dinum
282 2502 454 2529 mearum
487 2491 613 2538 fuisti,
650 2491 804 2529 veniam
836 2495 1006 2528 meretur
1037 2502 1144 2527 amor
1174 2495 1322 2538 noster,
1358 2502 1475 2539 quam
1507 2501 1582 2527 non
1616 2489 1728 2526 aliter
1759 2500 1819 2526 me
1851 2489 1920 2526 tibi

121 2549 286 2599 probare
317 2560 474 2598 possum
512 2548 745 2596 indulsisse,
792 2560 908 2598 quam
941 2549 973 2585 si
1006 2547 1055 2586 ad
1088 2548 1266 2597 publicas
1308 2553 1395 2586 tuas
1437 2549 1737 2598 provocationes
1767 2546 1921 2595 publice

122 2618 277 2658 quoque
308 2606 584 2656 respondeam,
631 2607 735 2656 quod
767 2612 857 2646 ante
897 2606 1107 2645 editionem
1139 2606 1255 2656 hujus
1288 2605 1558 2656 Ephemeridis
1597 2603 1801 2644 commodo
1833 2616 1919 2642 meo

124 2667 249 2704 facere
280 2676 356 2703 non
387 2666 508 2714 potui.

261 2732 342 2767 Jam
359 2731 539 2776 Keplerus
566 2732 746 2767 examinat
766 2742 818 2775 ea,
847 2742 937 2776 quae
955 2731 1145 2767 Fabricius
1163 2730 1199 2765 in
1215 2730 1457 2776 prognosticis
1484 2729 1569 2774 suis,
1597 2729 1713 2774 ipsum
1732 2728 1921 2773 allocutus,

125 2791 277 2827 dixerat.
326 2791 518 2833 Intactum,
544 2789 603 2833 ait,
629 2788 833 2823 Fabricium
857 2788 1074 2833 praeterire,
1102 2786 1197 2832 quod
1221 2787 1299 2831 ipse
1324 2787 1670 2831 praestantissimum
1695 2787 1732 2821 in
1757 2787 1922 2832 profectu

124 2850 162 2884 in
185 2848 345 2884 scientiis
368 2847 524 2892 judicet,
551 2850 762 2891 „penetrare
787 2846 832 2881 ad
860 2847 1034 2891 genuinas
1061 2855 1190 2880 causas
1216 2848 1410 2889 motuum“‚
1435 2844 1618 2889 praeferre
1642 2844 1743 2880 illum
1767 2856 1921 2890 progno-

126 2908 217 2943 stica
241 2912 276 2942 et
298 2906 436 2951 judicia
460 2905 685 2951 genethliaca
718 2908 754 2940 et
779 2903 920 2939 tabulas
957 2902 1158 2948 efflagitare
1189 2903 1225 2936 in
1251 2913 1374 2937 eorum
1399 2905 1538 2937 tantum
1560 2912 1682 2944 usum,
1718 2905 1922 2947 „utcunque

125 2964 357 3011 philosophia
380 2965 549 3001 habeat“.
589 2963 682 2998 Dein
709 2966 858 2997 excusat
874 2961 1052 3005 Keplerus
1079 2970 1236 2995 errorem
1262 2971 1376 3002 suum,
1405 2960 1501 3004 quod
1519 2960 1612 2996 Solis
1632 2961 1808 2996 maculam
1835 2972 1921 3006 „pro

127 3022 306 3058 Mercurio
332 3023 398 3059 sub
425 3023 507 3058 Sole
532 3021 731 3056 habuerit“.
791 3017 851 3055 Ad
882 3017 1171 3054 revocationem
1210 3027 1270 3053 me
1302 3014 1444 3053 videris
1477 3027 1615 3054 vocare
1654 3016 1853 3055 solennem
1885 3022 1922 3055 et

127 3078 334 3129 publicam.
396 3079 484 3118 Non
517 3077 738 3127 exspectavi
771 3080 821 3125 te,
854 3074 1022 3113 Fabrici.
1077 3073 1231 3112 Monuit
1262 3085 1322 3112 me
1353 3073 1480 3112 bonus
1512 3074 1670 3124 quidam
1701 3076 1849 3124 genius,
1882 3080 1924 3114 ut
