<?xml version="1.0" encoding="UTF-8"?>
<!DOCTYPE html PUBLIC "-//W3C//DTD XHTML 1.0 Transitional//EN"
    "http://www.w3.org/TR/xhtml1/DTD/xhtml1-transitional.dtd">
<html xmlns="http://www.w3.org/1999/xhtml" xml:lang="en" lang="en">
 <head>
  <title>
</title>
<meta http-equiv="Content-Type" content="text/html;charset=utf-8" />
  <meta name='ocr-system' content='tesseract 3.04.00' />
  <meta name='ocr-capabilities' content='ocr_page ocr_carea ocr_par ocr_line ocrx_word'/>
</head>
<body>
  <div class='ocr_page' id='page_1' title='image "./p2operaomniaedid08kepluoft_0198.png"; bbox 0 0 2126 3388; ppageno 0'>
   <div class='ocr_carea' id='block_1_1' title="bbox 257 118 1371 165">
    <p class='ocr_par' dir='ltr' id='par_1_1' title="bbox 257 118 1371 165">
     <span class='ocr_line' id='line_1_1' title="bbox 257 118 1371 165; baseline -0.008 -2"><span class='ocrx_word' id='word_1_1' title='bbox 257 118 342 164; x_wconf 73' lang='lat'>744</span> <span class='ocrx_word' id='word_1_2' title='bbox 933 119 1015 156; x_wconf 85' lang='lat' dir='ltr'>Vita</span> <span class='ocrx_word' id='word_1_3' title='bbox 1037 118 1188 156; x_wconf 66' lang='lat' dir='ltr'>,Ioannis</span> <span class='ocrx_word' id='word_1_4' title='bbox 1213 118 1371 165; x_wconf 85' lang='lat' dir='ltr'>Kepleri.</span> 
     </span>
    </p>
   </div>
   <div class='ocr_carea' id='block_1_2' title="bbox 251 234 2053 2491">
    <p class='ocr_par' dir='ltr' id='par_1_2' title="bbox 253 234 2046 1214">
     <span class='ocr_line' id='line_1_2' title="bbox 259 234 2045 287; baseline -0.002 -11"><span class='ocrx_word' id='word_1_5' title='bbox 259 237 441 285; x_wconf 86' lang='lat' dir='ltr'>decrevit,</span> <span class='ocrx_word' id='word_1_6' title='bbox 475 237 658 275; x_wconf 87' lang='lat' dir='ltr'>salarium</span> <span class='ocrx_word' id='word_1_7' title='bbox 691 237 952 283; x_wconf 84' lang='lat' dir='ltr'>denunciavit,</span> <span class='ocrx_word' id='word_1_8' title='bbox 985 242 1115 287; x_wconf 89' lang='lat' dir='ltr'>petere</span> <span class='ocrx_word' id='word_1_9' title='bbox 1145 237 1263 286; x_wconf 88' lang='lat' dir='ltr'>jussit</span> <span class='ocrx_word' id='word_1_10' title='bbox 1293 237 1464 286; x_wconf 80' lang='lat' dir='ltr'><strong>aliquam</strong></span> <span class='ocrx_word' id='word_1_11' title='bbox 1486 248 1687 275; x_wconf 89' lang='lat' dir='ltr'>summam.</span> <span class='ocrx_word' id='word_1_12' title='bbox 1729 234 1833 275; x_wconf 89' lang='lat' dir='ltr'>Usus</span> <span class='ocrx_word' id='word_1_13' title='bbox 1854 247 1926 285; x_wconf 84' lang='lat' dir='ltr'>ego</span> <span class='ocrx_word' id='word_1_14' title='bbox 1949 248 2045 275; x_wconf 81' lang='lat' dir='ltr'>con-</span> 
     </span>
     <span class='ocr_line' id='line_1_3' title="bbox 257 295 2044 345; baseline -0.001 -11"><span class='ocrx_word' id='word_1_15' title='bbox 257 296 354 334; x_wconf 87' lang='lat' dir='ltr'>siliis</span> <span class='ocrx_word' id='word_1_16' title='bbox 385 296 560 342; x_wconf 87' lang='lat' dir='ltr'>aliorum,</span> <span class='ocrx_word' id='word_1_17' title='bbox 593 295 697 343; x_wconf 89' lang='lat' dir='ltr'>quod</span> <span class='ocrx_word' id='word_1_18' title='bbox 727 307 851 333; x_wconf 88' lang='lat' dir='ltr'>meam</span> <span class='ocrx_word' id='word_1_19' title='bbox 873 295 1027 343; x_wconf 89' lang='lat' dir='ltr'>quidem</span> <span class='ocrx_word' id='word_1_20' title='bbox 1050 307 1252 345; x_wconf 83' lang='lat' dir='ltr'>personam</span> <span class='ocrx_word' id='word_1_21' title='bbox 1287 297 1435 342; x_wconf 84' lang='lat' dir='ltr'>attinet,</span> <span class='ocrx_word' id='word_1_22' title='bbox 1468 306 1657 332; x_wconf 86' lang='lat' dir='ltr'>summam</span> <span class='ocrx_word' id='word_1_23' title='bbox 1687 295 1844 332; x_wconf 86' lang='lat' dir='ltr'>arbitrio</span> <span class='ocrx_word' id='word_1_24' title='bbox 1867 295 2044 333; x_wconf 80' lang='lat' dir='ltr'>Caesaris</span> 
     </span>
     <span class='ocr_line' id='line_1_4' title="bbox 260 352 2046 404; baseline -0.001 -11"><span class='ocrx_word' id='word_1_25' title='bbox 260 355 457 400; x_wconf 87' lang='lat' dir='ltr'>commisi,</span> <span class='ocrx_word' id='word_1_26' title='bbox 490 352 593 401; x_wconf 91' lang='lat' dir='ltr'>quod</span> <span class='ocrx_word' id='word_1_27' title='bbox 626 364 718 390; x_wconf 89' lang='lat' dir='ltr'>vero</span> <span class='ocrx_word' id='word_1_28' title='bbox 751 354 1025 402; x_wconf 81' lang='lat' dir='ltr'>perfectionem</span> <span class='ocrx_word' id='word_1_29' title='bbox 1058 365 1214 402; x_wconf 90' lang='lat' dir='ltr'>operum</span> <span class='ocrx_word' id='word_1_30' title='bbox 1247 353 1462 404; x_wconf 86' lang='lat' dir='ltr'>Tychonis,</span> <span class='ocrx_word' id='word_1_31' title='bbox 1503 363 1666 401; x_wconf 86' lang='lat' dir='ltr'>quorum</span> <span class='ocrx_word' id='word_1_32' title='bbox 1697 354 1899 401; x_wconf 87' lang='lat' dir='ltr'>potissimo</span> <span class='ocrx_word' id='word_1_33' title='bbox 1931 355 2046 391; x_wconf 90' lang='lat' dir='ltr'>vivus</span> 
     </span>
     <span class='ocr_line' id='line_1_5' title="bbox 257 410 2044 460; baseline -0.001 -10"><span class='ocrx_word' id='word_1_34' title='bbox 257 411 567 450; x_wconf 82' lang='lat' dir='ltr'>Tabularum</span> <span class='ocrx_word' id='word_1_35' title='bbox 599 410 832 460; x_wconf 84' lang='lat' dir='ltr'>Rodolph</span> <span class='ocrx_word' id='word_1_36' title='bbox 848 423 1038 449; x_wconf 86' lang='lat' dir='ltr'>aearum</span> <span class='ocrx_word' id='word_1_37' title='bbox 1079 422 1218 449; x_wconf 90' lang='lat' dir='ltr'>nomen</span> <span class='ocrx_word' id='word_1_38' title='bbox 1249 413 1350 458; x_wconf 86' lang='lat' dir='ltr'>fecit,</span> <span class='ocrx_word' id='word_1_39' title='bbox 1384 410 1584 448; x_wconf 82' lang='lat' dir='ltr'>dimidiam</span> <span class='ocrx_word' id='word_1_40' title='bbox 1615 410 1811 460; x_wconf 90' lang='lat' dir='ltr'>Tychonis</span> <span class='ocrx_word' id='word_1_41' title='bbox 1842 422 2044 458; x_wconf 86' lang='lat' dir='ltr'>summam,</span> 
     </span>
     <span class='ocr_line' id='line_1_6' title="bbox 255 468 2045 518; baseline -0.001 -11"><span class='ocrx_word' id='word_1_42' title='bbox 255 482 307 508; x_wconf 86' lang='lat' dir='ltr'>sc.</span> <span class='ocrx_word' id='word_1_43' title='bbox 345 472 451 507; x_wconf 79' lang='lat'>1500</span> <span class='ocrx_word' id='word_1_44' title='bbox 483 468 648 506; x_wconf 87' lang='lat' dir='ltr'>florenos</span> <span class='ocrx_word' id='word_1_45' title='bbox 681 480 829 506; x_wconf 84' lang='lat' dir='ltr'>annuos</span> <span class='ocrx_word' id='word_1_46' title='bbox 859 470 971 518; x_wconf 89' lang='lat' dir='ltr'>petii,</span> <span class='ocrx_word' id='word_1_47' title='bbox 1015 468 1231 518; x_wconf 85' lang='lat' dir='ltr'>pollicitus,</span> <span class='ocrx_word' id='word_1_48' title='bbox 1275 471 1306 507; x_wconf 93' lang='lat' dir='ltr'>si</span> <span class='ocrx_word' id='word_1_49' title='bbox 1340 469 1482 507; x_wconf 84' lang='lat' dir='ltr'>Caesar</span> <span class='ocrx_word' id='word_1_50' title='bbox 1522 473 1625 506; x_wconf 90' lang='lat' dir='ltr'>totos</span> <span class='ocrx_word' id='word_1_51' title='bbox 1658 472 1767 506; x_wconf 86' lang='lat'>3000</span> <span class='ocrx_word' id='word_1_52' title='bbox 1800 468 2045 518; x_wconf 87' lang='lat' dir='ltr'>Tychonicos</span> 
     </span>
     <span class='ocr_line' id='line_1_7' title="bbox 257 526 2045 576; baseline -0.001 -11"><span class='ocrx_word' id='word_1_53' title='bbox 257 527 332 574; x_wconf 87' lang='lat' dir='ltr'>det,</span> <span class='ocrx_word' id='word_1_54' title='bbox 364 538 424 564; x_wconf 91' lang='lat' dir='ltr'>me</span> <span class='ocrx_word' id='word_1_55' title='bbox 456 526 552 564; x_wconf 90' lang='lat' dir='ltr'>bene</span> <span class='ocrx_word' id='word_1_56' title='bbox 585 526 862 564; x_wconf 86' lang='lat' dir='ltr'>collocaturum</span> <span class='ocrx_word' id='word_1_57' title='bbox 895 527 1053 565; x_wconf 86' lang='lat' dir='ltr'>adscitis</span> <span class='ocrx_word' id='word_1_58' title='bbox 1086 528 1245 576; x_wconf 85' lang='lat' dir='ltr'>collegis</span> <span class='ocrx_word' id='word_1_59' title='bbox 1277 533 1314 565; x_wconf 91' lang='lat' dir='ltr'>et</span> <span class='ocrx_word' id='word_1_60' title='bbox 1345 527 1705 565; x_wconf 82' lang='lat' dir='ltr'>calculatoribuset</span> <span class='ocrx_word' id='word_1_61' title='bbox 1725 528 1927 575; x_wconf 83' lang='lat' dir='ltr'>exquisitis</span> <span class='ocrx_word' id='word_1_62' title='bbox 1950 526 2045 564; x_wconf 92' lang='lat' dir='ltr'>doc-</span> 
     </span>
     <span class='ocr_line' id='line_1_8' title="bbox 256 584 2044 634; baseline 0 -12"><span class='ocrx_word' id='word_1_63' title='bbox 256 591 380 622; x_wconf 88' lang='lat' dir='ltr'>torum</span> <span class='ocrx_word' id='word_1_64' title='bbox 413 584 594 622; x_wconf 84' lang='lat' dir='ltr'>consiliis.</span> <span class='ocrx_word' id='word_1_65' title='bbox 655 584 900 634; x_wconf 85' lang='lat' dir='ltr'>Responsum</span> <span class='ocrx_word' id='word_1_66' title='bbox 943 585 1137 634; x_wconf 82' lang='lat' dir='ltr'>quodnam</span> <span class='ocrx_word' id='word_1_67' title='bbox 1177 586 1346 623; x_wconf 83' lang='lat' dir='ltr'>futurum</span> <span class='ocrx_word' id='word_1_68' title='bbox 1384 587 1451 632; x_wconf 89' lang='lat' dir='ltr'>sit,</span> <span class='ocrx_word' id='word_1_69' title='bbox 1494 590 1645 634; x_wconf 90' lang='lat' dir='ltr'>tempus</span> <span class='ocrx_word' id='word_1_70' title='bbox 1681 585 1899 633; x_wconf 85' lang='lat' dir='ltr'>patefaciet.</span> <span class='ocrx_word' id='word_1_71' title='bbox 1961 585 2044 633; x_wconf 86' lang='lat' dir='ltr'>Ego</span> 
     </span>
     <span class='ocr_line' id='line_1_9' title="bbox 255 642 2045 692; baseline 0 -14"><span class='ocrx_word' id='word_1_72' title='bbox 255 642 393 692; x_wconf 89' lang='lat' dir='ltr'>plenus</span> <span class='ocrx_word' id='word_1_73' title='bbox 424 654 491 690; x_wconf 91' lang='lat' dir='ltr'>spe</span> <span class='ocrx_word' id='word_1_74' title='bbox 522 654 620 680; x_wconf 83' lang='lat' dir='ltr'>sum.</span> <span class='ocrx_word' id='word_1_75' title='bbox 671 642 769 680; x_wconf 88' lang='lat' dir='ltr'>Nam</span> <span class='ocrx_word' id='word_1_76' title='bbox 801 644 833 680; x_wconf 91' lang='lat' dir='ltr'>si</span> <span class='ocrx_word' id='word_1_77' title='bbox 856 643 947 680; x_wconf 90' lang='lat' dir='ltr'>mihi</span> <span class='ocrx_word' id='word_1_78' title='bbox 979 643 1024 681; x_wconf 91' lang='lat' dir='ltr'>de</span> <span class='ocrx_word' id='word_1_79' title='bbox 1055 645 1195 692; x_wconf 92' lang='lat' dir='ltr'>potiori</span> <span class='ocrx_word' id='word_1_80' title='bbox 1217 643 1325 680; x_wconf 88' lang='lat' dir='ltr'>Deus</span> <span class='ocrx_word' id='word_1_81' title='bbox 1345 643 1555 692; x_wconf 79' lang='lat' dir='ltr'>prospexit,</span> <span class='ocrx_word' id='word_1_82' title='bbox 1590 642 1636 679; x_wconf 93' lang='lat' dir='ltr'>de</span> <span class='ocrx_word' id='word_1_83' title='bbox 1667 643 1829 680; x_wconf 87' lang='lat' dir='ltr'>materia</span> <span class='ocrx_word' id='word_1_84' title='bbox 1859 653 1911 679; x_wconf 87' lang='lat' dir='ltr'>sc.</span> <span class='ocrx_word' id='word_1_85' title='bbox 1934 652 2045 680; x_wconf 86' lang='lat' dir='ltr'>exer-</span> 
     </span>
     <span class='ocr_line' id='line_1_10' title="bbox 256 700 2044 750; baseline -0.001 -11"><span class='ocrx_word' id='word_1_86' title='bbox 256 700 365 739; x_wconf 90' lang='lat' dir='ltr'>cendi</span> <span class='ocrx_word' id='word_1_87' title='bbox 406 700 575 748; x_wconf 86' lang='lat' dir='ltr'>ingenii,</span> <span class='ocrx_word' id='word_1_88' title='bbox 616 702 751 749; x_wconf 90' lang='lat' dir='ltr'>utique</span> <span class='ocrx_word' id='word_1_89' title='bbox 783 705 821 738; x_wconf 91' lang='lat' dir='ltr'>et</span> <span class='ocrx_word' id='word_1_90' title='bbox 852 701 898 739; x_wconf 86' lang='lat' dir='ltr'>de</span> <span class='ocrx_word' id='word_1_91' title='bbox 930 702 1120 739; x_wconf 87' lang='lat' dir='ltr'>sumtibus</span> <span class='ocrx_word' id='word_1_92' title='bbox 1151 702 1373 750; x_wconf 77' lang='lat' dir='ltr'>prospiciet.</span> <span class='ocrx_word' id='word_1_93' title='bbox 1433 701 1622 749; x_wconf 89' lang='lat' dir='ltr'>Adeoque</span> <span class='ocrx_word' id='word_1_94' title='bbox 1654 703 1687 737; x_wconf 91' lang='lat' dir='ltr'>si</span> <span class='ocrx_word' id='word_1_95' title='bbox 1719 700 1804 738; x_wconf 94' lang='lat' dir='ltr'>Deo</span> <span class='ocrx_word' id='word_1_96' title='bbox 1837 711 1952 738; x_wconf 86' lang='lat' dir='ltr'>curae</span> <span class='ocrx_word' id='word_1_97' title='bbox 1985 705 2044 738; x_wconf 91' lang='lat' dir='ltr'>est</span> 
     </span>
     <span class='ocr_line' id='line_1_11' title="bbox 256 757 2045 808; baseline -0.001 -11"><span class='ocrx_word' id='word_1_98' title='bbox 256 760 503 806; x_wconf 81' lang='lat' dir='ltr'>astronomia,</span> <span class='ocrx_word' id='word_1_99' title='bbox 537 759 639 807; x_wconf 88' lang='lat' dir='ltr'>quod</span> <span class='ocrx_word' id='word_1_100' title='bbox 674 758 828 797; x_wconf 90' lang='lat' dir='ltr'>credere</span> <span class='ocrx_word' id='word_1_101' title='bbox 858 760 965 808; x_wconf 89' lang='lat' dir='ltr'>pium</span> <span class='ocrx_word' id='word_1_102' title='bbox 997 764 1065 807; x_wconf 91' lang='lat' dir='ltr'>est,</span> <span class='ocrx_word' id='word_1_103' title='bbox 1096 759 1176 808; x_wconf 85' lang='lat' dir='ltr'>jam</span> <span class='ocrx_word' id='word_1_104' title='bbox 1210 771 1281 808; x_wconf 85' lang='lat' dir='ltr'>ego</span> <span class='ocrx_word' id='word_1_105' title='bbox 1313 770 1438 807; x_wconf 85' lang='lat' dir='ltr'>sper0,</span> <span class='ocrx_word' id='word_1_106' title='bbox 1471 771 1529 797; x_wconf 91' lang='lat' dir='ltr'>me</span> <span class='ocrx_word' id='word_1_107' title='bbox 1561 760 1598 794; x_wconf 92' lang='lat' dir='ltr'>in</span> <span class='ocrx_word' id='word_1_108' title='bbox 1632 770 1678 795; x_wconf 89' lang='lat' dir='ltr'>ea</span> <span class='ocrx_word' id='word_1_109' title='bbox 1699 757 1847 807; x_wconf 86' lang='lat' dir='ltr'>aliquid</span> <span class='ocrx_word' id='word_1_110' title='bbox 1877 759 2045 807; x_wconf 86' lang='lat' dir='ltr'>praesti-</span> 
     </span>
     <span class='ocr_line' id='line_1_12' title="bbox 254 816 2045 867; baseline -0.001 -13"><span class='ocrx_word' id='word_1_111' title='bbox 254 822 393 864; x_wconf 90' lang='lat' dir='ltr'>turum,</span> <span class='ocrx_word' id='word_1_112' title='bbox 426 828 512 854; x_wconf 90' lang='lat' dir='ltr'>cum</span> <span class='ocrx_word' id='word_1_113' title='bbox 546 816 709 864; x_wconf 90' lang='lat' dir='ltr'>videam,</span> <span class='ocrx_word' id='word_1_114' title='bbox 744 828 858 866; x_wconf 83' lang='lat' dir='ltr'>quarn</span> <span class='ocrx_word' id='word_1_115' title='bbox 891 817 1060 855; x_wconf 85' lang='lat' dir='ltr'>fataliter</span> <span class='ocrx_word' id='word_1_116' title='bbox 1091 829 1151 855; x_wconf 90' lang='lat' dir='ltr'>me</span> <span class='ocrx_word' id='word_1_117' title='bbox 1182 817 1358 867; x_wconf 88' lang='lat' dir='ltr'>Tychoni</span> <span class='ocrx_word' id='word_1_118' title='bbox 1390 817 1496 854; x_wconf 89' lang='lat' dir='ltr'>Deus</span> <span class='ocrx_word' id='word_1_119' title='bbox 1528 816 1758 865; x_wconf 86' lang='lat' dir='ltr'>adjunxerit,</span> <span class='ocrx_word' id='word_1_120' title='bbox 1791 827 1860 853; x_wconf 89' lang='lat' dir='ltr'>nec</span> <span class='ocrx_word' id='word_1_121' title='bbox 1891 817 2045 864; x_wconf 85' lang='lat' dir='ltr'>gravis-</span> 
     </span>
     <span class='ocr_line' id='line_1_13' title="bbox 257 874 2045 924; baseline -0.001 -12"><span class='ocrx_word' id='word_1_122' title='bbox 257 875 362 912; x_wconf 86' lang='lat' dir='ltr'>simis</span> <span class='ocrx_word' id='word_1_123' title='bbox 394 875 648 912; x_wconf 87' lang='lat' dir='ltr'>incommodis</span> <span class='ocrx_word' id='word_1_124' title='bbox 681 875 730 912; x_wconf 90' lang='lat' dir='ltr'>ab</span> <span class='ocrx_word' id='word_1_125' title='bbox 764 886 809 913; x_wconf 92' lang='lat' dir='ltr'>eo</span> <span class='ocrx_word' id='word_1_126' title='bbox 843 874 976 913; x_wconf 91' lang='lat' dir='ltr'>divelli</span> <span class='ocrx_word' id='word_1_127' title='bbox 1007 887 1144 924; x_wconf 88' lang='lat' dir='ltr'>passus</span> <span class='ocrx_word' id='word_1_128' title='bbox 1176 876 1236 912; x_wconf 90' lang='lat' dir='ltr'>sit.</span> <span class='ocrx_word' id='word_1_129' title='bbox 1301 874 1410 922; x_wconf 80' lang='lat' dir='ltr'>Quae</span> <span class='ocrx_word' id='word_1_130' title='bbox 1442 874 1576 924; x_wconf 89' lang='lat' dir='ltr'>Tycho</span> <span class='ocrx_word' id='word_1_131' title='bbox 1608 875 1820 923; x_wconf 88' lang='lat' dir='ltr'>praestitit,</span> <span class='ocrx_word' id='word_1_132' title='bbox 1853 878 1942 911; x_wconf 87' lang='lat' dir='ltr'>ante</span> <span class='ocrx_word' id='word_1_133' title='bbox 1973 885 2045 911; x_wconf 88' lang='lat' dir='ltr'>an-</span> 
     </span>
     <span class='ocr_line' id='line_1_14' title="bbox 253 932 2045 983; baseline -0.001 -14"><span class='ocrx_word' id='word_1_134' title='bbox 253 945 344 970; x_wconf 91' lang='lat' dir='ltr'>num</span> <span class='ocrx_word' id='word_1_135' title='bbox 378 936 444 973; x_wconf 83' lang='lat'>97.</span> <span class='ocrx_word' id='word_1_136' title='bbox 475 934 676 983; x_wconf 85' lang='lat' dir='ltr'>praestitit,</span> <span class='ocrx_word' id='word_1_137' title='bbox 710 933 759 970; x_wconf 88' lang='lat' dir='ltr'>ab</span> <span class='ocrx_word' id='word_1_138' title='bbox 781 944 826 971; x_wconf 91' lang='lat' dir='ltr'>eo</span> <span class='ocrx_word' id='word_1_139' title='bbox 859 937 1030 983; x_wconf 90' lang='lat' dir='ltr'>tempore</span> <span class='ocrx_word' id='word_1_140' title='bbox 1062 945 1121 971; x_wconf 90' lang='lat' dir='ltr'>res</span> <span class='ocrx_word' id='word_1_141' title='bbox 1154 932 1236 981; x_wconf 84' lang='lat' dir='ltr'>ejus</span> <span class='ocrx_word' id='word_1_142' title='bbox 1268 933 1305 968; x_wconf 89' lang='lat' dir='ltr'>in</span> <span class='ocrx_word' id='word_1_143' title='bbox 1338 933 1449 981; x_wconf 86' lang='lat' dir='ltr'>pejus</span> <span class='ocrx_word' id='word_1_144' title='bbox 1470 944 1589 979; x_wconf 88' lang='lat' dir='ltr'>ruere,</span> <span class='ocrx_word' id='word_1_145' title='bbox 1623 934 1703 981; x_wconf 90' lang='lat' dir='ltr'>ipse</span> <span class='ocrx_word' id='word_1_146' title='bbox 1736 933 1835 969; x_wconf 85' lang='lat' dir='ltr'>curis</span> <span class='ocrx_word' id='word_1_147' title='bbox 1865 933 2045 969; x_wconf 87' lang='lat' dir='ltr'>immani-</span> 
     </span>
     <span class='ocr_line' id='line_1_15' title="bbox 255 989 2045 1041; baseline -0.001 -13"><span class='ocrx_word' id='word_1_148' title='bbox 255 992 327 1028; x_wconf 88' lang='lat' dir='ltr'>bus</span> <span class='ocrx_word' id='word_1_149' title='bbox 351 990 534 1037; x_wconf 87' lang='lat' dir='ltr'>distineri,</span> <span class='ocrx_word' id='word_1_150' title='bbox 567 1002 808 1040; x_wconf 81' lang='lat' dir='ltr'>puerascere.</span> <span class='ocrx_word' id='word_1_151' title='bbox 848 990 982 1029; x_wconf 86' lang='lat' dir='ltr'>Patria</span> <span class='ocrx_word' id='word_1_152' title='bbox 1014 991 1293 1029; x_wconf 79' lang='lat' dir='ltr'>inconsiderate</span> <span class='ocrx_word' id='word_1_153' title='bbox 1328 990 1479 1028; x_wconf 89' lang='lat' dir='ltr'>deserta</span> <span class='ocrx_word' id='word_1_154' title='bbox 1509 992 1635 1041; x_wconf 86' lang='lat' dir='ltr'>ipsum</span> <span class='ocrx_word' id='word_1_155' title='bbox 1659 990 1806 1038; x_wconf 82' lang='lat' dir='ltr'>afflixit,</span> <span class='ocrx_word' id='word_1_156' title='bbox 1839 990 1928 1027; x_wconf 86' lang='lat' dir='ltr'>aula</span> <span class='ocrx_word' id='word_1_157' title='bbox 1949 989 2045 1027; x_wconf 86' lang='lat' dir='ltr'>haec</span> 
     </span>
     <span class='ocr_line' id='line_1_16' title="bbox 253 1048 2043 1098; baseline -0.002 -12"><span class='ocrx_word' id='word_1_158' title='bbox 253 1049 368 1098; x_wconf 88' lang='lat' dir='ltr'>plane</span> <span class='ocrx_word' id='word_1_159' title='bbox 400 1048 577 1098; x_wconf 89' lang='lat' dir='ltr'>perdidit.</span> <span class='ocrx_word' id='word_1_160' title='bbox 637 1049 724 1087; x_wconf 90' lang='lat' dir='ltr'>Non</span> <span class='ocrx_word' id='word_1_161' title='bbox 757 1050 855 1087; x_wconf 91' lang='lat' dir='ltr'>enim</span> <span class='ocrx_word' id='word_1_162' title='bbox 889 1054 970 1087; x_wconf 88' lang='lat' dir='ltr'>erat</span> <span class='ocrx_word' id='word_1_163' title='bbox 1001 1051 1051 1097; x_wconf 90' lang='lat' dir='ltr'>is,</span> <span class='ocrx_word' id='word_1_164' title='bbox 1084 1050 1151 1097; x_wconf 88' lang='lat' dir='ltr'>qui</span> <span class='ocrx_word' id='word_1_165' title='bbox 1183 1061 1269 1087; x_wconf 89' lang='lat' dir='ltr'>cum</span> <span class='ocrx_word' id='word_1_166' title='bbox 1301 1060 1498 1097; x_wconf 86' lang='lat' dir='ltr'>quoquam</span> <span class='ocrx_word' id='word_1_167' title='bbox 1529 1050 1661 1086; x_wconf 89' lang='lat' dir='ltr'>vivere</span> <span class='ocrx_word' id='word_1_168' title='bbox 1693 1049 1774 1085; x_wconf 91' lang='lat' dir='ltr'>sine</span> <span class='ocrx_word' id='word_1_169' title='bbox 1806 1049 2043 1096; x_wconf 85' lang='lat' dir='ltr'>gravissimis</span> 
     </span>
     <span class='ocr_line' id='line_1_17' title="bbox 255 1106 2045 1157; baseline -0.001 -13"><span class='ocrx_word' id='word_1_170' title='bbox 255 1107 532 1144; x_wconf 88' lang='lat' dir='ltr'>offensionibus</span> <span class='ocrx_word' id='word_1_171' title='bbox 565 1112 717 1157; x_wconf 91' lang='lat' dir='ltr'>posset,</span> <span class='ocrx_word' id='word_1_172' title='bbox 759 1107 901 1144; x_wconf 90' lang='lat' dir='ltr'>nedum</span> <span class='ocrx_word' id='word_1_173' title='bbox 943 1119 1029 1145; x_wconf 88' lang='lat' dir='ltr'>cum</span> <span class='ocrx_word' id='word_1_174' title='bbox 1060 1112 1190 1145; x_wconf 84' lang='lat' dir='ltr'>tantae</span> <span class='ocrx_word' id='word_1_175' title='bbox 1223 1106 1487 1156; x_wconf 84' lang='lat' dir='ltr'>amplitudinis</span> <span class='ocrx_word' id='word_1_176' title='bbox 1523 1107 1630 1154; x_wconf 91' lang='lat' dir='ltr'>viris,</span> <span class='ocrx_word' id='word_1_177' title='bbox 1671 1107 1731 1144; x_wconf 90' lang='lat' dir='ltr'>sui</span> <span class='ocrx_word' id='word_1_178' title='bbox 1761 1106 1836 1143; x_wconf 91' lang='lat' dir='ltr'>sibi</span> <span class='ocrx_word' id='word_1_179' title='bbox 1868 1107 2045 1153; x_wconf 89' lang='lat' dir='ltr'>consciis,</span> 
     </span>
     <span class='ocr_line' id='line_1_18' title="bbox 253 1166 1030 1214; baseline 0.001 -12"><span class='ocrx_word' id='word_1_180' title='bbox 253 1176 386 1214; x_wconf 86' lang='lat' dir='ltr'>regum</span> <span class='ocrx_word' id='word_1_181' title='bbox 419 1169 456 1202; x_wconf 92' lang='lat' dir='ltr'>et</span> <span class='ocrx_word' id='word_1_182' title='bbox 486 1166 701 1214; x_wconf 86' lang='lat' dir='ltr'>principum</span> <span class='ocrx_word' id='word_1_183' title='bbox 732 1166 885 1203; x_wconf 88' lang='lat' dir='ltr'>arbitris</span> <span class='ocrx_word' id='word_1_184' title='bbox 890 1193 1030 1206; x_wconf 79' lang='grc'><strong>.....</strong></span> 
     </span>
    </p>

    <p class='ocr_par' dir='ltr' id='par_1_3' title="bbox 252 1222 2052 1970">
     <span class='ocr_line' id='line_1_19' title="bbox 392 1222 2049 1273; baseline 0 -14"><span class='ocrx_word' id='word_1_185' title='bbox 392 1222 496 1260; x_wconf 92' lang='lat' dir='ltr'>Dum</span> <span class='ocrx_word' id='word_1_186' title='bbox 528 1225 626 1260; x_wconf 82' lang='lat' dir='ltr'>vixit</span> <span class='ocrx_word' id='word_1_187' title='bbox 657 1223 793 1273; x_wconf 88' lang='lat' dir='ltr'>Tycho</span> <span class='ocrx_word' id='word_1_188' title='bbox 826 1223 922 1260; x_wconf 89' lang='lat' dir='ltr'>haec</span> <span class='ocrx_word' id='word_1_189' title='bbox 953 1223 1146 1273; x_wconf 88' lang='lat' dir='ltr'>praestiti:</span> <span class='ocrx_word' id='word_1_190' title='bbox 1187 1222 1394 1260; x_wconf 86' lang='lat' dir='ltr'>Theoriam</span> <span class='ocrx_word' id='word_1_191' title='bbox 1427 1222 1564 1259; x_wconf 88' lang='lat' dir='ltr'>Martis</span> <span class='ocrx_word' id='word_1_192' title='bbox 1608 1223 1798 1268; x_wconf 80' lang='lat' dir='ltr'>exstruxi,</span> <span class='ocrx_word' id='word_1_193' title='bbox 1842 1225 1884 1258; x_wconf 89' lang='lat' dir='ltr'>ut</span> <span class='ocrx_word' id='word_1_194' title='bbox 1914 1233 2049 1259; x_wconf 90' lang='lat' dir='ltr'>sensus</span> 
     </span>
     <span class='ocr_line' id='line_1_20' title="bbox 254 1279 2049 1330; baseline -0.001 -12"><span class='ocrx_word' id='word_1_195' title='bbox 254 1279 508 1318; x_wconf 84' lang='lat' dir='ltr'>subtilitatem</span> <span class='ocrx_word' id='word_1_196' title='bbox 541 1281 654 1319; x_wconf 88' lang='lat' dir='ltr'>facile</span> <span class='ocrx_word' id='word_1_197' title='bbox 687 1280 976 1330; x_wconf 89' lang='lat' dir='ltr'>adacquaturus</span> <span class='ocrx_word' id='word_1_198' title='bbox 1008 1282 1058 1318; x_wconf 92' lang='lat' dir='ltr'>sit</span> <span class='ocrx_word' id='word_1_199' title='bbox 1089 1280 1260 1318; x_wconf 88' lang='lat' dir='ltr'>calculus</span> <span class='ocrx_word' id='word_1_200' title='bbox 1265 1308 1402 1320; x_wconf 85' lang='grc'><strong>.....</strong></span> <span class='ocrx_word' id='word_1_201' title='bbox 1455 1279 1750 1329; x_wconf 79' lang='lat' dir='ltr'>Simplicissima</span> <span class='ocrx_word' id='word_1_202' title='bbox 1780 1279 1833 1327; x_wconf 91' lang='lat' dir='ltr'>fit,</span> <span class='ocrx_word' id='word_1_203' title='bbox 1868 1285 2049 1317; x_wconf 83' lang='lat' dir='ltr'>constans</span> 
     </span>
     <span class='ocr_line' id='line_1_21' title="bbox 255 1337 2050 1388; baseline -0.001 -12"><span class='ocrx_word' id='word_1_204' title='bbox 255 1339 367 1376; x_wconf 89' lang='lat' dir='ltr'>unico</span> <span class='ocrx_word' id='word_1_205' title='bbox 408 1338 549 1377; x_wconf 89' lang='lat' dir='ltr'>circulo</span> <span class='ocrx_word' id='word_1_206' title='bbox 592 1340 631 1375; x_wconf 92' lang='lat' dir='ltr'>in</span> <span class='ocrx_word' id='word_1_207' title='bbox 662 1339 842 1388; x_wconf 88' lang='lat' dir='ltr'>periodos</span> <span class='ocrx_word' id='word_1_208' title='bbox 884 1339 1071 1387; x_wconf 81' lang='lat' dir='ltr'>singulas.</span> <span class='ocrx_word' id='word_1_209' title='bbox 1133 1338 1301 1376; x_wconf 83' lang='lat' dir='ltr'>Theoria</span> <span class='ocrx_word' id='word_1_210' title='bbox 1333 1337 1434 1375; x_wconf 83' lang='lat' dir='ltr'>Solis</span> <span class='ocrx_word' id='word_1_211' title='bbox 1474 1339 1537 1375; x_wconf 91' lang='lat' dir='ltr'>vel</span> <span class='ocrx_word' id='word_1_212' title='bbox 1569 1338 1710 1375; x_wconf 85' lang='lat' dir='ltr'>Terrae</span> <span class='ocrx_word' id='word_1_213' title='bbox 1750 1339 1821 1387; x_wconf 90' lang='lat' dir='ltr'>ipsi</span> <span class='ocrx_word' id='word_1_214' title='bbox 1861 1337 1975 1387; x_wconf 90' lang='lat' dir='ltr'>plane</span> <span class='ocrx_word' id='word_1_215' title='bbox 2008 1337 2050 1374; x_wconf 85' lang='lat' dir='ltr'>fit</span> 
     </span>
     <span class='ocr_line' id='line_1_22' title="bbox 253 1395 2049 1447; baseline -0.001 -13"><span class='ocrx_word' id='word_1_216' title='bbox 253 1396 403 1437; x_wconf 75' lang='lat' dir='ltr'>similis.</span> <span class='ocrx_word' id='word_1_217' title='bbox 456 1396 551 1434; x_wconf 89' lang='lat' dir='ltr'>Cum</span> <span class='ocrx_word' id='word_1_218' title='bbox 582 1398 621 1434; x_wconf 89' lang='lat' dir='ltr'>in</span> <span class='ocrx_word' id='word_1_219' title='bbox 654 1397 806 1434; x_wconf 88' lang='lat' dir='ltr'>duobus</span> <span class='ocrx_word' id='word_1_220' title='bbox 839 1398 1004 1447; x_wconf 83' lang='lat' dir='ltr'>planetis</span> <span class='ocrx_word' id='word_1_221' title='bbox 1036 1398 1263 1434; x_wconf 86' lang='lat' dir='ltr'>successerit</span> <span class='ocrx_word' id='word_1_222' title='bbox 1285 1409 1331 1434; x_wconf 86' lang='lat' dir='ltr'>ex</span> <span class='ocrx_word' id='word_1_223' title='bbox 1351 1397 1465 1433; x_wconf 87' lang='lat' dir='ltr'>meris</span> <span class='ocrx_word' id='word_1_224' title='bbox 1489 1396 1838 1442; x_wconf 86' lang='lat' dir='ltr'>observationibus,</span> <span class='ocrx_word' id='word_1_225' title='bbox 1871 1395 2049 1433; x_wconf 89' lang='lat' dir='ltr'>median-</span> 
     </span>
     <span class='ocr_line' id='line_1_23' title="bbox 253 1453 2050 1505; baseline 0 -14"><span class='ocrx_word' id='word_1_226' title='bbox 253 1454 356 1492; x_wconf 91' lang='lat' dir='ltr'>tibus</span> <span class='ocrx_word' id='word_1_227' title='bbox 389 1454 798 1503; x_wconf 85' lang='lat' dir='ltr'>demonstrationibus,</span> <span class='ocrx_word' id='word_1_228' title='bbox 834 1456 915 1504; x_wconf 86' lang='lat' dir='ltr'>jam</span> <span class='ocrx_word' id='word_1_229' title='bbox 947 1467 1015 1505; x_wconf 93' lang='lat' dir='ltr'>spe</span> <span class='ocrx_word' id='word_1_230' title='bbox 1049 1455 1235 1492; x_wconf 87' lang='lat' dir='ltr'>devoravi</span> <span class='ocrx_word' id='word_1_231' title='bbox 1266 1454 1442 1504; x_wconf 82' lang='lat' dir='ltr'>planetas</span> <span class='ocrx_word' id='word_1_232' title='bbox 1487 1458 1632 1492; x_wconf 90' lang='lat' dir='ltr'>ceteros</span> <span class='ocrx_word' id='word_1_233' title='bbox 1665 1458 1847 1492; x_wconf 88' lang='lat' dir='ltr'>venturos</span> <span class='ocrx_word' id='word_1_234' title='bbox 1878 1453 1929 1491; x_wconf 88' lang='lat' dir='ltr'>ad</span> <span class='ocrx_word' id='word_1_235' title='bbox 1961 1465 2050 1492; x_wconf 86' lang='lat' dir='ltr'>eas-</span> 
     </span>
     <span class='ocr_line' id='line_1_24' title="bbox 255 1511 2051 1563; baseline 0 -14"><span class='ocrx_word' id='word_1_236' title='bbox 255 1511 340 1550; x_wconf 89' lang='lat' dir='ltr'>dem</span> <span class='ocrx_word' id='word_1_237' title='bbox 371 1512 491 1561; x_wconf 78' lang='lat' dir='ltr'>leges.</span> <span class='ocrx_word' id='word_1_238' title='bbox 553 1513 598 1550; x_wconf 91' lang='lat' dir='ltr'>In</span> <span class='ocrx_word' id='word_1_239' title='bbox 629 1513 764 1551; x_wconf 87' lang='lat' dir='ltr'>Lunae</span> <span class='ocrx_word' id='word_1_240' title='bbox 797 1513 1006 1563; x_wconf 87' lang='lat' dir='ltr'>hypothesi</span> <span class='ocrx_word' id='word_1_241' title='bbox 1039 1524 1225 1562; x_wconf 86' lang='lat' dir='ltr'>perquam</span> <span class='ocrx_word' id='word_1_242' title='bbox 1259 1512 1399 1550; x_wconf 89' lang='lat' dir='ltr'>dubius</span> <span class='ocrx_word' id='word_1_243' title='bbox 1430 1524 1527 1560; x_wconf 87' lang='lat' dir='ltr'>sum,</span> <span class='ocrx_word' id='word_1_244' title='bbox 1562 1524 1647 1549; x_wconf 88' lang='lat' dir='ltr'>eum</span> <span class='ocrx_word' id='word_1_245' title='bbox 1680 1513 1779 1549; x_wconf 89' lang='lat' dir='ltr'>enim</span> <span class='ocrx_word' id='word_1_246' title='bbox 1814 1513 1851 1548; x_wconf 91' lang='lat' dir='ltr'>in</span> <span class='ocrx_word' id='word_1_247' title='bbox 1872 1511 1991 1550; x_wconf 85' lang='lat' dir='ltr'>Terra</span> <span class='ocrx_word' id='word_1_248' title='bbox 2013 1516 2051 1549; x_wconf 89' lang='lat' dir='ltr'>et</span> 
     </span>
     <span class='ocr_line' id='line_1_25' title="bbox 252 1569 2050 1620; baseline -0.001 -13"><span class='ocrx_word' id='word_1_249' title='bbox 252 1569 378 1608; x_wconf 87' lang='lat' dir='ltr'>Marte</span> <span class='ocrx_word' id='word_1_250' title='bbox 411 1575 578 1618; x_wconf 88' lang='lat' dir='ltr'>constet,</span> <span class='ocrx_word' id='word_1_251' title='bbox 623 1571 804 1609; x_wconf 86' lang='lat' dir='ltr'>dimidiae</span> <span class='ocrx_word' id='word_1_252' title='bbox 837 1573 1082 1620; x_wconf 85' lang='lat' dir='ltr'>aequationis</span> <span class='ocrx_word' id='word_1_253' title='bbox 1115 1572 1307 1608; x_wconf 81' lang='lat' dir='ltr'>maximae</span> <span class='ocrx_word' id='word_1_254' title='bbox 1340 1573 1466 1607; x_wconf 90' lang='lat' dir='ltr'>sinum</span> <span class='ocrx_word' id='word_1_255' title='bbox 1499 1582 1583 1609; x_wconf 87' lang='lat' dir='ltr'>esse</span> <span class='ocrx_word' id='word_1_256' title='bbox 1615 1569 1794 1620; x_wconf 82' lang='lat' dir='ltr'>planetae</span> <span class='ocrx_word' id='word_1_257' title='bbox 1827 1571 2050 1608; x_wconf 90' lang='lat' dir='ltr'>eccentrici-</span> 
     </span>
     <span class='ocr_line' id='line_1_26' title="bbox 254 1627 2050 1678; baseline -0.001 -12"><span class='ocrx_word' id='word_1_258' title='bbox 254 1633 384 1676; x_wconf 87' lang='lat' dir='ltr'>tatem‚</span> <span class='ocrx_word' id='word_1_259' title='bbox 418 1629 530 1667; x_wconf 87' lang='lat' dir='ltr'>credo</span> <span class='ocrx_word' id='word_1_260' title='bbox 563 1629 665 1667; x_wconf 89' lang='lat' dir='ltr'>idem</span> <span class='ocrx_word' id='word_1_261' title='bbox 697 1634 734 1667; x_wconf 89' lang='lat' dir='ltr'>et</span> <span class='ocrx_word' id='word_1_262' title='bbox 767 1629 812 1667; x_wconf 90' lang='lat' dir='ltr'>de</span> <span class='ocrx_word' id='word_1_263' title='bbox 834 1629 959 1667; x_wconf 78' lang='lat' dir='ltr'>Luna.</span> <span class='ocrx_word' id='word_1_264' title='bbox 1003 1629 1080 1667; x_wconf 84' lang='lat' dir='ltr'>Sed</span> <span class='ocrx_word' id='word_1_265' title='bbox 1111 1640 1268 1666; x_wconf 86' lang='lat' dir='ltr'>causam</span> <span class='ocrx_word' id='word_1_266' title='bbox 1301 1628 1499 1678; x_wconf 81' lang='lat' dir='ltr'>physicam</span> <span class='ocrx_word' id='word_1_267' title='bbox 1532 1630 1663 1666; x_wconf 89' lang='lat' dir='ltr'>nescio</span> <span class='ocrx_word' id='word_1_268' title='bbox 1695 1627 1889 1676; x_wconf 90' lang='lat' dir='ltr'>quomodo</span> <span class='ocrx_word' id='word_1_269' title='bbox 1922 1627 2050 1677; x_wconf 86' lang='lat' dir='ltr'>appli-</span> 
     </span>
     <span class='ocr_line' id='line_1_27' title="bbox 255 1686 2050 1737; baseline -0.002 -12"><span class='ocrx_word' id='word_1_270' title='bbox 255 1698 348 1726; x_wconf 80' lang='lat' dir='ltr'>cem.</span> <span class='ocrx_word' id='word_1_271' title='bbox 410 1687 471 1725; x_wconf 91' lang='lat' dir='ltr'>De</span> <span class='ocrx_word' id='word_1_272' title='bbox 503 1687 732 1736; x_wconf 85' lang='lat' dir='ltr'>obliquitate</span> <span class='ocrx_word' id='word_1_273' title='bbox 771 1688 971 1737; x_wconf 85' lang='lat' dir='ltr'>eclipticae</span> <span class='ocrx_word' id='word_1_274' title='bbox 1008 1687 1133 1725; x_wconf 88' lang='lat' dir='ltr'>scribe</span> <span class='ocrx_word' id='word_1_275' title='bbox 1166 1687 1258 1736; x_wconf 88' lang='lat' dir='ltr'>quid</span> <span class='ocrx_word' id='word_1_276' title='bbox 1295 1688 1458 1733; x_wconf 88' lang='lat' dir='ltr'>sentias,</span> <span class='ocrx_word' id='word_1_277' title='bbox 1502 1691 1539 1724; x_wconf 90' lang='lat' dir='ltr'>et</span> <span class='ocrx_word' id='word_1_278' title='bbox 1571 1690 1666 1735; x_wconf 92' lang='lat' dir='ltr'>quot</span> <span class='ocrx_word' id='word_1_279' title='bbox 1698 1686 1861 1736; x_wconf 88' lang='lat' dir='ltr'>eclipses</span> <span class='ocrx_word' id='word_1_280' title='bbox 1893 1686 1956 1724; x_wconf 90' lang='lat' dir='ltr'>vel</span> <span class='ocrx_word' id='word_1_281' title='bbox 1988 1687 2050 1722; x_wconf 92' lang='lat' dir='ltr'>in-</span> 
     </span>
     <span class='ocr_line' id='line_1_28' title="bbox 255 1743 2052 1795; baseline -0.001 -13"><span class='ocrx_word' id='word_1_282' title='bbox 255 1746 406 1782; x_wconf 88' lang='lat' dir='ltr'>veneris</span> <span class='ocrx_word' id='word_1_283' title='bbox 438 1746 475 1781; x_wconf 92' lang='lat' dir='ltr'>in</span> <span class='ocrx_word' id='word_1_284' title='bbox 508 1746 704 1784; x_wconf 86' lang='lat' dir='ltr'>veteribus</span> <span class='ocrx_word' id='word_1_285' title='bbox 737 1746 800 1784; x_wconf 89' lang='lat' dir='ltr'>vel</span> <span class='ocrx_word' id='word_1_286' title='bbox 833 1746 1131 1795; x_wconf 86' lang='lat' dir='ltr'>computaveris.</span> <span class='ocrx_word' id='word_1_287' title='bbox 1194 1744 1426 1794; x_wconf 80' lang='lat' dir='ltr'>Catalogum</span> <span class='ocrx_word' id='word_1_288' title='bbox 1456 1743 1570 1782; x_wconf 89' lang='lat' dir='ltr'>modo</span> <span class='ocrx_word' id='word_1_289' title='bbox 1604 1744 1791 1791; x_wconf 90' lang='lat' dir='ltr'>desidero,</span> <span class='ocrx_word' id='word_1_290' title='bbox 1825 1744 1904 1781; x_wconf 90' lang='lat' dir='ltr'>seio</span> <span class='ocrx_word' id='word_1_291' title='bbox 1935 1744 2052 1781; x_wconf 86' lang='lat' dir='ltr'>labo-</span> 
     </span>
     <span class='ocr_line' id='line_1_29' title="bbox 253 1802 2050 1852; baseline -0.001 -13"><span class='ocrx_word' id='word_1_292' title='bbox 253 1803 396 1841; x_wconf 89' lang='lat' dir='ltr'>riosum</span> <span class='ocrx_word' id='word_1_293' title='bbox 429 1815 524 1851; x_wconf 89' lang='lat' dir='ltr'>esse,</span> <span class='ocrx_word' id='word_1_294' title='bbox 559 1803 774 1842; x_wconf 87' lang='lat' dir='ltr'>describere</span> <span class='ocrx_word' id='word_1_295' title='bbox 807 1804 998 1842; x_wconf 84' lang='lat' dir='ltr'>calculum</span> <span class='ocrx_word' id='word_1_296' title='bbox 1004 1831 1146 1844; x_wconf 78' lang='grc'><strong>.....</strong></span> <span class='ocrx_word' id='word_1_297' title='bbox 1207 1802 1323 1840; x_wconf 86' lang='lat' dir='ltr'>Mitto</span> <span class='ocrx_word' id='word_1_298' title='bbox 1369 1803 1605 1852; x_wconf 80' lang='lat' dir='ltr'>exemplaria</span> <span class='ocrx_word' id='word_1_299' title='bbox 1643 1803 1826 1840; x_wconf 88' lang='lat' dir='ltr'>orationis</span> <span class='ocrx_word' id='word_1_300' title='bbox 1867 1802 2050 1848; x_wconf 90' lang='lat' dir='ltr'>funebris,</span> 
     </span>
     <span class='ocr_line' id='line_1_30' title="bbox 254 1859 2047 1910; baseline -0.001 -12"><span class='ocrx_word' id='word_1_301' title='bbox 254 1862 321 1898; x_wconf 90' lang='lat' dir='ltr'>ubi</span> <span class='ocrx_word' id='word_1_302' title='bbox 347 1872 474 1899; x_wconf 91' lang='lat' dir='ltr'>meum</span> <span class='ocrx_word' id='word_1_303' title='bbox 507 1874 659 1900; x_wconf 89' lang='lat' dir='ltr'>carmen</span> <span class='ocrx_word' id='word_1_304' title='bbox 691 1867 761 1900; x_wconf 81' lang='lat' dir='ltr'>est.</span> <span class='ocrx_word' id='word_1_305' title='bbox 824 1863 959 1899; x_wconf 85' lang='lat' dir='ltr'>Errata</span> <span class='ocrx_word' id='word_1_306' title='bbox 1000 1867 1089 1899; x_wconf 89' lang='lat' dir='ltr'>sunt</span> <span class='ocrx_word' id='word_1_307' title='bbox 1120 1861 1253 1910; x_wconf 85' lang='lat' dir='ltr'>aliqua</span> <span class='ocrx_word' id='word_1_308' title='bbox 1283 1865 1320 1899; x_wconf 90' lang='lat' dir='ltr'>et</span> <span class='ocrx_word' id='word_1_309' title='bbox 1351 1862 1389 1897; x_wconf 88' lang='lat' dir='ltr'>in</span> <span class='ocrx_word' id='word_1_310' title='bbox 1428 1862 1582 1899; x_wconf 90' lang='lat' dir='ltr'>nomine</span> <span class='ocrx_word' id='word_1_311' title='bbox 1612 1872 1698 1899; x_wconf 90' lang='lat' dir='ltr'>meo</span> <span class='ocrx_word' id='word_1_312' title='bbox 1739 1872 1783 1898; x_wconf 87' lang='lat' dir='ltr'>ex</span> <span class='ocrx_word' id='word_1_313' title='bbox 1812 1861 1961 1898; x_wconf 87' lang='lat' dir='ltr'>incuria</span> <span class='ocrx_word' id='word_1_314' title='bbox 1991 1859 2047 1897; x_wconf 84' lang='lat' dir='ltr'>M.</span> 
     </span>
     <span class='ocr_line' id='line_1_31' title="bbox 257 1919 1541 1970; baseline 0 -13"><span class='ocrx_word' id='word_1_315' title='bbox 257 1923 314 1957; x_wconf 86' lang='lat' dir='ltr'>est</span> <span class='ocrx_word' id='word_1_316' title='bbox 346 1921 541 1968; x_wconf 88' lang='lat' dir='ltr'>omissum,</span> <span class='ocrx_word' id='word_1_317' title='bbox 575 1933 624 1959; x_wconf 93' lang='lat' dir='ltr'>ne</span> <span class='ocrx_word' id='word_1_318' title='bbox 656 1920 694 1957; x_wconf 87' lang='lat' dir='ltr'>id</span> <span class='ocrx_word' id='word_1_319' title='bbox 725 1921 870 1970; x_wconf 88' lang='lat' dir='ltr'>putetis</span> <span class='ocrx_word' id='word_1_320' title='bbox 903 1920 1032 1958; x_wconf 91' lang='lat' dir='ltr'>studio</span> <span class='ocrx_word' id='word_1_321' title='bbox 1066 1925 1103 1958; x_wconf 90' lang='lat' dir='ltr'>et</span> <span class='ocrx_word' id='word_1_322' title='bbox 1135 1920 1357 1957; x_wconf 84' lang='lat' dir='ltr'>contemtim</span> <span class='ocrx_word' id='word_1_323' title='bbox 1386 1919 1541 1957; x_wconf 59' lang='lat' dir='ltr'>sactum,</span> 
     </span>
    </p>

    <p class='ocr_par' dir='ltr' id='par_1_4' title="bbox 251 1975 2053 2491">
     <span class='ocr_line' id='line_1_32' title="bbox 392 1975 2050 2027; baseline -0.001 -13"><span class='ocrx_word' id='word_1_324' title='bbox 392 1980 447 2014; x_wconf 90' lang='lat' dir='ltr'>Ad</span> <span class='ocrx_word' id='word_1_325' title='bbox 473 1980 699 2025; x_wconf 82' lang='lat' dir='ltr'>Maginum</span> <span class='ocrx_word' id='word_1_326' title='bbox 726 1990 849 2015; x_wconf 85' lang='lat' dir='ltr'>mense</span> <span class='ocrx_word' id='word_1_327' title='bbox 875 1980 983 2015; x_wconf 82' lang='lat' dir='ltr'>Junio</span> <span class='ocrx_word' id='word_1_328' title='bbox 1018 1980 1160 2024; x_wconf 87' lang='lat' dir='ltr'>scripsit</span> <span class='ocrx_word' id='word_1_329' title='bbox 1185 1979 1381 2024; x_wconf 83' lang='lat' dir='ltr'>Keplerus:</span> <span class='ocrx_word' id='word_1_330' title='bbox 1411 1977 1544 2027; x_wconf 81' lang='lat' dir='ltr'>Tyeho</span> <span class='ocrx_word' id='word_1_331' title='bbox 1566 1980 1608 2014; x_wconf 83' lang='lat' dir='ltr'>ut</span> <span class='ocrx_word' id='word_1_332' title='bbox 1629 1977 1666 2012; x_wconf 85' lang='lat' dir='ltr'>in</span> <span class='ocrx_word' id='word_1_333' title='bbox 1684 1975 1911 2014; x_wconf 85' lang='lat' dir='ltr'>Bohemiam</span> <span class='ocrx_word' id='word_1_334' title='bbox 1933 1976 2050 2023; x_wconf 81' lang='lat' dir='ltr'>venit,</span> 
     </span>
     <span class='ocr_line' id='line_1_33' title="bbox 254 2033 2052 2085; baseline -0.001 -12"><span class='ocrx_word' id='word_1_335' title='bbox 254 2047 315 2073; x_wconf 90' lang='lat' dir='ltr'>me</span> <span class='ocrx_word' id='word_1_336' title='bbox 347 2034 396 2072; x_wconf 86' lang='lat' dir='ltr'>ad</span> <span class='ocrx_word' id='word_1_337' title='bbox 428 2047 513 2074; x_wconf 83' lang='lat' dir='ltr'>sese</span> <span class='ocrx_word' id='word_1_338' title='bbox 545 2048 695 2085; x_wconf 87' lang='lat' dir='ltr'>suaque</span> <span class='ocrx_word' id='word_1_339' title='bbox 728 2035 857 2073; x_wconf 85' lang='lat' dir='ltr'>studia</span> <span class='ocrx_word' id='word_1_340' title='bbox 889 2035 1052 2073; x_wconf 86' lang='lat' dir='ltr'>visenda</span> <span class='ocrx_word' id='word_1_341' title='bbox 1083 2037 1281 2073; x_wconf 88' lang='lat' dir='ltr'>invitavit:</span> <span class='ocrx_word' id='word_1_342' title='bbox 1325 2037 1395 2074; x_wconf 91' lang='lat' dir='ltr'>iter</span> <span class='ocrx_word' id='word_1_343' title='bbox 1426 2037 1589 2084; x_wconf 90' lang='lat' dir='ltr'>suscepi,</span> <span class='ocrx_word' id='word_1_344' title='bbox 1624 2034 1722 2081; x_wconf 91' lang='lat' dir='ltr'>vidi,</span> <span class='ocrx_word' id='word_1_345' title='bbox 1764 2035 1947 2084; x_wconf 85' lang='lat' dir='ltr'>probavi,</span> <span class='ocrx_word' id='word_1_346' title='bbox 1979 2033 2052 2071; x_wconf 88' lang='lat' dir='ltr'>ad—</span> 
     </span>
     <span class='ocr_line' id='line_1_34' title="bbox 254 2092 2050 2143; baseline -0.001 -12"><span class='ocrx_word' id='word_1_347' title='bbox 254 2095 414 2131; x_wconf 83' lang='lat' dir='ltr'>miratus</span> <span class='ocrx_word' id='word_1_348' title='bbox 446 2106 550 2141; x_wconf 91' lang='lat' dir='ltr'>sum,</span> <span class='ocrx_word' id='word_1_349' title='bbox 593 2095 818 2142; x_wconf 87' lang='lat' dir='ltr'>concupivi,</span> <span class='ocrx_word' id='word_1_350' title='bbox 863 2093 972 2131; x_wconf 87' lang='lat' dir='ltr'>haesi</span> <span class='ocrx_word' id='word_1_351' title='bbox 1004 2094 1182 2142; x_wconf 87' lang='lat' dir='ltr'>denique.</span> <span class='ocrx_word' id='word_1_352' title='bbox 1245 2093 1372 2131; x_wconf 90' lang='lat' dir='ltr'>Movit</span> <span class='ocrx_word' id='word_1_353' title='bbox 1403 2105 1463 2131; x_wconf 88' lang='lat' dir='ltr'>me</span> <span class='ocrx_word' id='word_1_354' title='bbox 1493 2093 1735 2143; x_wconf 89' lang='lat' dir='ltr'>potissimum</span> <span class='ocrx_word' id='word_1_355' title='bbox 1769 2092 1894 2141; x_wconf 92' lang='lat' dir='ltr'>quod,</span> <span class='ocrx_word' id='word_1_356' title='bbox 1934 2103 2050 2140; x_wconf 88' lang='lat' dir='ltr'>quam</span> 
     </span>
     <span class='ocr_line' id='line_1_35' title="bbox 251 2150 2053 2201; baseline -0.001 -11"><span class='ocrx_word' id='word_1_357' title='bbox 251 2152 333 2201; x_wconf 85' lang='lat' dir='ltr'>jam</span> <span class='ocrx_word' id='word_1_358' title='bbox 366 2150 431 2188; x_wconf 92' lang='lat' dir='ltr'>diu</span> <span class='ocrx_word' id='word_1_359' title='bbox 462 2152 636 2200; x_wconf 88' lang='lat' dir='ltr'>meditor,</span> <span class='ocrx_word' id='word_1_360' title='bbox 669 2153 947 2190; x_wconf 71' lang='lat' dir='ltr'>Harmoniam</span> <span class='ocrx_word' id='word_1_361' title='bbox 979 2151 1127 2189; x_wconf 74' lang='lat' dir='ltr'>Mundi</span> <span class='ocrx_word' id='word_1_362' title='bbox 1158 2151 1349 2201; x_wconf 89' lang='lat' dir='ltr'>perficere,</span> <span class='ocrx_word' id='word_1_363' title='bbox 1380 2153 1453 2188; x_wconf 91' lang='lat' dir='ltr'>nisi</span> <span class='ocrx_word' id='word_1_364' title='bbox 1483 2155 1699 2188; x_wconf 83' lang='lat' dir='ltr'>restaurata</span> <span class='ocrx_word' id='word_1_365' title='bbox 1729 2162 1795 2201; x_wconf 87' lang='lat' dir='ltr'>per</span> <span class='ocrx_word' id='word_1_366' title='bbox 1825 2150 2053 2199; x_wconf 85' lang='lat' dir='ltr'>Tychonem</span> 
     </span>
     <span class='ocr_line' id='line_1_36' title="bbox 256 2208 2052 2260; baseline -0.002 -12"><span class='ocrx_word' id='word_1_367' title='bbox 256 2210 495 2248; x_wconf 85' lang='lat' dir='ltr'>astronomia</span> <span class='ocrx_word' id='word_1_368' title='bbox 526 2215 594 2248; x_wconf 87' lang='lat' dir='ltr'>aut</span> <span class='ocrx_word' id='word_1_369' title='bbox 626 2211 859 2260; x_wconf 86' lang='lat' dir='ltr'>comparatis</span> <span class='ocrx_word' id='word_1_370' title='bbox 892 2210 974 2258; x_wconf 86' lang='lat' dir='ltr'>ejus</span> <span class='ocrx_word' id='word_1_371' title='bbox 1008 2210 1368 2257; x_wconf 87' lang='lat' dir='ltr'>observationibus,</span> <span class='ocrx_word' id='word_1_372' title='bbox 1401 2219 1476 2246; x_wconf 90' lang='lat' dir='ltr'>non</span> <span class='ocrx_word' id='word_1_373' title='bbox 1508 2220 1677 2259; x_wconf 87' lang='lat' dir='ltr'>possum.</span> <span class='ocrx_word' id='word_1_374' title='bbox 1741 2208 1885 2246; x_wconf 86' lang='lat' dir='ltr'>Premit</span> <span class='ocrx_word' id='word_1_375' title='bbox 1916 2208 2052 2258; x_wconf 85' lang='lat' dir='ltr'>Tycho</span> 
     </span>
     <span class='ocr_line' id='line_1_37' title="bbox 257 2265 2051 2318; baseline 0 -13"><span class='ocrx_word' id='word_1_376' title='bbox 257 2268 464 2318; x_wconf 82' lang='lat' dir='ltr'>pleraque3</span> <span class='ocrx_word' id='word_1_377' title='bbox 498 2267 635 2306; x_wconf 84' lang='lat' dir='ltr'>labora</span> <span class='ocrx_word' id='word_1_378' title='bbox 666 2269 790 2317; x_wconf 86' lang='lat' dir='ltr'>inquit</span> <span class='ocrx_word' id='word_1_379' title='bbox 820 2273 862 2304; x_wconf 86' lang='lat' dir='ltr'>tu</span> <span class='ocrx_word' id='word_1_380' title='bbox 894 2279 1060 2317; x_wconf 90' lang='lat' dir='ltr'>quoque,</span> <span class='ocrx_word' id='word_1_381' title='bbox 1095 2267 1208 2305; x_wconf 90' lang='lat' dir='ltr'>credo</span> <span class='ocrx_word' id='word_1_382' title='bbox 1241 2267 1345 2316; x_wconf 88' lang='lat' dir='ltr'>quod</span> <span class='ocrx_word' id='word_1_383' title='bbox 1379 2267 1666 2316; x_wconf 87' lang='lat' dir='ltr'>Copernicanae</span> <span class='ocrx_word' id='word_1_384' title='bbox 1686 2265 1949 2316; x_wconf 89' lang='lat' dir='ltr'>hypotheseos</span> <span class='ocrx_word' id='word_1_385' title='bbox 1982 2266 2051 2305; x_wconf 91' lang='lat' dir='ltr'>de-</span> 
     </span>
     <span class='ocr_line' id='line_1_38' title="bbox 256 2318 2052 2376; baseline -0.001 -13"><span class='ocrx_word' id='word_1_386' title='bbox 256 2318 595 2373; x_wconf 73' lang='lat' dir='ltr'>fenso1·en],&#39;alius</span> <span class='ocrx_word' id='word_1_387' title='bbox 627 2328 708 2376; x_wconf 91' lang='lat' dir='ltr'>ipse</span> <span class='ocrx_word' id='word_1_388' title='bbox 742 2327 969 2373; x_wconf 88' lang='lat' dir='ltr'>sententiae,</span> <span class='ocrx_word' id='word_1_389' title='bbox 1002 2330 1175 2374; x_wconf 84' lang='lat' dir='ltr'>spectare</span> <span class='ocrx_word' id='word_1_390' title='bbox 1207 2326 1418 2363; x_wconf 86' lang='lat' dir='ltr'>constituit.</span> <span class='ocrx_word' id='word_1_391' title='bbox 1482 2323 1591 2373; x_wconf 84' lang='lat' dir='ltr'>Quae</span> <span class='ocrx_word' id='word_1_392' title='bbox 1623 2326 1662 2361; x_wconf 90' lang='lat' dir='ltr'>in</span> <span class='ocrx_word' id='word_1_393' title='bbox 1694 2324 1820 2362; x_wconf 85' lang='lat' dir='ltr'>Marte</span> <span class='ocrx_word' id='word_1_394' title='bbox 1847 2325 1929 2374; x_wconf 91' lang='lat' dir='ltr'>jam</span> <span class='ocrx_word' id='word_1_395' title='bbox 1961 2324 2052 2362; x_wconf 91' lang='lat' dir='ltr'>olim</span> 
     </span>
     <span class='ocr_line' id='line_1_39' title="bbox 256 2382 2053 2433; baseline -0.001 -11"><span class='ocrx_word' id='word_1_396' title='bbox 256 2384 427 2433; x_wconf 86' lang='lat' dir='ltr'>perfecit,</span> <span class='ocrx_word' id='word_1_397' title='bbox 463 2395 509 2421; x_wconf 86' lang='lat' dir='ltr'>ea</span> <span class='ocrx_word' id='word_1_398' title='bbox 541 2384 706 2433; x_wconf 82' lang='lat' dir='ltr'>profert3</span> <span class='ocrx_word' id='word_1_399' title='bbox 749 2384 808 2421; x_wconf 90' lang='lat' dir='ltr'>his</span> <span class='ocrx_word' id='word_1_400' title='bbox 841 2384 1179 2421; x_wconf 87' lang='lat' dir='ltr'>observationibus</span> <span class='ocrx_word' id='word_1_401' title='bbox 1210 2385 1355 2432; x_wconf 90' lang='lat' dir='ltr'>potitus</span> <span class='ocrx_word' id='word_1_402' title='bbox 1393 2383 1474 2431; x_wconf 90' lang='lat' dir='ltr'>jam</span> <span class='ocrx_word' id='word_1_403' title='bbox 1505 2395 1648 2421; x_wconf 89' lang='lat' dir='ltr'>annum</span> <span class='ocrx_word' id='word_1_404' title='bbox 1679 2385 1870 2432; x_wconf 88' lang='lat' dir='ltr'>integrum</span> <span class='ocrx_word' id='word_1_405' title='bbox 1903 2382 2053 2432; x_wconf 83' lang='lat' dir='ltr'>Copor-</span> 
     </span>
     <span class='ocr_line' id='line_1_40' title="bbox 256 2441 1300 2491; baseline -0.001 -12"><span class='ocrx_word' id='word_1_406' title='bbox 256 2443 332 2480; x_wconf 89' lang='lat' dir='ltr'>nici</span> <span class='ocrx_word' id='word_1_407' title='bbox 365 2441 602 2491; x_wconf 86' lang='lat' dir='ltr'>hypotheses</span> <span class='ocrx_word' id='word_1_408' title='bbox 634 2443 824 2489; x_wconf 85' lang='lat' dir='ltr'>examino,</span> <span class='ocrx_word' id='word_1_409' title='bbox 857 2443 894 2478; x_wconf 93' lang='lat' dir='ltr'>in</span> <span class='ocrx_word' id='word_1_410' title='bbox 926 2441 1051 2479; x_wconf 91' lang='lat' dir='ltr'>Marte</span> <span class='ocrx_word' id='word_1_411' title='bbox 1083 2442 1300 2491; x_wconf 86' lang='lat' dir='ltr'>praecipue.</span> 
     </span>
    </p>
   </div>
   <div class='ocr_carea' id='block_1_3' title="bbox 257 2507 2054 3135">
    <p class='ocr_par' dir='ltr' id='par_1_5' title="bbox 257 2507 2054 2776">
     <span class='ocr_line' id='line_1_41' title="bbox 394 2507 2053 2552; baseline 0 -10"><span class='ocrx_word' id='word_1_412' title='bbox 394 2508 520 2542; x_wconf 85' lang='lat' dir='ltr'>Finem</span> <span class='ocrx_word' id='word_1_413' title='bbox 546 2508 633 2543; x_wconf 85' lang='lat' dir='ltr'>facit</span> <span class='ocrx_word' id='word_1_414' title='bbox 658 2508 836 2552; x_wconf 82' lang='lat' dir='ltr'>Keplerus</span> <span class='ocrx_word' id='word_1_415' title='bbox 863 2507 1038 2551; x_wconf 81' lang='lat' dir='ltr'>epistolae</span> <span class='ocrx_word' id='word_1_416' title='bbox 1064 2507 1173 2551; x_wconf 85' lang='lat' dir='ltr'>hujus</span> <span class='ocrx_word' id='word_1_417' title='bbox 1199 2507 1369 2551; x_wconf 78' lang='lat' dir='ltr'>longioris</span> <span class='ocrx_word' id='word_1_418' title='bbox 1389 2508 1460 2551; x_wconf 88' lang='grc' dir='ltr'><strong>(ΙΙΙ.</strong></span> <span class='ocrx_word' id='word_1_419' title='bbox 1488 2508 1637 2551; x_wconf 76' lang='lat'>37—46)</span> <span class='ocrx_word' id='word_1_420' title='bbox 1664 2511 1803 2551; x_wconf 87' lang='lat' dir='ltr'>petens,</span> <span class='ocrx_word' id='word_1_421' title='bbox 1828 2510 1868 2542; x_wconf 87' lang='lat' dir='ltr'>ut</span> <span class='ocrx_word' id='word_1_422' title='bbox 1884 2507 2053 2552; x_wconf 83' lang='lat' dir='ltr'>Maginus</span> 
     </span>
     <span class='ocr_line' id='line_1_42' title="bbox 257 2564 2052 2610; baseline 0 -9"><span class='ocrx_word' id='word_1_423' title='bbox 257 2567 423 2602; x_wconf 85' lang='lat' dir='ltr'>observet</span> <span class='ocrx_word' id='word_1_424' title='bbox 447 2566 588 2601; x_wconf 88' lang='lat' dir='ltr'>Lunam</span> <span class='ocrx_word' id='word_1_425' title='bbox 613 2566 753 2610; x_wconf 87' lang='lat' dir='ltr'>quoties</span> <span class='ocrx_word' id='word_1_426' title='bbox 780 2564 895 2609; x_wconf 86' lang='lat' dir='ltr'>possit</span> <span class='ocrx_word' id='word_1_427' title='bbox 919 2565 955 2598; x_wconf 89' lang='lat' dir='ltr'>in</span> <span class='ocrx_word' id='word_1_428' title='bbox 981 2565 1212 2609; x_wconf 79' lang='lat' dir='ltr'>nonagesimo</span> <span class='ocrx_word' id='word_1_429' title='bbox 1240 2564 1354 2608; x_wconf 74' lang='lat' dir='ltr'>gradu</span> <span class='ocrx_word' id='word_1_430' title='bbox 1374 2569 1409 2599; x_wconf 89' lang='lat' dir='ltr'>ct</span> <span class='ocrx_word' id='word_1_431' title='bbox 1426 2564 1696 2601; x_wconf 81' lang='lat' dir='ltr'>observationes</span> <span class='ocrx_word' id='word_1_432' title='bbox 1722 2566 1790 2601; x_wconf 85' lang='lat' dir='ltr'>sibi</span> <span class='ocrx_word' id='word_1_433' title='bbox 1808 2566 2052 2610; x_wconf 86' lang='lat' dir='ltr'>communicet,</span> 
     </span>
     <span class='ocr_line' id='line_1_43' title="bbox 257 2622 2054 2668; baseline -0.001 -8"><span class='ocrx_word' id='word_1_434' title='bbox 257 2629 463 2660; x_wconf 85' lang='lat' dir='ltr'>curaturum</span> <span class='ocrx_word' id='word_1_435' title='bbox 490 2634 538 2668; x_wconf 87' lang='lat' dir='ltr'>se,</span> <span class='ocrx_word' id='word_1_436' title='bbox 565 2628 605 2658; x_wconf 92' lang='lat' dir='ltr'>ut</span> <span class='ocrx_word' id='word_1_437' title='bbox 630 2623 853 2668; x_wconf 88' lang='lat' dir='ltr'>Tychonicas</span> <span class='ocrx_word' id='word_1_438' title='bbox 881 2622 1151 2658; x_wconf 82' lang='lat' dir='ltr'>observationes</span> <span class='ocrx_word' id='word_1_439' title='bbox 1178 2623 1344 2667; x_wconf 83' lang='lat' dir='ltr'>Maginus</span> <span class='ocrx_word' id='word_1_440' title='bbox 1370 2622 1525 2658; x_wconf 72' lang='lat' dir='ltr'>vicissim</span> <span class='ocrx_word' id='word_1_441' title='bbox 1551 2624 1702 2667; x_wconf 85' lang='lat' dir='ltr'>habeat3</span> <span class='ocrx_word' id='word_1_442' title='bbox 1736 2624 1787 2659; x_wconf 88' lang='lat' dir='ltr'>ita</span> <span class='ocrx_word' id='word_1_443' title='bbox 1810 2623 1984 2666; x_wconf 86' lang='lat' dir='ltr'>futurum,</span> <span class='ocrx_word' id='word_1_444' title='bbox 2015 2629 2054 2659; x_wconf 89' lang='lat' dir='ltr'>ut</span> 
     </span>
     <span class='ocr_line' id='line_1_44' title="bbox 258 2681 2052 2727; baseline -0.001 -9"><span class='ocrx_word' id='word_1_445' title='bbox 258 2685 361 2718; x_wconf 81' lang='lat' dir='ltr'>Luna</span> <span class='ocrx_word' id='word_1_446' title='bbox 385 2681 565 2717; x_wconf 89' lang='lat' dir='ltr'>interdum</span> <span class='ocrx_word' id='word_1_447' title='bbox 600 2681 706 2717; x_wconf 91' lang='lat' dir='ltr'>simul</span> <span class='ocrx_word' id='word_1_448' title='bbox 742 2684 895 2727; x_wconf 82' lang='lat' dir='ltr'>utroque</span> <span class='ocrx_word' id='word_1_449' title='bbox 924 2681 1240 2717; x_wconf 74' lang='lat' dir='ltr'>loco‘observetur</span> <span class='ocrx_word' id='word_1_450' title='bbox 1273 2681 1396 2725; x_wconf 85' lang='lat' dir='ltr'>sicque</span> <span class='ocrx_word' id='word_1_451' title='bbox 1427 2682 1504 2725; x_wconf 90' lang='lat' dir='ltr'>ejus</span> <span class='ocrx_word' id='word_1_452' title='bbox 1538 2681 1574 2716; x_wconf 91' lang='lat' dir='ltr'>in</span> <span class='ocrx_word' id='word_1_453' title='bbox 1605 2682 1712 2717; x_wconf 83' lang='lat' dir='ltr'>variis</span> <span class='ocrx_word' id='word_1_454' title='bbox 1741 2681 1939 2716; x_wconf 83' lang='lat' dir='ltr'>anomaliae</span> <span class='ocrx_word' id='word_1_455' title='bbox 1964 2681 2052 2716; x_wconf 90' lang='lat' dir='ltr'>locis</span> 
     </span>
     <span class='ocr_line' id='line_1_45' title="bbox 259 2740 808 2776; baseline -0.004 0"><span class='ocrx_word' id='word_1_456' title='bbox 259 2740 464 2776; x_wconf 84' lang='lat' dir='ltr'>altitudines</span> <span class='ocrx_word' id='word_1_457' title='bbox 489 2741 715 2774; x_wconf 83' lang='lat' dir='ltr'>innotescant</span> <span class='ocrx_word' id='word_1_458' title='bbox 741 2744 808 2774; x_wconf 83' lang='lat' dir='ltr'>etc.</span> 
     </span>
    </p>

    <p class='ocr_par' dir='ltr' id='par_1_6' title="bbox 260 2796 2052 3135">
     <span class='ocr_line' id='line_1_46' title="bbox 395 2796 2052 2842; baseline 0 -9"><span class='ocrx_word' id='word_1_459' title='bbox 395 2799 454 2833; x_wconf 79' lang='lat' dir='ltr'>Ex</span> <span class='ocrx_word' id='word_1_460' title='bbox 486 2797 647 2842; x_wconf 89' lang='lat' dir='ltr'>epistolis</span> <span class='ocrx_word' id='word_1_461' title='bbox 681 2796 994 2832; x_wconf 82' lang='lat' dir='ltr'>Hafenrefferi</span> <span class='ocrx_word' id='word_1_462' title='bbox 1023 2800 1058 2831; x_wconf 90' lang='lat' dir='ltr'>et</span> <span class='ocrx_word' id='word_1_463' title='bbox 1091 2797 1122 2831; x_wconf 93' lang='lat' dir='ltr'>H</span> <span class='ocrx_word' id='word_1_464' title='bbox 1135 2797 1318 2831; x_wconf 86' lang='lat' dir='ltr'>erwarti</span> <span class='ocrx_word' id='word_1_465' title='bbox 1349 2797 1394 2832; x_wconf 86' lang='lat' dir='ltr'>ad</span> <span class='ocrx_word' id='word_1_466' title='bbox 1426 2797 1622 2842; x_wconf 83' lang='lat' dir='ltr'>Keplcrum</span> <span class='ocrx_word' id='word_1_467' title='bbox 1654 2797 1723 2833; x_wconf 89' lang='lat' dir='ltr'>hoc</span> <span class='ocrx_word' id='word_1_468' title='bbox 1754 2808 1847 2833; x_wconf 88' lang='lat' dir='ltr'>anno</span> <span class='ocrx_word' id='word_1_469' title='bbox 1882 2798 1976 2834; x_wconf 84' lang='lat' dir='ltr'>datis</span> <span class='ocrx_word' id='word_1_470' title='bbox 2009 2799 2052 2833; x_wconf 86' lang='lat' dir='ltr'>de</span> 
     </span>
     <span class='ocr_line' id='line_1_47' title="bbox 260 2856 2050 2900; baseline 0.001 -10"><span class='ocrx_word' id='word_1_471' title='bbox 260 2856 387 2891; x_wconf 84' lang='lat' dir='ltr'>studiis</span> <span class='ocrx_word' id='word_1_472' title='bbox 405 2856 552 2900; x_wconf 84' lang='lat' dir='ltr'>Kepieri</span> <span class='ocrx_word' id='word_1_473' title='bbox 569 2858 712 2900; x_wconf 81' lang='lat' dir='ltr'>praeter</span> <span class='ocrx_word' id='word_1_474' title='bbox 733 2866 785 2900; x_wconf 85' lang='lat' dir='ltr'>ea,</span> <span class='ocrx_word' id='word_1_475' title='bbox 813 2866 905 2899; x_wconf 88' lang='lat' dir='ltr'>quae</span> <span class='ocrx_word' id='word_1_476' title='bbox 930 2866 1040 2900; x_wconf 85' lang='lat' dir='ltr'>supra</span> <span class='ocrx_word' id='word_1_477' title='bbox 1057 2856 1136 2900; x_wconf 84' lang='lat' dir='ltr'>ipse</span> <span class='ocrx_word' id='word_1_478' title='bbox 1153 2856 1351 2897; x_wconf 85' lang='lat' dir='ltr'>recensuit,</span> <span class='ocrx_word' id='word_1_479' title='bbox 1377 2856 1466 2891; x_wconf 82' lang='lat' dir='ltr'>haee</span> <span class='ocrx_word' id='word_1_480' title='bbox 1483 2856 1629 2900; x_wconf 90' lang='lat' dir='ltr'>insuper</span> <span class='ocrx_word' id='word_1_481' title='bbox 1647 2858 1849 2892; x_wconf 87' lang='lat' dir='ltr'>occurrunt.</span> <span class='ocrx_word' id='word_1_482' title='bbox 1890 2857 1977 2891; x_wconf 84' lang='lat' dir='ltr'>Has</span> <span class='ocrx_word' id='word_1_483' title='bbox 1985 2868 2050 2892; x_wconf 93' lang='lat' dir='ltr'>en-</span> 
     </span>
     <span class='ocr_line' id='line_1_48' title="bbox 261 2913 2052 2958; baseline 0.001 -10"><span class='ocrx_word' id='word_1_484' title='bbox 261 2913 464 2949; x_wconf 86' lang='lat' dir='ltr'>refferus</span> <span class='ocrx_word' id='word_1_485' title='bbox 490 2915 629 2950; x_wconf 87' lang='lat' dir='ltr'>scribit:</span> <span class='ocrx_word' id='word_1_486' title='bbox 660 2915 782 2957; x_wconf 74' lang='lat' dir='ltr'>„Quae</span> <span class='ocrx_word' id='word_1_487' title='bbox 808 2914 853 2948; x_wconf 83' lang='lat' dir='ltr'>ad</span> <span class='ocrx_word' id='word_1_488' title='bbox 878 2924 935 2948; x_wconf 89' lang='lat' dir='ltr'>me</span> <span class='ocrx_word' id='word_1_489' title='bbox 962 2918 997 2948; x_wconf 87' lang='lat' dir='ltr'>et</span> <span class='ocrx_word' id='word_1_490' title='bbox 1022 2914 1066 2948; x_wconf 88' lang='lat' dir='ltr'>de</span> <span class='ocrx_word' id='word_1_491' title='bbox 1091 2914 1332 2949; x_wconf 84' lang='lat' dir='ltr'>astronomiae</span> <span class='ocrx_word' id='word_1_492' title='bbox 1359 2918 1455 2949; x_wconf 82' lang='lat' dir='ltr'>statu</span> <span class='ocrx_word' id='word_1_493' title='bbox 1481 2919 1517 2949; x_wconf 87' lang='lat' dir='ltr'>et</span> <span class='ocrx_word' id='word_1_494' title='bbox 1541 2914 1585 2949; x_wconf 90' lang='lat' dir='ltr'>de</span> <span class='ocrx_word' id='word_1_495' title='bbox 1611 2913 1884 2958; x_wconf 83' lang='lat' dir='ltr'>cogitationibus</span> <span class='ocrx_word' id='word_1_496' title='bbox 1910 2915 1981 2950; x_wconf 88' lang='lat' dir='ltr'>tuis</span> <span class='ocrx_word' id='word_1_497' title='bbox 2008 2915 2052 2949; x_wconf 92' lang='lat' dir='ltr'>de</span> 
     </span>
     <span class='ocr_line' id='line_1_49' title="bbox 262 2972 2051 3017; baseline 0.001 -12"><span class='ocrx_word' id='word_1_498' title='bbox 262 2972 477 3015; x_wconf 88' lang='lat' dir='ltr'>populorum</span> <span class='ocrx_word' id='word_1_499' title='bbox 502 2973 787 3017; x_wconf 80' lang='lat' dir='ltr'>propagatione“</span> <span class='ocrx_word' id='word_1_500' title='bbox 817 2974 917 3017; x_wconf 80' lang='lat' dir='ltr'>(dicit</span> <span class='ocrx_word' id='word_1_501' title='bbox 942 2974 1025 3005; x_wconf 83' lang='lat' dir='ltr'>sorte</span> <span class='ocrx_word' id='word_1_502' title='bbox 1052 2975 1320 3016; x_wconf 85' lang='lat' dir='ltr'>disquisitionem</span> <span class='ocrx_word' id='word_1_503' title='bbox 1345 2976 1384 3005; x_wconf 82' lang='lat' dir='ltr'>de</span> <span class='ocrx_word' id='word_1_504' title='bbox 1413 2976 1549 3015; x_wconf 74' lang='lat' dir='ltr'>Orz&#39;yz&#39;ne</span> <span class='ocrx_word' id='word_1_505' title='bbox 1577 2976 1742 3014; x_wconf 68' lang='lat' dir='ltr'>Gentium,</span> <span class='ocrx_word' id='word_1_506' title='bbox 1769 2983 1868 3013; x_wconf 83' lang='lat' dir='ltr'>quam</span> <span class='ocrx_word' id='word_1_507' title='bbox 1894 2976 1957 3006; x_wconf 81' lang='lat' dir='ltr'>vol.</span> <span class='ocrx_word' id='word_1_508' title='bbox 1976 2976 2051 3007; x_wconf 84' lang='lat' dir='ltr'>VII.</span> 
     </span>
     <span class='ocr_line' id='line_1_50' title="bbox 264 3029 2051 3073; baseline 0.001 -11"><span class='ocrx_word' id='word_1_509' title='bbox 264 3041 296 3072; x_wconf 85' lang='lat' dir='ltr'>p.</span> <span class='ocrx_word' id='word_1_510' title='bbox 325 3033 388 3063; x_wconf 75' lang='lat'>788</span> <span class='ocrx_word' id='word_1_511' title='bbox 407 3041 448 3065; x_wconf 87' lang='lat' dir='ltr'>ss.</span> <span class='ocrx_word' id='word_1_512' title='bbox 476 3042 492 3063; x_wconf 89' lang='lat' dir='ltr'>e</span> <span class='ocrx_word' id='word_1_513' title='bbox 518 3034 686 3064; x_wconf 87' lang='lat' dir='ltr'>codicibus</span> <span class='ocrx_word' id='word_1_514' title='bbox 703 3032 981 3064; x_wconf 84' lang='lat' dir='ltr'>Pulkoviensibus</span> <span class='ocrx_word' id='word_1_515' title='bbox 1008 3033 1190 3064; x_wconf 84' lang='lat' dir='ltr'>desnmtam</span> <span class='ocrx_word' id='word_1_516' title='bbox 1216 3031 1453 3073; x_wconf 72' lang='lat' dir='ltr'>exhibuimus),</span> <span class='ocrx_word' id='word_1_517' title='bbox 1481 3034 1603 3072; x_wconf 74' lang='lat' dir='ltr'>„tanto</span> <span class='ocrx_word' id='word_1_518' title='bbox 1628 3030 1713 3065; x_wconf 90' lang='lat' dir='ltr'>mihi</span> <span class='ocrx_word' id='word_1_519' title='bbox 1733 3029 1951 3073; x_wconf 77' lang='lat' dir='ltr'>jucundiora</span> <span class='ocrx_word' id='word_1_520' title='bbox 1976 3030 2051 3065; x_wconf 83' lang='lat' dir='ltr'>fue-</span> 
     </span>
     <span class='ocr_line' id='line_1_51' title="bbox 264 3086 2052 3135; baseline 0.003 -15"><span class='ocrx_word' id='word_1_521' title='bbox 264 3090 356 3130; x_wconf 84' lang='lat' dir='ltr'>runt,</span> <span class='ocrx_word' id='word_1_522' title='bbox 383 3092 514 3131; x_wconf 81' lang='lat' dir='ltr'>quanto</span> <span class='ocrx_word' id='word_1_523' title='bbox 541 3089 728 3134; x_wconf 81' lang='lat' dir='ltr'>utriusque</span> <span class='ocrx_word' id='word_1_524' title='bbox 759 3088 867 3125; x_wconf 86' lang='lat' dir='ltr'>studii</span> <span class='ocrx_word' id='word_1_525' title='bbox 893 3088 1096 3124; x_wconf 85' lang='lat' dir='ltr'>ardentiore</span> <span class='ocrx_word' id='word_1_526' title='bbox 1120 3087 1236 3134; x_wconf 77' lang='lat' dir='ltr'>flagro</span> <span class='ocrx_word' id='word_1_527' title='bbox 1256 3086 1443 3124; x_wconf 82' lang='lat' dir='ltr'>desiderio.</span> <span class='ocrx_word' id='word_1_528' title='bbox 1485 3088 1556 3124; x_wconf 83' lang='lat' dir='ltr'>Sed</span> <span class='ocrx_word' id='word_1_529' title='bbox 1581 3088 1626 3123; x_wconf 81' lang='lat' dir='ltr'>ad</span> <span class='ocrx_word' id='word_1_530' title='bbox 1652 3087 1741 3123; x_wconf 86' lang='lat' dir='ltr'>haec</span> <span class='ocrx_word' id='word_1_531' title='bbox 1762 3087 1861 3133; x_wconf 86' lang='lat' dir='ltr'>justa</span> <span class='ocrx_word' id='word_1_532' title='bbox 1878 3098 2052 3135; x_wconf 81' lang='lat' dir='ltr'>responsa</span> 
     </span>
    </p>
   </div>
  </div>
 </body>
</html>
