2126 3388
629 170 777 217 Kepleri
801 170 986 208 literarum
1011 173 1130 210 studia
1154 176 1192 210 et
1216 173 1390 212 doctrina.
1793 174 1903 220 1019

113 301 304 340 suumque
337 301 423 328 cum
454 290 560 329 illius
592 302 708 341 opere
740 296 1043 341 comparaverat.
1105 293 1164 332 Ibi
1196 305 1314 344 quum
1345 307 1480 344 parum
1513 295 1724 334 secundum
1757 296 1804 334 de
1836 296 1903 335 illo

112 349 266 387 tulisset
297 350 540 397 suffragium,
584 350 778 388 Robertus
809 355 917 388 tanta
949 351 1160 391 acerbitate
1201 355 1234 390 ei
1266 354 1486 402 respondit,
1532 361 1573 392 ut
1603 354 1795 403 Keplerus
1826 355 1903 393 alio

110 409 265 456 scripto,
289 407 392 457 quod
408 409 647 456 Apoloyiam
671 409 875 458 inscripsit,
892 408 1124 458 respondere
1148 416 1348 460 cogeretur
1373 415 1427 458 (V.
1455 414 1522 449 >1113
1550 417 1621 459 ss).
1661 413 1770 451 Haec
1794 414 1903 463 Apo-

112 465 218 514 logia
249 476 326 503 non
358 478 404 504 ea
436 472 583 504 tantum
618 467 663 505 de
696 479 813 505 causa
845 467 962 516 digna
985 473 1053 514 est,
1089 479 1189 516 quae
1220 469 1382 518 legatur,
1416 471 1521 519 quod
1544 472 1784 509 obscuriores
1805 483 1904 510 non-

111 523 208 561 nulli
240 524 466 562 harmoniae
498 524 572 562 loci
603 525 641 561 in
674 537 719 563 ea
749 526 873 573 magis
905 525 1168 574 illustrantur,
1200 527 1267 566 sed
1300 530 1416 565 etiam
1449 528 1552 577 quod
1585 531 1623 566 in
1656 541 1701 567 ea
1732 531 1832 568 sicut
1863 531 1902 567 in

111 581 199 619 aliis
231 582 315 631 ejus
346 583 453 620 libris
485 582 685 631 polemicis
718 585 840 633 ipsius
872 585 1040 621 auctoris
1064 595 1149 622 cum
1169 587 1267 625 mira
1297 587 1334 622 in
1368 587 1603 635 disputando
1636 589 1779 637 ingenii
1800 590 1903 627 acies

112 644 150 678 et
182 640 376 679 doctrinae
408 641 629 678 humanitas
662 647 699 679 et
730 643 847 679 animi
880 641 1082 689 modestia,
1116 648 1196 680 tum
1225 644 1351 692 justa,
1386 645 1451 682 ubi
1486 647 1672 683 immerito
1705 658 1745 684 se
1777 647 1903 685 laces-

110 699 226 736 situm
258 700 464 745 existimat,
497 710 654 737 suorum
685 702 908 739 meritorum
940 702 1178 739 conscientia
1209 708 1244 739 et
1277 702 1417 740 fiducia
1459 703 1732 752 pulcherrrime
1765 705 1902 743 elucet.

112 756 241 804 Quum
283 758 321 794 in
361 755 512 806 scriptis
563 758 765 806 polemicis
807 757 1039 797 Germanica
1080 759 1216 808 lingna
1257 761 1480 809 compositis
1519 765 1661 807 (contra
1695 765 1904 801 Roeslinum

112 817 184 854 vol.
210 818 239 853 I.
264 829 298 863 p.
325 819 391 853 501
420 829 468 854 ss.
497 823 532 853 et
557 818 739 854 Feselium
766 819 794 853 Ι.
823 818 891 855 54ῖ
920 820 980 863 ss.)
1009 817 1186 866 populari
1218 830 1310 855 usus
1343 819 1495 857 dicendi
1528 831 1666 869 genere
1698 820 1844 858 salibus
1866 826 1904 859 et

110 873 261 911 facetiis
293 874 388 911 scite
422 873 577 912 condire
610 873 735 912 soleat
765 877 1162 924 argumentationem,
1197 878 1234 913 in
1270 877 1518 926 „Apologiw‘
1554 878 1674 915 solius
1707 879 1902 917 doctrinae

108 933 224 969 armis
255 933 459 981 impugnat
491 931 770 983 adversarium,
803 938 844 970 ut
867 945 936 971 suo
965 933 1053 982 jure
1075 934 1134 971 his
1158 935 1284 972 verbis
1308 935 1421 973 finem
1452 936 1576 974 facere
1609 939 1751 985 possit:
1787 938 1896 986 „Etsi

111 991 252 1028 crebris
285 990 434 1039 injuriis
467 991 636 1028 irritatus
669 1002 825 1029 causam
848 991 1070 1030 habuissem
1093 994 1237 1041 passim
1269 993 1591 1042 excandescendi,
1625 1006 1736 1044 spero
1759 1001 1899 1043 tamen,

108 1048 205 1086 nihil
237 1050 274 1085 in
307 1054 356 1096 te,
389 1048 484 1086 nihil
516 1049 554 1085 in
585 1048 772 1087 honorem
808 1050 872 1088 vel
902 1050 1129 1099 dignitatem
1161 1056 1266 1089 tuam
1301 1052 1444 1089 dictum
1481 1065 1564 1091 esse
1602 1055 1771 1101 gravius,
1805 1053 1901 1092 nihil

110 1106 215 1156 quod
247 1118 332 1145 cum
364 1108 574 1146 acerbitate
605 1114 672 1146 tua
705 1108 866 1146 conferri
897 1109 1042 1158 possit3
1074 1109 1175 1148 sales
1199 1121 1289 1148 vero
1323 1116 1360 1149 et
1388 1111 1464 1160 joci
1500 1111 1780 1161 disputatorum
1811 1117 1900 1150 sunt

109 1165 407 1204 embammata.“

248 1223 372 1262 Missa
403 1224 588 1262 facientes
617 1224 698 1273 jam
720 1236 819 1273 qnae
841 1225 917 1264 huc
939 1237 1062 1274 usque
1087 1225 1357 1275 descripsimus
1379 1238 1496 1276 opera
1518 1227 1676 1277 Kepleri
1707 1227 1752 1266 de
1773 1228 1899 1268 Marte

107 1287 145 1321 et
165 1281 390 1329 Harmonia,
413 1282 486 1320 hoc
507 1287 655 1320 tantum
678 1282 868 1331 addimus,
892 1285 930 1320 in
951 1284 1062 1331 libro,
1097 1296 1210 1333 quem
1236 1285 1299 1322 Dr.
1323 1286 1392 1334 Ap
1409 1285 1476 1323 elt
1509 1285 1627 1323 edidit
1648 1298 1749 1324 anno
1777 1291 1899 1326 1849.

105 1342 333 1390 inscriptum
368 1340 552 1389 „Johann
584 1341 777 1391 Kepplers
809 1342 1126 1381 Astronomische
1159 1343 1459 1391 Weltansicht‘z
1504 1357 1550 1382 ea
1588 1356 1687 1394 quae
1729 1346 1766 1381 in
1797 1345 1903 1383 Har-

105 1400 236 1437 monia
268 1404 471 1438 occurrunt
501 1401 652 1438 musica
684 1405 907 1449 comparata
940 1413 1025 1438 cum
1047 1401 1216 1439 motibus
1239 1402 1480 1451 planetarum
1505 1404 1598 1441 scite
1632 1409 1669 1441 et
1700 1402 1904 1452 diligenter

105 1457 299 1507 explicata
330 1469 428 1506 esse,
461 1463 648 1507 quantum
681 1470 728 1496 ex
758 1459 918 1508 Kepleri
942 1460 1230 1498 obscurioribus
1257 1461 1382 1498 verbis
1405 1460 1584 1509 colligere
1605 1462 1732 1510 potuit
1753 1467 1901 1502 auctor.

106 1515 234 1564 Quare
266 1516 494 1565 ablegamus
525 1515 709 1555 lectorem
740 1517 790 1555 ad
822 1517 954 1567 Apelti
985 1517 1136 1564 librum,
1169 1530 1245 1556 uon
1280 1520 1512 1567 ignorantes,
1547 1531 1592 1557 ea
1625 1531 1724 1568 quae
1756 1531 1902 1570 propo-

103 1576 252 1613 suimus
286 1586 331 1613 ex
363 1575 589 1623 Harmonia,
623 1587 699 1613 non
731 1576 978 1614 satisfactura
1010 1588 1095 1614 esse
1128 1578 1185 1624 iis,
1219 1579 1282 1626 qui
1316 1578 1477 1626 propius
1508 1579 1725 1627 perspicere
1758 1578 1902 1617 vellent

105 1644 152 1671 ea
183 1645 284 1682 quae
325 1633 444 1671 habet
474 1633 571 1671 liber
612 1635 782 1682 quintus.
844 1634 921 1672 Sed
953 1635 1036 1673 sine
1069 1637 1171 1673 notis
1203 1637 1400 1687 (sonorum
1431 1632 1569 1689 signis)
1611 1636 1724 1686 plane
1767 1638 1902 1686 nequit

104 1693 298 1729 sententia
328 1691 488 1741 Kepleri
519 1693 698 1742 exprimi,
743 1694 869 1742 iisque
907 1692 1051 1731 additis
1083 1695 1242 1732 nimium
1275 1695 1510 1733 excrevisset
1549 1695 1645 1733 haec
1685 1694 1730 1733 de
1762 1696 1901 1734 studiis

101 1750 261 1800 Kepleri
292 1751 442 1790 relatio.

242 1809 501 1847 Transeamus
545 1807 594 1846 ad
638 1808 744 1846 aliud
784 1808 945 1859 Kepleri
991 1821 1087 1858 opus
1120 1810 1279 1859 majoris
1319 1813 1525 1859 momenti,
1569 1810 1618 1849 ad
1651 1810 1898 1861 Opticam‚

103 1878 220 1916 quam
261 1879 363 1905 anno
398 1871 521 1906 1604.
560 1868 599 1903 in
637 1867 835 1916 publicum
881 1869 1021 1907 emisit.
1085 1867 1194 1917 Quae
1237 1870 1274 1905 in
1316 1870 1556 1919 praefatione
1598 1869 1647 1907 ad
1685 1869 1760 1909 hoc
1802 1882 1900 1920 opus

103 1925 270 1963 diximus
301 1926 363 1963 hic
393 1924 603 1975 repetenda
634 1937 718 1963 esse
750 1937 968 1964 censemus:
1002 1926 1137 1977 Tycbo
1171 1938 1326 1976 prorsus
1356 1929 1561 1978 ignorabat
1592 1940 1724 1966 veram
1754 1929 1900 1967 refrac-

99 1985 248 2021 tionum
282 1995 452 2030 causam,
484 1985 540 2021 ita
571 1988 612 2021 ut
643 1984 912 2023 refractionem
944 1984 1060 2022 aliam
1083 1985 1176 2032 Soli,
1211 1986 1327 2023 aliam
1349 1986 1496 2031 Lunae,
1531 1986 1646 2024 aliam
1669 1986 1792 2024 stellis
1812 1987 1898 2025 fixis

100 2042 299 2082 tribueret.
359 2042 572 2091 Keplerns,
617 2044 896 2092 superveniens
929 2043 1126 2093 Tychonis
1159 2043 1319 2092 studiis,
1361 2046 1451 2094 quid
1491 2045 1550 2082 his
1594 2045 1747 2082 deesset
1789 2045 1899 2084 brevi

101 2100 322 2147 intellecto,
366 2112 451 2139 cum
490 2112 617 2150 neque
655 2102 802 2150 priores
841 2103 1046 2150 scriptores
1092 2114 1216 2151 neque
1260 2103 1445 2152 aequales
1482 2103 1770 2151 satisfacerent,
1817 2115 1898 2142 rem

101 2160 227 2209 ipsam
258 2170 464 2209 aggressus
497 2170 601 2196 nova
628 2159 722 2207 jecit
753 2159 1003 2197 fundamenta
1034 2166 1071 2198 et
1094 2162 1245 2210 opticae
1268 2173 1385 2210 quam
1416 2173 1517 2199 nunc
1538 2162 1725 2199 habemus
1758 2173 1897 2211 parens

101 2219 238 2255 evasit.
301 2216 410 2266 Quae
454 2218 600 2266 priores
633 2217 874 2267 (Alhazenus
906 2218 1031 2256 Arabs
1065 2224 1102 2256 et
1134 2220 1199 2268 qui
1231 2219 1333 2257 hunc
1373 2226 1530 2258 secutus
1563 2224 1620 2257 est
1652 2219 1791 2258 ducem
1822 2220 1897 2258 Vi-

99 2273 224 2326 tellio)
255 2276 366 2324 vagis
398 2277 549 2323 verbis,
595 2288 634 2314 re
666 2288 744 2313 non
777 2276 1040 2315 demonstrata
1078 2279 1161 2315 sive
1201 2289 1358 2327 prorsus
1399 2278 1498 2316 falsa
1541 2284 1729 2326 ponentes
1763 2278 1896 2328 prodi-

102 2333 249 2380 derant,
281 2333 473 2383 Keplerus
505 2336 575 2372 rite
608 2335 821 2383 conjunxit,
855 2334 1134 2372 demonstravit
1154 2336 1418 2385 plurimosque
1441 2347 1587 2374 errores
1610 2336 1765 2385 abjecit.
1820 2336 1895 2385 Qui

98 2396 246 2430 restant
288 2403 434 2430 errores
466 2397 503 2430 et
535 2404 636 2442 quae
668 2393 783 2442 plane
816 2395 959 2431 omissa
991 2399 1101 2440 sunt,
1144 2406 1257 2432 nemo
1289 2394 1460 2444 Keplero
1503 2395 1650 2431 crimini
1681 2395 1798 2433 faciet
1830 2396 1897 2444 qui

98 2449 359 2500 perpenderit,
393 2461 536 2489 novam
568 2451 645 2488 sere
677 2451 881 2494 conditam,
903 2463 987 2489 esse
1020 2452 1068 2489 ab
1102 2464 1146 2489 eo
1185 2453 1385 2490 scientiam
1418 2459 1455 2492 et
1487 2453 1549 2490 hic
1582 2464 1739 2501 quoque
1773 2454 1896 2490 virum

98 2509 324 2546 destitutum
354 2508 475 2546 fuisse
506 2509 660 2546 auxiliis
693 2510 771 2547 fere
803 2511 1001 2557 omnibuS,
1046 2522 1145 2559 quae
1177 2512 1458 2560 posterioribus
1489 2511 1793 2561 suppeditabant
1827 2523 1897 2549 ex-

96 2567 285 2616 perientia
324 2571 361 2604 et
392 2566 539 2604 facilior
581 2567 708 2605 aditus
751 2567 800 2605 ad
837 2568 1052 2618 penetralia
1092 2580 1215 2606 rerum
1260 2576 1438 2615 naturae,
1485 2569 1826 2607 observationibus
1857 2574 1895 2607 et

97 2625 387 2674 perfectioribus
418 2624 697 2673 adjuvantibus
718 2627 993 2673 instrumentis,
1024 2628 1248 2674 praesertim
1277 2628 1380 2666 tubis
1415 2629 1565 2676 opticiS.
1619 2626 1721 2674 Quid
1743 2627 1895 2666 multa?

94 2682 405 2721 Fundamentum
446 2683 628 2733 praebuit
669 2683 768 2721 haec
798 2684 956 2734 Kepleri
991 2683 1132 2733 Optica
1161 2684 1366 2723 Newtonio
1409 2686 1458 2723 ad
1500 2683 1752 2723 excolendam
1794 2685 1895 2723 hanc

95 2741 295 2780 scientiam
335 2741 496 2790 ejusque
526 2747 563 2779 et
595 2742 854 2779 sectatoribus
884 2747 923 2781 et
953 2742 1207 2789 adversariis,
1251 2745 1317 2792 qui
1359 2745 1593 2793 experientia
1631 2747 1669 2780 et
1699 2743 1893 2781 subtiliori

96 2801 154 2838 usi
187 2799 461 2837 mathematica
491 2799 645 2848 longius
676 2801 870 2849 progressi
902 2805 991 2838 sunt
1023 2806 1059 2838 et
1092 2802 1249 2850 propius
1282 2800 1330 2838 ad
1362 2813 1495 2839 verum
1526 2806 1785 2840 accesserunt.

231 2856 322 2895 Jam
356 2868 456 2895 anno
493 2861 615 2895 1600.
655 2857 770 2895 refert
799 2858 993 2907 Keplerus
1026 2858 1251 2903 Maestlino‚
1295 2860 1495 2908 scripsisse
1536 2871 1576 2897 se
1619 2870 1750 2897 mense
1781 2859 1892 2898 Julio

92 2973 246 3014 indicat.
289 2974 418 3011 Variis
449 2985 541 3011 vero
574 2974 701 3011 causis
733 2974 940 3022 impeditus
970 2986 1049 3012 rem
1083 2974 1363 3024 aliquantisper
1384 2975 1529 3023 abJecit
1551 2980 1587 3013 et
1609 2986 1712 3012 anno
1737 2975 1892 3014 demum

96 3036 219 3071 1602.
252 3031 301 3070 ad
332 3031 407 3069 hoc
442 3032 692 3080 „negotium“
727 3031 850 3079 rediit,
884 3032 995 3069 initio
1018 3033 1143 3069 minus
1165 3034 1350 3071 scientiae
1378 3034 1529 3083 opticae
1552 3034 1738 3080 intentus,
1773 3043 1890 3082 quam

91 3091 150 3137 iis,
183 3101 283 3139 quae
315 3090 365 3129 ad
403 3090 678 3128 astronomiam
710 3094 747 3127 et
777 3091 982 3139 praecipue
1026 3089 1198 3128 defectus
1231 3090 1333 3128 Solis
1374 3090 1588 3140 Lunaeque
1631 3092 1888 3141 pertinebant.

90 3148 185 3187 Mox
216 3160 309 3187 vero
339 3153 489 3187 mutata
517 3149 710 3187 sententia
741 3149 965 3199 „spinosam
1003 3149 1150 3198 optices
1189 3148 1403 3188 doctrinam
1442 3151 1614 3201 suscepit
1653 3154 1691 3189 et
1723 3149 1809 3201 plus
1840 3150 1889 3191 de
