2192 3413
278 187 362 236 564
680 186 914 226 summarium
938 188 1120 225 Historiae
1145 187 1396 225 Astronomiae
1421 191 1539 228 seculo
1565 187 1660 227 XVI.

274 307 397 342 cendis
421 306 618 341 inserviunt
642 305 887 340 instrumentis
913 305 1092 349 destituti,
1124 305 1276 340 necdum
1308 305 1467 350 perfecta
1499 307 1584 342 satis
1616 306 1881 349 mathematica,
1917 310 1956 341 ut
1980 306 2057 341 fieri

272 375 344 399 non
368 365 505 409 potuit,
541 365 625 408 quin
650 363 803 408 plurima
827 363 995 398 inchoata
1020 367 1055 397 et
1079 373 1204 397 manca
1229 362 1490 408 relinquerent,
1515 364 1565 399 ita
1589 365 1715 399 mirum
1741 368 1817 409 est,
1844 369 1978 408 quanto
2003 365 2055 398 in-

270 423 365 466 genii
390 422 550 458 acumine
576 420 804 461 difficultates
829 425 988 455 veterum
1014 420 1253 465 expedierint,
1280 421 1506 464 planetarum
1532 426 1650 457 motus
1676 421 1880 457 definierint
1906 421 2055 456 tabulis—

270 491 339 528 que
366 480 456 514 coeli
480 479 636 514 rationes
661 478 860 513 retulerint.
908 478 994 521 Quis
1021 479 1113 512 enim
1139 482 1211 522 est,
1247 480 1307 523 qui
1332 480 1400 514 nisi
1425 480 1471 514 sit
1495 491 1618 515 earum
1642 490 1760 515 rerum
1784 489 1931 524 prorsus
1955 479 2054 513 rudis

268 537 507 579 Purbachios‚
534 536 707 571 Mulleros
732 536 1071 580 (Regiomontanum
1098 536 1210 581 dico),
1238 536 1431 581 Stofleros,
1464 537 1642 581 Apianos,
1670 537 1870 572 Schoneros
1895 536 2055 580 aliosque

267 596 434 639 ignoret?
483 594 630 629 Illorum
663 594 805 637 quidem
839 595 992 629 virorum
1016 593 1143 638 libros,
1180 594 1376 638 Copernico
1410 595 1530 630 multis
1558 596 1600 630 de
1626 596 1742 630 causis
1774 596 1849 630 fere
1881 594 2054 638 neglecto,

270 653 463 688 astronomi
491 653 602 687 seculi
629 652 721 686 XVI.
749 652 999 696 consulebant,
1032 652 1157 687 iisdem
1189 653 1271 686 viris
1307 653 1513 688 auctoribus
1547 654 1636 688 coeli
1666 653 1872 689 dimetiendi
1898 653 2055 688 studium

267 711 440 754 regebant
469 710 690 754 aliarumque
723 721 841 745 rerum
872 711 1029 746 rationes
1056 711 1204 747 inibant.
1255 712 1403 746 Praeter
1427 710 1493 745 hos
1521 711 1627 745 etiam
1651 711 1808 755 priorum
1834 715 2054 746 astronomo-

266 779 343 803 rum
368 768 617 803 auctoritatem
636 772 776 804 secutos
794 779 884 811 esse,
913 769 972 812 qui
991 770 1025 803 in
1044 769 1193 804 colenda
1211 770 1429 805 astronomia
1455 770 1610 804 studium
1629 773 1815 813 ponerent,
1842 770 2053 804 documento

267 831 351 861 sunt
376 838 407 859 v.
435 837 465 870 g.
491 826 641 861 Joannis
667 826 710 861 de
737 827 846 861 Sacro
872 827 988 861 Bosco
1022 827 1119 871 libri,
1157 827 1278 862 seculo
1304 828 1397 861 XVI.
1431 827 1630 861 sexcenties
1655 827 1750 870 typis
1776 827 1953 872 expressi,
1989 837 2054 870 per

264 894 385 919 omnes
409 883 484 918 fere
509 884 650 918 scholas
675 884 930 928 literarumque
960 885 1209 920 universitates
1239 885 1420 930 divulgati.
1463 886 1555 920 Nam
1583 885 1834 930 Copernici
1859 891 2052 930 praecepta

265 954 335 987 quo
361 942 477 977 minus
501 942 749 987 vulgarentur,
782 943 895 978 multa
919 943 1171 987 impedimento
1198 944 1354 979 fuerunt.
1402 944 1663 978 Dominabatur
1694 943 1754 977 illa
1788 947 1906 978 aetate
1940 947 2052 977 astro-

264 1000 368 1045 logia,
395 1001 497 1045 cujus
522 1001 558 1036 in
584 1001 791 1036 servitutem
817 1001 891 1035 dati
917 1001 1124 1046 astronomi,
1151 1013 1259 1045 quum
1286 1003 1379 1037 circa
1405 1013 1457 1045 ea,
1485 1002 1613 1045 quibus
1639 1001 1772 1036 auxilia
1797 1006 2053 1046 quaererentur

265 1058 502 1102 astrologiae,
529 1059 734 1103 haererent,
761 1058 1015 1093 Ptolemaicam
1040 1059 1225 1101 rationem,
1253 1071 1322 1104 qua
1348 1060 1528 1095 nitebatur
1551 1060 1761 1104 astrologia,
1786 1071 1858 1095 non
1883 1064 2053 1104 poterant

264 1128 335 1151 non
361 1116 540 1151 anteferre
567 1116 844 1161 Copernicanae.
893 1117 980 1151 Inde
1006 1117 1157 1160 factum,
1197 1122 1235 1151 ut
1261 1117 1433 1161 astrologi
1459 1118 1732 1161 quibuscunque
1757 1122 1926 1162 poterant
1945 1117 2051 1152 armis

265 1175 547 1219 Copernicanam
571 1175 745 1210 rationem
772 1175 1025 1219 impugnarent
1049 1176 1218 1219 virosque
1244 1176 1371 1220 opibus
1399 1180 1433 1210 et
1458 1176 1671 1210 auctoritate
1696 1174 1865 1210 florentes
1891 1176 1927 1209 in
1952 1175 2050 1209 illam

264 1232 467 1267 incitarent.
516 1231 675 1275 Quorum
700 1232 920 1276 societatem,
947 1232 1072 1267 alienis
1100 1233 1188 1268 alias
1216 1233 1259 1268 ab
1287 1233 1482 1276 astrologia
1506 1233 1643 1274 animis,
1671 1244 1740 1267 uon
1767 1233 2052 1278 aspernabantur

265 1290 462 1325 catholicae
488 1290 661 1325 ecclesiae
688 1290 908 1326 defensores.
950 1291 1112 1325 Romana
1138 1291 1229 1325 enim
1248 1291 1356 1335 curia,
1385 1302 1492 1334 quum
1511 1291 1689 1325 continuis
1708 1291 1838 1326 ictibus
1855 1295 2051 1335 peteretur,

261 1359 306 1383 ne
330 1359 387 1383 res
413 1358 527 1384 novae
552 1348 659 1383 latius
685 1353 950 1394 grassarentur,
987 1349 1204 1385 irruentibus
1230 1350 1265 1384 in
1290 1349 1479 1385 formulam
1513 1348 1709 1393 antiquitus
1735 1348 1902 1383 traditam
1928 1342 2067 1382 adver-¹

262 1407 365 1442 sariis
391 1416 436 1441 ne
460 1411 703 1442 transversum
736 1407 878 1451 quidem
914 1407 1060 1451 digitum
1094 1407 1292 1442 cedendum
1320 1418 1397 1442 esse
1427 1408 1608 1443 censebat.
1658 1406 1771 1449 Quam
1797 1405 1840 1439 ob
1865 1416 1939 1439 rem
1966 1416 2050 1449 quo-

264 1474 462 1509 quoversus
489 1464 654 1508 dispositi
680 1464 960 1508 speculabantur
985 1465 1171 1509 custodes,
1198 1466 1276 1509 qui⁷
1313 1465 1426 1500 sicubi
1462 1463 1643 1499 erectioris
1669 1463 1776 1498 animi
1800 1463 2050 1507 liberiorisque

255 1522 381 1565 judicii
407 1522 510 1566 signa
535 1522 739 1565 emicarent,
766 1527 934 1566 tanquam
960 1524 1004 1558 ad
1031 1533 1216 1557 commune
1245 1523 1448 1558 incendium
1477 1522 1770 1565 restinguendum
1797 1528 2049 1556 concurrerent

261 1580 554 1624 mollioribusque
587 1580 630 1614 ab
658 1581 783 1615 animis
819 1580 915 1615 illius
948 1581 1174 1625 pestilentiae
1206 1582 1453 1625 contagionem
1491 1581 1736 1617 defenderent.
1786 1580 1937 1615 Infixam
1970 1591 2049 1615 esse

261 1638 407 1673 Terram
433 1637 512 1672 loco
539 1648 603 1672 suo
631 1638 690 1681 qui
714 1643 870 1682 negaret,
911 1648 992 1673 eum
1016 1649 1080 1683 pro
1107 1639 1250 1673 homine
1276 1639 1423 1683 nefario,
1451 1639 1619 1674 extremis
1646 1638 1832 1683 suppliciis
1858 1637 2047 1673 afficiendo

259 1695 462 1731 habendum
488 1705 567 1730 esse
593 1699 665 1729 tam
689 1695 803 1740 rigide
821 1696 983 1741 edixerat
997 1696 1164 1731 Pontifex
1182 1698 1376 1740 Romanus,
1403 1702 1441 1731 ut
1468 1697 1695 1741 Copernicus,
1721 1696 1815 1730 idem
1840 1696 1900 1730 ille
1926 1696 2048 1731 catho-

259 1752 407 1788 licorum
435 1763 615 1787 sacrorum
640 1752 829 1796 interpres,
857 1753 913 1788 cui
933 1764 1011 1787 cum
1028 1754 1248 1798 principibus
1267 1754 1439 1789 ecclesiae
1457 1755 1641 1790 Romanae
1666 1754 1749 1789 viris
1766 1754 1915 1799 insignis
1934 1754 2048 1798 gratia

261 1815 296 1844 et
320 1811 548 1846 necessitudo
575 1814 680 1855 esset,
707 1811 828 1845 multis
853 1810 1080 1845 familiarium
1107 1812 1393 1856 adhortantibus,
1421 1811 1479 1846 diu
1501 1824 1522 1848 a
1547 1823 1584 1846 se
1602 1813 1794 1856 impetrare
1821 1823 1890 1846 non
1909 1815 2045 1856 posset,

257 1874 298 1904 ut
334 1878 424 1913 quae
456 1869 663 1914 evigilasset
694 1868 934 1913 profiteretur.
991 1869 1094 1913 Quod
1128 1881 1234 1913 quum
1273 1869 1333 1904 diu
1368 1875 1554 1904 cunctatus
1590 1870 1724 1904 faceret
1756 1869 1892 1909 (eodem
1927 1874 2046 1903 autem

259 1938 328 1971 quo
349 1927 434 1962 obiit
452 1939 556 1971 anno,
583 1928 642 1971 qui
662 1932 738 1961 erat
757 1928 844 1962 1543
872 1932 954 1962 ante
974 1928 1065 1962 diem
1084 1939 1216 1962 nonum
1237 1929 1409 1964 Calendas
1429 1929 1564 1972 Iunias,
1583 1927 1734 1972 primum
1752 1926 1831 1960 libri
1851 1927 1905 1961 sui
1930 1937 2046 1960 exem-

256 1986 356 2030 plum
380 1987 475 2031 typis
501 1996 709 2029 expressum
736 1986 905 2030 accepit),
943 1985 1058 2020 editor
1082 1987 1161 2021 libri
1188 1987 1481 2030 Revolutionum,
1518 1997 1562 2021 ne
1593 1985 1737 2020 infamia
1767 1984 1953 2028 Copernici
1984 1994 2046 2018 110-

256 2044 342 2078 mini
367 2043 642 2088 adspergeretur
668 2043 863 2077 cavendum
890 2054 968 2078 esse
989 2044 1172 2087 judicavit,
1199 2044 1250 2079 sic
1276 2044 1476 2088 praefatus:
1504 2045 1592 2079 Non
1617 2044 1759 2086 dubita,
1795 2044 1878 2088 quin
1913 2042 2047 2077 eruditi

256 2102 416 2146 quidem,
454 2103 601 2147 vul-quta
624 2102 707 2145 jam
741 2102 783 2137 de
817 2103 976 2137 novitate
1001 2103 1243 2147 hypotheseon
1275 2102 1385 2146 hujus
1420 2103 1538 2146 operis
1567 2102 1683 2145 fama,
1723 2102 1942 2136 vehementer
1973 2101 2046 2134 sint

257 2160 384 2204 offensi
404 2163 602 2204 putentque
627 2160 840 2204 disciplinas
865 2161 1030 2195 liberales
1052 2165 1144 2196 recte
1161 2160 1243 2203 jam
1270 2163 1353 2196 olim
1372 2162 1588 2196 constitutas
1605 2161 1749 2196 turbari
1773 2171 1847 2195 non
1865 2164 2040 2204 oportere.

245 2217 393 2252 Verum
417 2218 449 2252 si
473 2228 547 2252 rem
572 2222 692 2252 exacte
712 2218 933 2262 perpendere
958 2220 1092 2262 volent,
1125 2220 1305 2254 imenient
1336 2224 1517 2254 auctorem
1542 2219 1650 2262 hujus
1675 2219 1794 2263 operis
1832 2218 1924 2252 nihil
1947 2217 2044 2262 quod

254 2276 466 2320 reprehendi
500 2279 680 2310 mereatur
704 2276 920 2310 commisisse
934 2301 1051 2311 .....
1105 2276 1191 2311 Cum
1223 2277 1347 2311 variae
1372 2277 1584 2321 hypotheses
1614 2286 1687 2310 sese
1721 2276 1891 2320 offerant,
1925 2279 2041 2311 astro-

252 2345 381 2369 nomus
405 2344 484 2368 eam
503 2334 732 2377 potissimum
750 2334 912 2377 arripiet,
938 2345 1028 2378 quae
1046 2335 1298 2378 comprehensu
1322 2335 1369 2369 sit
1392 2334 1579 2377 facillima.
1616 2331 1862 2378 Philosophus
1885 2334 2042 2376 fortasse

253 2391 599 2426 verisimilitudinem
638 2392 753 2436 maqz's
790 2392 963 2436 requiret,
1002 2397 1128 2427 neuter
1166 2397 1283 2427 tamen
1328 2393 1516 2437 quiequam
1555 2392 1642 2426 certi
1674 2389 1946 2435 comprehendet
1977 2395 2041 2426 aut

255 2449 384 2491 tradet,
409 2449 483 2484 nisi
507 2448 681 2484 divinitus
705 2449 759 2483 illi
783 2450 978 2484 revelatum
1009 2450 1121 2493 fuerit
1146 2455 1206 2485 etc.
1241 2451 1317 2488 (Cfr.
1337 2453 1398 2481 vol.
1418 2453 1443 2485 I.
1470 2462 1503 2492 p.
1524 2452 1614 2486 ⁶286.)
1662 2449 1863 2483 Praemissa
1896 2447 2038 2492 quidem

253 2505 393 2540 Nicolai
419 2505 662 2550 Schonbergii,
691 2506 886 2540 Cardinalis
914 2507 1083 2551 Capuani,
1111 2508 1263 2551 epistola
1290 2508 1337 2551 (d.
1357 2508 1491 2542 Romae
1512 2507 1677 2541 Calendis
1695 2507 1905 2542 Novembris
1926 2507 2037 2550 1536),

250 2564 357 2598 etiam
374 2569 480 2608 atque
499 2563 605 2598 etiam
623 2568 700 2598 orat
716 2564 957 2606 vehementer,
984 2569 1023 2599 ut
1040 2565 1220 2599 inventum
1239 2576 1339 2598 suum
1360 2565 1528 2599 studiosis
1547 2570 1671 2600 auctor
1689 2565 1933 2600 communicet.
1973 2565 2036 2607 Co-

249 2622 415 2665 pernicus
433 2627 551 2657 autem
568 2621 658 2656 libro
676 2622 789 2657 Paulo
804 2622 868 2656 III.
895 2622 1058 2656 Pontifici
1075 2623 1228 2657 maximo
1252 2622 1414 2657 dedicato
1441 2633 1461 2656 a
1479 2623 1688 2657 clericorum
1705 2622 1838 2657 invidia
1863 2626 1898 2656 et
1923 2622 2036 2657 crimi-

250 2679 353 2714 nibus
378 2685 494 2715 tutum
521 2691 558 2715 se
583 2684 767 2724 praestare
793 2680 948 2723 studuit,
976 2680 1112 2715 dicens:
1139 2685 1180 2715 ut
1199 2682 1344 2725 pariter
1368 2681 1465 2716 docti
1482 2686 1589 2726 atque
1618 2681 1755 2716 indocti
1780 2681 1956 2721 viderent,
1982 2691 2035 2714 me

250 2739 384 2773 nullius
398 2739 544 2773 omnino
558 2739 799 2783 subterfuyere
807 2738 1122 2782 juclz'cz'unmnalui
1139 2743 1222 2774 tuac
1237 2738 1434 2775 Sanctitati
1445 2751 1550 2784 quam
1561 2740 1725 2785 cuiquam
1742 2740 1847 2774 alteri
1862 2740 1929 2775 has
1939 2751 2036 2775 meas

251 2796 517 2831 lucubrationes
548 2797 727 2841 dedicare,
761 2801 802 2832 ut
834 2798 942 2841 facile
976 2802 1040 2832 tua
1076 2798 1298 2832 authoritate
1333 2802 1366 2832 et
1382 2797 1525 2840 judicio
1560 2798 1859 2833 calumniantium
1895 2807 2035 2832 morsus

249 2854 441 2898 reprimere
459 2856 590 2898 possis,
617 2856 683 2890 etsi
705 2856 744 2889 in
764 2856 959 2899 proverbio
982 2857 1039 2897 sit,
1065 2866 1139 2890 non
1165 2866 1236 2890 esse
1263 2855 1455 2890 remedium
1481 2856 1653 2890 adversus
1675 2855 1918 2900 sycophantae
1941 2865 2033 2889 mor-

249 2922 327 2945 sum
332 2937 446 2946 .....
488 2912 713 2947 Mathemata
740 2911 1001 2947 mathematicis
1025 2913 1241 2951 scribuntur,
1268 2913 1396 2957 quibus
1421 2917 1453 2947 et
1469 2913 1507 2947 hi
1523 2913 1642 2948 nostri
1665 2913 1817 2955 labores,
1841 2912 1942 2946 sime
1958 2923 2032 2947 non

246 2968 345 3010 fallit
370 2968 504 3012 opinio,
530 2968 746 3004 videbuntur
763 2971 871 3005 etiam
894 2971 1112 3016 reipublicae
1137 2972 1394 3006 ecclesiastieae
1420 2971 1616 3006 conducere
1640 2969 1787 3013 aliquid,
1814 2969 1917 3012 eujus
1927 2970 2031 3014 prin-

249 3025 407 3069 cipatum
431 3028 496 3060 tua
520 3025 707 3060 Sanctitas
731 3039 826 3062 nunc
850 3032 955 3064 tenet.

388 3082 463 3117 Nec
488 3082 600 3127 magis
626 3084 848 3126 evangelicae
875 3085 1048 3120 formulae
1074 3086 1286 3130 interpretes
1316 3086 1594 3130 Copernicanam
1619 3085 1791 3120 rationem
1818 3084 2029 3129 probabant,

247 3140 419 3176 librorum
445 3151 646 3186 sacrorum,
679 3141 808 3186 quibus
834 3143 981 3179 Terram
1016 3154 1086 3180 non
1111 3144 1245 3180 moveri
1271 3143 1474 3187 doceretur,
1502 3143 1715 3180 auctoritate
1740 3142 1806 3177 usi.
1856 3142 1923 3187 Qui
1949 3153 2029 3180 cum
