2177 3408
903 209 1005 246 1590.
1775 212 1859 258 575

57 327 113 366 M.
146 327 393 377 gravioribus
438 329 604 377 negotiis
639 330 687 368 ab
718 329 792 367 hac
821 328 926 366 facili
971 339 1063 365 cura
1093 331 1280 365 semotam
1313 328 1456 377 instigo
1489 340 1661 377 rursum,
1708 331 1740 368 si
1773 332 1862 381 plus

57 387 162 435 Justo
195 386 331 425 videar
363 398 446 425 esse
479 386 690 426 sollicitus:
724 389 773 425 sit
806 388 860 424 ita
892 397 997 434 sane,
1032 386 1200 423 dumodo
1234 390 1271 423 ct
1302 385 1417 435 hujus
1451 388 1640 436 epistolae
1673 400 1791 427 eausa
1822 396 1860 428 et

60 446 178 482 totius
218 457 327 483 meae
359 446 558 494 petitionis
589 448 686 484 ratio
718 447 774 483 ita
805 446 873 482 tibi
908 449 1077 490 constet,
1119 449 1162 482 ut
1193 456 1277 482 eam
1309 444 1499 493 frequenti
1530 451 1669 495 postea
1701 450 1857 486 senatui

61 514 146 541 meo
179 505 336 541 nomine
368 503 547 541 exhibere
579 507 719 554 possis.
771 504 936 549 Etenim,
970 509 1012 540 ut
1043 502 1139 540 nihil
1173 502 1218 540 de
1241 504 1416 552 exemplo
1440 504 1566 542 dicam
1588 504 1643 543 M.
1667 505 1860 545 Samuelis

56 559 316 609 Ubermanni,
363 563 429 610 qui
469 563 623 601 nomine
661 562 877 600 Parochiac
918 561 1226 607 Wissachensis‚
1275 573 1391 610 quam
1432 562 1729 602 administrabat
1775 566 1860 614 eJus

56 624 177 668 pater,
212 621 248 656 in
282 621 568 669 possessionem
591 623 696 658 venit
728 621 842 669 hujus
875 619 1055 669 stipendii
1090 621 1171 668 ipse
1204 625 1242 657 et
1264 620 1443 657 alumnus
1466 621 1723 660 Illustrissimi
1752 625 1859 672 prin-

58 680 153 726 cipis
187 684 224 715 et
252 678 332 727 jani
356 678 545 726 Magister
567 679 689 727 (qnod
722 681 813 715 inihi
838 680 1051 716 communis
1080 678 1178 726 juris
1201 678 1399 715 obtinendi
1424 691 1531 728 spem
1557 680 1680 719 lacere
1703 684 1857 732 possit),

57 738 88 772 si
121 735 184 773 vel
216 737 336 785 ipsius
369 736 606 785 indigentiae
639 738 827 775 habeatur
850 738 967 773 ratio:
1001 747 1077 773 non
1111 737 1265 772 omnino
1290 736 1470 785 indiguus
1505 749 1550 774 ea
1581 741 1680 787 stipe
1713 743 1859 778 censeri

57 794 194 832 debeo.
255 794 354 831 Nam
388 796 458 831 etsi
490 807 550 832 res
583 796 781 833 familiaris
814 807 889 832 non
922 795 1049 832 accisa
1082 800 1140 831 est
1171 794 1281 840 adeo,
1316 801 1357 832 ut
1388 794 1484 831 nihil
1516 795 1607 832 olim
1640 799 1859 845 patrimonii

58 853 151 889 mihi
174 854 224 889 sit
246 852 550 901 expectandum:
586 860 712 891 tamen
744 854 799 890 ita
830 853 1006 890 turbatae
1038 857 1076 889 et
1107 851 1273 889 afflictae
1295 858 1384 889 sunt
1407 865 1538 890 omnes
1571 854 1655 902 ejus
1677 858 1858 904 rationes,

57 917 97 948 ut
129 911 313 959 quicquid
346 910 433 947 inde
466 914 670 959 proveniat
702 912 818 949 annui
847 910 1004 956 reditus,
1037 910 1075 946 id
1108 921 1220 947 omne
1253 911 1289 946 in
1323 911 1407 959 ejus
1438 915 1712 950 correctionem
1742 917 1857 952 resti-

58 970 323 1017 tutionemque
364 970 413 1006 sit
445 969 760 1008 convertendum.
824 968 972 1017 Quodsi
1005 969 1114 1005 Deus
1146 969 1335 1017 propitius
1367 975 1525 1016 animat,
1561 976 1601 1006 ut
1633 971 1858 1020 aliquando,

62 1028 202 1076 quibus
235 1039 336 1064 nnnc
367 1027 607 1065 conflictatur
639 1028 770 1075 malis,
814 1031 1005 1076 emergat,
1049 1038 1124 1064 non
1160 1026 1377 1064 dubitarem
1420 1028 1518 1064 ultro
1559 1028 1694 1066 cedere
1728 1031 1856 1078 alicui,

57 1088 121 1134 qui
154 1087 191 1122 in
225 1086 360 1134 majori
395 1092 495 1123 esset
527 1088 670 1136 inopia.
735 1086 809 1134 Qui
843 1097 934 1123 vero
967 1097 1068 1122 nunc
1100 1087 1283 1133 temporis
1320 1086 1414 1122 mihi
1446 1092 1534 1122 sunt
1572 1090 1856 1136 competitores,

58 1145 121 1192 qui
155 1155 264 1180 suan]
296 1145 473 1192 petitioni
506 1144 765 1194 praetendunt
797 1146 981 1193 inopiam,
1013 1143 1101 1180 illos
1134 1150 1235 1181 certe
1267 1155 1343 1180 non
1375 1155 1459 1182 reor
1481 1144 1668 1183 hactenus
1700 1153 1857 1184 susten-

57 1204 127 1239 tari
171 1203 253 1239 sine
296 1204 514 1240 necessario
558 1210 686 1241 sumtu
725 1204 912 1252 potuisse.
974 1202 1066 1239 Sive
1108 1203 1239 1250 itaque
1277 1202 1464 1239 beneficio
1507 1203 1666 1241 alterius
1701 1206 1854 1242 vivant:

57 1259 229 1308 ejusdem
271 1266 361 1297 sunt
401 1273 549 1299 mecum
582 1262 834 1307 conditionis,
873 1263 956 1298 sive
996 1261 1161 1309 propriis
1201 1265 1357 1297 utantur
1399 1262 1611 1298 sumtibus:
1649 1263 1730 1311 jam
1769 1270 1859 1300 sunt

57 1318 172 1366 longe
205 1330 264 1356 me
298 1319 476 1366 ditiores,
512 1321 595 1368 qui,
629 1322 660 1357 si
693 1319 793 1357 idem
827 1330 1002 1368 possem,
1037 1318 1165 1356 alieno
1197 1318 1335 1356 lubens
1368 1330 1547 1356 carerem.
1609 1319 1691 1358 Nec
1722 1323 1753 1358 si
1782 1321 1862 1359 illis

57 1377 268 1414 utrolibet
300 1377 414 1414 modo
448 1379 577 1415 studia
609 1380 834 1416 continuare
869 1377 1024 1414 difficile
1057 1376 1227 1424 videtur,
1270 1381 1476 1426 propterea
1507 1378 1619 1416 facile
1652 1379 1744 1417 mihi
1779 1382 1860 1426 erit,

55 1435 139 1472 solo
171 1435 429 1472 Illustrissimi
452 1436 642 1486 Principis
676 1441 897 1474 contentum
931 1447 1015 1473 esse
1038 1434 1244 1484 stipendio.
1298 1435 1383 1472 Non
1411 1435 1493 1484 jam
1527 1436 1664 1484 dicam,
1697 1443 1863 1485 quotus—

57 1495 220 1542 quisque
252 1493 590 1542 stipendiariorum
629 1495 725 1532 nihil
762 1494 807 1532 de
839 1506 910 1531 suo
943 1498 1158 1531 consumat.
1220 1494 1302 1531 Etsi
1335 1494 1471 1543 ingens
1514 1494 1587 1532 1100
1626 1501 1684 1532 est
1715 1496 1860 1534 libera-

57 1551 196 1588 lissimi
228 1551 418 1601 Principis
451 1554 702 1601 beneficium,
738 1554 804 1601 qui
836 1557 985 1590 sumtus
1017 1553 1226 1589 immensos
1258 1552 1361 1599 facit,
1395 1552 1485 1589 dum
1518 1558 1574 1590 tot
1595 1553 1862 1592 adolescentes

55 1611 224 1659 protegit
255 1610 421 1659 alitque,
461 1616 590 1649 tamen
632 1623 718 1649 cum
750 1611 865 1660 longe
897 1611 1021 1659 major
1051 1610 1125 1647 11οο
1157 1615 1331 1659 tempore
1363 1622 1449 1648 mea
1480 1612 1530 1648 sit
1574 1617 1743 1660 egestas,
1785 1625 1863 1650 non

57 1680 195 1706 vereor
225 1668 489 1707 mendicorum
520 1671 774 1719 pertinacium
797 1681 914 1716 more,
950 1667 1054 1717 quod
1076 1680 1135 1706 res
1158 1676 1227 1715 est,
1261 1668 1399 1707 dicere.
1453 1668 1619 1706 Omnino
1641 1672 1724 1708 seni
1745 1676 1862 1719 quot-

55 1728 168 1764 annis
201 1727 334 1764 floreni
374 1728 500 1766 solent
540 1731 689 1778 erogari
734 1728 898 1777 singulis
932 1739 951 1765 e
983 1727 1076 1764 fisco
1114 1727 1318 1776 principis3
1364 1739 1449 1765 eam
1481 1733 1610 1765 autem
1642 1732 1861 1777 pecuniam,

57 1791 202 1834 quanta
236 1790 382 1834 quanta
414 1792 483 1834 est,
517 1786 666 1836 liquido
695 1787 825 1836 jurare
859 1788 996 1832 ausim,
1032 1785 1094 1823 vel
1125 1784 1231 1822 solos
1264 1790 1413 1823 sutores
1447 1785 1513 1835 (sit
1534 1786 1658 1824 honos
1685 1788 1861 1837 auribus)

56 1848 223 1881 sartores
255 1848 623 1892 veteramentarios,
668 1846 901 1893 lotrieesque
940 1845 1014 1881 sibi
1055 1843 1232 1881 revoluto
1265 1854 1366 1881 anno
1400 1844 1630 1892 deposcere,
1669 1847 1741 1882 nisi
1775 1847 1862 1894 quis

56 1904 229 1951 apprime
262 1902 311 1939 ad
343 1905 515 1942 rationes
547 1906 716 1942 intentus
748 1905 808 1941 sit.
872 1903 924 1939 At
956 1901 1056 1939 unde
1090 1904 1209 1939 vestis
1242 1902 1375 1950 aliqua
1405 1914 1531 1950 nova,
1572 1902 1635 1940 vel
1666 1903 1864 1941 honestior

59 1961 320 2008 quotidiana?
355 1960 466 2000 Unde
498 1962 598 2009 libri,
633 1961 808 1999 studioso
840 1960 1112 2010 philosophiae
1144 1960 1382 1997 necessarii?
1429 1958 1539 1998 Unde
1572 1967 1720 1999 sumtus
1753 1974 1863 2000 asse-

59 2019 222 2067 quendis
254 2019 503 2058 honoribus?
555 2019 667 2059 Unde
698 2020 867 2069 reliqua,
913 2031 1012 2068 quae
1046 2018 1274 2067 quotidiana
1305 2018 1455 2067 flagitat
1489 2021 1717 2066 necessitas,
1763 2032 1861 2069 quae

56 2079 200 2115 nemini
233 2079 287 2115 ita
319 2083 412 2117 nota
444 2091 529 2117 esse
561 2083 725 2128 possunt
757 2090 802 2116 ac
835 2080 887 2125 ei,
928 2078 992 2126 qui
1026 2077 1099 2114 1100
1131 2083 1302 2125 tempore
1342 2076 1480 2114 studiis
1522 2088 1678 2126 operam
1710 2078 1862 2115 navat?

57 2134 204 2183 Quodsi
239 2147 284 2173 ea
315 2136 393 2174 fere
427 2136 643 2187 legatorum
677 2139 846 2174 omnium
880 2148 988 2173 mens
1021 2140 1079 2172 est
1110 2139 1148 2173 et
1180 2136 1362 2181 intentio,
1398 2141 1440 2172 ut
1470 2135 1577 2172 hisce
1610 2138 1689 2173 suis
1722 2138 1861 2174 sumti-

56 2194 127 2231 bus
159 2193 334 2232 homines
367 2195 485 2242 alant,
519 2208 594 2233 non
628 2197 694 2244 qui
721 2197 758 2232 in
791 2194 915 2232 malos
948 2205 1040 2232 usus
1073 2205 1139 2231 eos
1172 2199 1411 2239 convertant,
1444 2193 1511 2231 sed
1534 2193 1679 2242 gloriae
1704 2195 1860 2232 divinae

55 2252 258 2290 commoda
288 2260 563 2301 promoveant:
607 2265 719 2302 spero
758 2252 956 2302 equidem,
998 2252 1105 2289 Deus
1137 2251 1251 2289 modo
1283 2253 1473 2300 propitius
1510 2259 1673 2300 amittat,
1719 2255 1749 2289 si
1782 2265 1859 2301 quo

55 2310 169 2348 niodo
202 2312 326 2348 minus
370 2312 525 2361 indigus
566 2312 654 2349 aliis
695 2312 802 2349 suero
844 2322 1063 2360 possessor,
1108 2310 1145 2346 id
1177 2321 1237 2347 1110
1278 2312 1431 2359 egregie
1471 2310 1636 2358 posthac
1669 2311 1858 2348 industria

55 2380 143 2406 mea
174 2376 534 2418 compensaturum,
582 2382 650 2408 nec
682 2381 853 2418 unquam
885 2368 1041 2417 quidem
1083 2380 1214 2405 eorum
1248 2368 1494 2405 decoctorum
1526 2381 1632 2407 more
1667 2369 1860 2418 dilapida—

58 2431 197 2465 turum.
259 2427 305 2464 ld
336 2429 440 2476 quod
472 2441 519 2466 ex
550 2440 721 2466 meorum
759 2434 1053 2477 praeceptorum
1096 2427 1316 2464 testimonio
1350 2427 1481 2463 malim
1514 2428 1595 2476 ipse
1630 2438 1856 2476 cognoscas,

59 2496 174 2532 quam
206 2487 405 2533 promissis
437 2488 532 2524 meis
563 2492 705 2525 temere
737 2486 851 2524 fidem
883 2485 1082 2524 adhibeas,
1123 2484 1233 2522 Haec
1265 2496 1336 2532 ego
1368 2485 1567 2531 hactenus,
1602 2485 1695 2522 nihil
1719 2492 1857 2534 postu-

54 2542 151 2589 lans,
184 2543 280 2579 nihil
308 2544 405 2591 juris
437 2546 528 2582 inihi
562 2557 759 2593 arrogans,
794 2543 861 2582 sed
895 2545 1024 2581 omnia
1057 2548 1145 2580 tuae
1167 2543 1220 2580 M.
1246 2543 1558 2591 collegarumque
1591 2543 1674 2591 ejus
1697 2543 1858 2591 amplis-

55 2602 250 2646 simorum,
285 2601 591 2641 doctissimorum
616 2605 784 2639 virorum
807 2603 963 2639 arbitrio
986 2601 1195 2649 subjiciens
1219 2613 1364 2649 eosque
1393 2613 1509 2650 quam
1532 2612 1689 2649 possum
1714 2600 1857 2637 humil-

55 2658 144 2696 lime
176 2670 350 2708 precans,
384 2662 531 2710 scripsi.
595 2661 703 2698 Deus
727 2660 778 2698 M.
812 2666 918 2698 tuam
950 2658 1182 2696 ineolumem
1215 2671 1386 2708 eousque
1419 2664 1632 2704 conservet,
1667 2665 1708 2695 ut
1739 2658 1855 2695 intel-

55 2716 173 2765 ligere
205 2718 348 2766 possit,
393 2730 463 2756 nec
502 2721 652 2767 ingrato
685 2730 795 2756 suam
828 2730 1004 2767 operam,
1046 2729 1116 2755 nec
1147 2719 1336 2755 immerito
1369 2717 1443 2754 hoc
1476 2716 1651 2754 beneficii
1684 2716 1854 2754 locatum

61 2786 159 2813 esse.
221 2775 334 2813 Vale.

668 2832 983 2882 Magnificentiae
1017 2833 1125 2871 Tuae

767 2889 1117 2928 obedientissimus
1149 2889 1324 2928 ι1011111100
1346 2889 1552 2939 Keplerus,
1585 2888 1858 2940 philosophiae

1147 2949 1357 2995 studiosus,
1390 2949 1645 2986 Illustrissimi
1670 2948 1858 2999 Principis

1145 3006 1432 3055 stipendiarius.

197 3125 336 3157 Senatus
365 3122 590 3164 Tubingensis
617 3124 648 3157 d.
674 3126 710 3156 4.
727 3123 808 3154 Nov.
838 3123 938 3156 1591.
968 3121 1053 3152 adiit
1078 3122 1253 3163 Wilenses,
1278 3122 1349 3153 vice
1375 3131 1470 3153 versa
1495 3126 1612 3165 petens
1638 3126 1675 3153 ut
1691 3123 1855 3165 Keplerus

59 3183 119 3214 hoc
147 3184 357 3221 „stipendi‹‚“
386 3185 417 3213 iu
447 3187 616 3223 pactorum
642 3182 707 3214 frui
732 3185 856 3225 posset,
886 3178 1046 3222 „dieweil
1071 3177 1291 3223 obgemelter
1308 3177 1443 3224 Kepler
1469 3179 1521 3222 (so
1548 3182 1621 3215 erst
1645 3179 1796 3217 newlieh
1821 3180 1857 3215 in

1504 3237 1583 3274 44*
