2126 3388
928 164 1029 200 1605.
1785 165 1866 209 765

79 295 179 332 quae
211 283 340 334 quoad
372 284 523 334 corpori
554 282 738 321 adhaeret
769 287 826 321 est
858 281 1077 330 utilissima,
1109 285 1258 320 resecta
1297 283 1467 320 moritur.
1528 282 1594 321 Sic
1624 282 1671 321 de
1702 284 1785 333 ipso
1817 285 1872 322 nil

78 352 232 390 possem
263 342 449 392 polliceri,
482 343 556 379 nisi
587 353 736 380 mecum
767 342 828 378 sit.
871 340 1062 390 Proposui
1097 342 1168 389 ipsi
1189 340 1372 390 legendas
1394 341 1448 380 M.
1471 341 1516 379 T.
1538 341 1688 390 literas3
1720 348 1872 391 promta

83 400 233 438 videtur
263 412 347 439 esse
381 401 600 447 voluntate,
642 405 770 437 metuo
803 406 844 436 ut
876 410 946 436 5110
979 411 1084 438 111010
1123 401 1348 438 temerarius
1380 398 1434 440 Μ,
1467 399 1511 438 Τ.
1544 399 1686 438 fiducia
1715 412 1801 439 sese
1833 403 1871 437 in

80 458 150 496 iter
182 459 378 508 conjiciat.
429 459 520 497 Jam
552 457 697 507 pridem
730 459 830 494 enim
862 458 1032 495 abiturit.

218 517 504 555 Commentaria
536 517 581 554 de
613 516 781 554 motibus
813 515 950 553 Martis
983 521 1019 553 et
1050 527 1128 553 una
1159 515 1310 554 tabulas
1343 516 1589 565 computandi
1610 516 1711 555 hunc
1732 517 1871 567 plane-

78 578 157 612 tam
188 575 403 623 facillimas,
435 575 503 613 sed
533 575 716 624 prolixas,
748 573 948 612 Natalitiis
978 574 1117 611 tradidi
1140 573 1308 622 Caesari,
1341 574 1409 612 sed
1431 586 1508 613 11011
1530 575 1644 624 plane
1667 575 1870 626 descripta,

80 638 118 670 et
149 634 278 682 capita
308 633 501 683 quaedam
533 633 671 671 desunt
703 632 839 680 adhuc,
873 644 973 681 quac
1004 632 1190 681 paulatim
1222 638 1392 682 11011οΧ0.
1436 632 1573 682 Capita
1594 639 1683 671 sunt
1700 633 1781 682 jam
1806 638 1870 673 51.

82 691 243 742 Explico
277 703 410 730 omnes
441 703 548 730 meos
581 697 760 737 conatus,
800 698 842 728 ut
873 696 978 728 tanto
1011 691 1148 728 melius
1182 696 1349 737 constet,
1396 702 1462 729 eur
1500 692 1599 730 hanc
1630 694 1874 741 potissimum

79 751 183 788 viam
215 751 362 788 iverim.
414 750 562 787 Multus
583 760 668 786 sum
691 751 727 785 in
750 751 874 787 causis
897 748 1068 798 physicis
1101 748 1344 797 indagandis.
1397 748 1546 799 Scopus
1578 762 1686 788 meus
1719 751 1780 789 hie
1803 757 1871 799 est,

80 813 122 845 ut
153 807 359 846 coelestem
391 808 608 845 machinam
641 806 764 844 dicam
795 818 872 844 non
905 818 987 844 esse
1020 807 1138 844 instar
1160 807 1281 844 divini
1304 808 1494 855 animalis,
1527 807 1595 845 sed
1617 810 1736 847 instar
1757 809 1873 848 horo-—

78 866 186 914 logii,
218 871 260 903 ut
291 868 329 903 in
362 878 439 916 qua
469 877 567 915 pene
598 867 720 903 omnis
752 872 924 902 motuum
958 866 1125 903 varietas
1158 866 1205 902 ab
1229 877 1304 903 una
1335 865 1619 915 simplicissima
1652 869 1873 918 1111110800-

79 925 156 961 tica
188 924 399 973 corporali,
441 926 498 962 uti
529 926 567 960 in
598 923 799 972 horologio
832 929 960 961 motus
992 934 1124 961 0011105
1156 935 1179 961 a
1209 923 1496 973 simplicissimo
1533 924 1701 974 pondere
1707 954 1872 968 ......

81 982 259 1020 Ceterum
300 982 412 1021 edere
443 984 524 1029 51110
557 993 746 1020 00115011511
778 980 1010 1030 Tengnaglii
1042 992 1119 1019 non
1149 993 1329 1031 possum:
1372 982 1495 1020 audiit
1532 994 1669 1032 nempe
1701 983 1754 1021 M.
1788 984 1874 1022 Tua

81 1040 210 1078 forsan
251 1052 298 1079 ex
328 1038 380 1079 D.
414 1040 581 1078 Pistorio
622 1040 668 1078 de
708 1045 839 1078 nostra
879 1041 1134 1078 conventione
1176 1045 1213 1078 et
1251 1040 1489 1090 obligatione
1530 1047 1674 1082 mutua.
1736 1042 1811 1091 Qui
1842 1044 1875 1080 si

81 1098 247 1137 difficilis
280 1105 338 1138 est
368 1099 539 1146 futurus,
585 1098 821 1147 exemplaria
860 1099 1012 1147 scriptis
1045 1099 1338 1137 communicabo
1369 1098 1431 1152 (ne
1463 1111 1558 1149 opus
1599 1105 1720 1138 morte
1753 1100 1874 1139 desti-

81 1155 214 1209 tuam),
246 1158 279 1194 si
311 1159 397 1206 quis
429 1162 577 1195 sumtus
610 1159 647 1193 111
681 1157 1002 1206 descriptionibus
1035 1162 1092 1195 est
1125 1157 1395 1196 collocaturus.
1443 1158 1587 1197 Verum
1619 1164 1656 1197 et
1687 1159 1874 1197 11001011-

82 1216 266 1263 cendum,
312 1227 359 1254 ne
400 1215 528 1253 forsan
562 1221 599 1253 et
628 1215 691 1253 hie
723 1227 763 1253 se
806 1226 1000 1264 opponere
1041 1215 1145 1254 velit.
1207 1216 1251 1253 In
1283 1216 1446 1266 physica
1476 1222 1585 1266 parte
1616 1219 1875 1256 astronomica

84 1273 226 1312 directe
257 1280 432 1323 pugnant
463 1286 548 1312 00111
580 1273 805 1324 Tychonica
836 1275 976 1321 forma,
1011 1278 1048 1311 et
1079 1274 1199 1311 nolim
1230 1276 1355 1323 ipsum
1389 1286 1585 1313 censorem
1616 1276 1711 1314 ferre
1744 1276 1875 1326 Teng-

82 1332 266 1382 naglium‚
299 1338 416 1382 atque
448 1331 596 1382 aliquid
627 1331 782 1381 publice
815 1331 952 1379 dicere,
987 1331 1090 1380 quod
1121 1334 1303 1382 privatim
1336 1332 1447 1371 aliter
1477 1335 1670 1372 sentirem.

221 1390 384 1440 Quaeris
417 1390 463 1429 de
495 1390 644 1439 reliqua
675 1401 762 1428 mea
791 1390 956 1428 fortuna.
1008 1389 1215 1429 Mediocris
1248 1396 1316 1429 est.
1370 1391 1512 1430 Caesar
1542 1398 1693 1442 praeter
1724 1404 1875 1431 omnem

82 1461 206 1487 meam
237 1461 344 1498 spem
377 1449 426 1487 ob
459 1449 740 1487 dedicationem
771 1448 860 1486 libri
892 1451 1078 1496 (Opticae)
1111 1451 1350 1498 nuncupavit
1386 1454 1464 1488 100
1498 1450 1679 1489 thaleros.
1730 1450 1806 1489 Sed
1839 1456 1877 1489 et

84 1507 122 1545 hi
156 1514 194 1546 et
224 1507 291 1545 alii
324 1512 404 1546 400
440 1508 572 1546 11010111
605 1519 651 1545 ex
683 1507 870 1556 superiori
903 1519 1004 1545 anno
1035 1513 1125 1547 sunt
1155 1508 1259 1557 apud
1292 1514 1548 1557 quaestorem.
1590 1509 1794 1547 Carissime
1815 1510 1877 1547 hie

82 1567 238 1604 vivitur.
281 1566 331 1603 Et
361 1565 468 1615 prole
501 1570 638 1603 auctus
671 1577 767 1613 sum,
802 1577 901 1614 quae
932 1571 1133 1605 sumtuosa
1163 1578 1222 1604 res
1255 1571 1328 1604 est.-
1367 1566 1408 1605 Si
1432 1567 1621 1605 credenda
1642 1573 1742 1612 sunt,
1776 1579 1875 1617 quae

81 1623 255 1662 Nuncius
288 1623 540 1674 Apostolicus
572 1623 665 1661 mihi
698 1623 810 1671 dixit,
843 1624 1101 1672 gratulaberis
1132 1624 1395 1674 Tengnaglio‚
1438 1625 1541 1675 quod
1575 1625 1797 1664 Catholicus
1829 1628 1878 1663 sit

80 1682 218 1721 sactus.
279 1683 349 1720 Est
387 1687 588 1732 praeterea
627 1682 872 1720 confirmatus
906 1684 942 1720 in
976 1683 1102 1721 officio
1142 1683 1448 1733 appellationum
1489 1685 1708 1724 consiliarii.
1767 1684 1878 1723 Haec

82 1742 210 1779 omnia
240 1740 420 1780 fiduciam
452 1741 545 1778 mihi
577 1740 736 1788 addunt,
769 1741 848 1779 sore
882 1745 922 1778 ut
953 1743 1191 1781 astronomia
1211 1744 1248 1779 in
1271 1754 1378 1780 meos
1400 1742 1580 1781 humeros
1601 1744 1760 1781 remissa
1782 1743 1876 1780 nihil

81 1811 141 1838 me
174 1799 267 1838 velit
297 1799 481 1849 impedire
514 1801 550 1837 in
584 1801 679 1837 meis
712 1798 957 1837 editionibus.

218 1865 285 1900 Die
310 1865 365 1901 28.
384 1865 505 1900 Martii
529 1865 708 1909 Keplerus
727 1865 910 1900 Herwarto
936 1864 1098 1909 pluribus
1126 1866 1283 1911 explieat
1307 1866 1522 1911 hypothesin
1542 1867 1821 1912 Copernicanam
1843 1872 1878 1903 et

83 1923 330 1968 quaestionem
348 1923 391 1959 de
405 1924 519 1966 Luna,
538 1922 697 1958 meridiei
715 1927 876 1968 tempore
891 1934 1002 1968 prope
1022 1924 1139 1959 Solem
1157 1925 1232 1959 visa
1246 1925 1302 1969 (II.
1319 1928 1362 1960 85
1377 1926 1446 1970 55),
1466 1925 1510 1959 ad
1529 1936 1634 1969 quam
1653 1926 1746 1961 redit
1764 1927 1877 1961 literis

79 1981 112 2015 d.
136 1981 193 2017 27.
219 1981 351 2026 Aprilis
378 1982 468 2017 datis
495 1984 547 2025 (ΙΙ.
575 1983 653 2026 93),
680 1981 769 2017 haec
795 1982 1046 2025 praemittens:
1087 1979 1287 2019 Laurentii
1328 1982 1529 2030 scriptum,
1575 1984 1628 2021 ita
1667 1988 1710 2020 ut
1747 1985 1877 2032 petisti

82 2038 246 2077 remitto,
305 2036 404 2074 Nam
437 2038 509 2075 etsi
541 2037 694 2085 quidem
727 2037 888 2075 Italicae
920 2038 1077 2087 linguae
1099 2040 1276 2087 peritIam
1310 2051 1386 2077 non
1409 2052 1587 2088 magnam
1611 2041 1749 2089 habeo,
1782 2043 1877 2079 satis

84 2101 214 2133 tamen
254 2095 346 2144 quid
379 2094 472 2133 velit
502 2096 669 2144 percepi.
731 2095 934 2133 Excutient
965 2098 1040 2135 ista
1070 2097 1159 2134 Itali
1199 2102 1236 2134 et
1265 2103 1416 2146 tempus
1455 2110 1687 2148 operamque
1726 2105 1879 2138 sument

87 2152 309 2203 exagitandi
341 2153 424 2202 ejus
458 2165 602 2192 errores
636 2155 893 2192 crassissimos
915 2159 985 2192 010.
1048 2158 1088 2191 In
1120 2157 1212 2193 libro
1246 2158 1290 2193 de
1316 2158 1429 2194 Stella
1453 2170 1547 2194 nova
1574 2161 1633 2204 (II.
1660 2161 1744 2205 670)
1782 2161 1878 2205 Kep-

84 2213 180 2249 lerus
205 2214 271 2250 hos
299 2224 437 2249 errores
471 2214 679 2257 gravissime
713 2215 875 2259 increpat
900 2220 935 2250 et
960 2219 1088 2259 postea
1112 2214 1243 2251 librum
1271 2216 1451 2260 Pontiani,
1481 2217 1546 2260 „de
1570 2229 1728 2264 numero,
1755 2218 1877 2254 ordine

87 2276 123 2307 et
146 2276 245 2308 motu
270 2271 471 2307 coelorum“
501 2272 574 2316 (ed.
604 2273 708 2317 1606)
733 2271 899 2317 pluribus
924 2277 1025 2307 taxat
1052 2273 1104 2316 (ΙΙ.
1131 2277 1198 2308 825
1220 2273 1291 2317 55.).

219 2331 426 2366 Herwartus
440 2331 621 2366 mensibus
636 2331 814 2376 Augusto,
826 2331 1021 2366 Novembri
1038 2335 1073 2366 et
1091 2331 1280 2366 Decembri
1296 2331 1481 2369 anni1605
1500 2332 1621 2378 plures
1640 2335 1751 2370 movit
1770 2346 1876 2379 quac-

84 2389 230 2434 stiones,
255 2388 301 2425 ad
319 2399 408 2433 quas
427 2389 604 2434 Keplerus
622 2389 678 2424 die
697 2389 838 2424 demum
856 2389 913 2425 13.
934 2389 1016 2424 Jan.
1040 2390 1126 2425 1606
1143 2390 1338 2435 respondit,
1364 2390 1419 2425 his
1444 2401 1483 2425 se
1501 2401 1676 2428 excusans
1695 2393 1789 2437 quod
1803 2394 1877 2437 Jam

85 2448 226 2482 demum
256 2447 492 2492 respondeat:
525 2445 676 2484 Literas
708 2451 794 2483 tuas
828 2450 864 2483 6.
889 2445 1058 2494 Augusti
1089 2448 1251 2496 scriptas
1284 2447 1360 2496 legi
1394 2451 1459 2485 27.
1492 2447 1613 2496 Sept,
1646 2460 1730 2486 cum
1762 2461 1876 2498 prae-

84 2503 242 2542 cedente
274 2508 387 2542 noete
420 2503 571 2542 demum
604 2516 623 2542 0
655 2503 785 2554 StyrIa
814 2505 1059 2542 revertissem
1064 2533 1209 2545 .....
1270 2505 1313 2542 In
1345 2507 1507 2553 gratiam
1529 2505 1582 2543 M.
1606 2505 1650 2543 Τ.
1675 2509 1874 2556 quaestio-

84 2573 172 2600 nem
208 2564 407 2611 antiquam
434 2564 520 2609 (loci
545 2564 694 2600 Lucani.
720 2564 782 2599 IV.
812 2565 872 2608 90)
901 2562 1050 2600 calculo
1083 2562 1263 2601 subduxi.
1324 2562 1399 2601 Hic
1432 2563 1602 2601 calculus
1644 2564 1718 2602 huc
1756 2577 1877 2614 usque

87 2631 148 2657 me
181 2619 361 2667 detinuit,
405 2632 481 2670 quo
522 2623 648 2658 minus
688 2619 972 2668 responderem.
1034 2620 1146 2659 Hane
1178 2622 1279 2659 enim
1319 2621 1522 2670 epistolam
1556 2620 1713 2659 Octobri
1746 2635 1878 2660 mense

84 2678 249 2717 scribere
282 2679 403 2727 coepi.
454 2678 651 2717 Successit
683 2678 837 2727 eclipsis
869 2677 970 2716 Solis
1004 2678 1236 2727 observatio,
1270 2678 1377 2717 finita
1400 2679 1668 2718 observatione
1693 2683 1877 2719 successit

89 2817 375 2847 observationibus
397 2817 544 2857 Kepleri.
595 2817 691 2846 Anno
719 2817 807 2847 1604
834 2819 866 2846 et
890 2817 986 2847 initio
1012 2817 1092 2846 anni
1119 2817 1208 2848 1605
1234 2815 1383 2846 Joannes
1409 2814 1587 2847 Schulerus
1622 2816 1731 2849 officio
1767 2828 1876 2857 „ama—

87 2864 246 2894 nuensis“
274 2862 413 2904 Kepleri
439 2863 646 2901 fungebatur.
695 2863 807 2893 Mense
836 2863 955 2894 Martio
983 2863 1070 2894 1605
1097 2864 1233 2893 nunciat
1262 2861 1426 2902 Keplerus
1454 2861 1643 2894 Herwarto:
1683 2865 1754 2902 „De
1783 2865 1876 2904 adju-

85 2913 155 2940 tore
190 2910 284 2940 docto
312 2920 351 2940 ex
378 2908 516 2941 Altorfio
550 2919 624 2950 51105
651 2909 765 2949 accepi
790 2910 908 2948 bonas3
945 2918 1040 2948 quem
1066 2909 1093 2939 si
1120 2910 1313 2949 obtinuero,
1349 2918 1409 2949 pro
1441 2910 1566 2939 viribus
1600 2912 1786 2943 consuletur
1811 2914 1876 2944 tuis

86 2955 147 2987 ecli
179 2956 301 2987 sibus.“

154 2967 175 2998 p
192 3009 200 3012 ’·
230 3004 269 3033 In
293 3004 496 3035 bibliotheca
520 3001 699 3033 Basiliensi
724 3003 806 3032 hane
832 3001 1108 3041 deprehendimus
1133 3001 1268 3041 Kepleri
1294 3002 1486 3042 epistolam:

229 3047 265 3082 S.
289 3048 329 3082 P.
357 3049 401 3083 D.
427 3048 559 3090 Accepi
587 3046 709 3082 literas
736 3051 829 3085 tuas,
853 3045 1023 3080 Molinari
1050 3045 1270 3089 suavissime,
1298 3056 1430 3090 easque
1447 3046 1623 3092 geminas;
1649 3048 1780 3084 alteras
1799 3061 1878 3086 cum

94 3093 289 3138 exemplari
315 3094 484 3139 Ungarici
509 3092 633 3136 lexici,
663 3093 758 3137 quod
782 3092 867 3126 mihi
894 3096 949 3127 est
974 3097 1116 3135 gratum
1142 3091 1187 3126 ob
1213 3095 1404 3135 auctorem,
1431 3094 1498 3129 etsi
1525 3095 1695 3138 optarim,
1721 3100 1756 3130 te
1780 3096 1817 3132 id
1841 3098 1877 3132 in

93 3140 276 3180 meliorem
310 3144 411 3178 tuum
445 3151 550 3178 usum
581 3140 811 3177 convertisse.
864 3138 934 3175 Sed
971 3138 1164 3181 dummodo
1189 3138 1235 3176 ad
1260 3143 1343 3176 tuos
1375 3150 1463 3187 usus
1497 3141 1562 3178 tibi
1588 3141 1658 3179 alia
1681 3147 1878 3191 suppetant
