2126 3388
200 136 284 182 728
870 135 953 172 Vita
977 133 1127 171 Joannis
1153 133 1310 179 Kepleri.

199 253 293 288 scius
319 256 355 288 et
385 252 558 296 imperare
585 254 796 295 consuetus,
831 251 907 286 sine
934 250 1041 286 dubio
1067 250 1263 295 Keplerum
1290 248 1414 285 eodem
1441 248 1546 283 modo
1572 248 1709 291 habuit,
1735 258 1805 293 quo
1830 247 1989 291 reliquos

200 321 284 345 suos
319 309 597 352 „domesticos“,
635 308 891 353 „discipulosffl
928 310 1226 353 „amanuenses“;
1269 312 1399 343 testem
1432 307 1605 342 habemus
1638 306 1846 351 epistolam,
1884 316 1991 349 quam

198 378 307 413 snpra
333 369 380 412 (p.
405 368 470 401 715
497 367 532 400 in
558 367 655 410 nota)
680 367 804 410 paucis
831 366 1004 410 diximus,
1037 367 1206 410 scriptam
1231 376 1252 401 a
1276 365 1433 409 Keplero
1461 364 1517 398 die
1543 365 1575 400 6.
1602 363 1743 406 Martii,
1779 363 1861 398 dum
1888 363 1988 397 initio

196 425 327 471 Aprilis
342 424 459 469 pactio
478 423 569 458 inter
581 423 787 468 Tychonem
805 428 840 459 et
852 425 1048 469 Keplerum
1065 424 1161 459 facta
1179 424 1257 461 fuit.
1294 424 1351 458 Ex
1368 423 1435 457 hac
1454 421 1624 466 epistola,
1646 432 1858 466 quamquam
1878 420 1991 456 altera

197 484 279 518 talis
298 493 367 517 uon
393 486 512 516 exstat
529 482 564 515 in
582 480 652 516 illis
673 481 865 526 codicibus,
884 493 956 516 non
974 482 1050 517 sine
1068 481 1375 516 verisimilitudine
1394 479 1610 515 concludere
1627 479 1729 523 licet,
1756 479 1952 523 Keplerum
1970 488 1991 512 a

201 540 372 585 Tychone
397 539 442 573 ad
469 538 594 573 eadem
621 539 764 573 servitia
790 539 990 574 adhibitum
1017 550 1106 583 esse,
1135 539 1178 573 ad
1205 549 1297 583 quae
1323 538 1451 583 reliqui
1479 537 1688 579 „studiosi“.
1725 537 1813 580 Quis
1839 536 1991 580 dubitet,

199 598 281 641 quin
313 597 455 641 gravius
482 596 518 630 id
547 596 670 631 tulerit
692 597 888 641 Keplerus,
918 598 1057 641 majora
1085 599 1200 633 animo
1224 597 1404 632 moliens?
1446 595 1557 631 Simul
1583 595 1797 639 promissum
1828 595 1991 630 Caesaris

203 655 371 689 salarium
404 654 447 689 de
480 654 536 689 die
562 654 596 688 in
623 654 716 688 diem
742 655 1090 700 procrastinabatur3
1125 655 1230 690 simul
1259 657 1489 698 „procerum“
1520 653 1763 698 Styriacorum
1795 663 1992 688 consensus

199 723 270 747 non
288 711 418 747 allatus
439 717 504 755 est,
523 723 592 757 quo
614 712 771 757 Keplero
789 713 892 748 venia
910 713 1054 748 daretur
1072 714 1213 757 Pragae
1231 712 1484 754 commorandi,
1512 710 1642 746 salario
1662 711 1823 756 Styriaco
1842 710 1992 746 ulterius

198 769 352 806 fruendi.
402 770 502 805 Haec
526 770 581 805 vel
608 770 737 805 similia
761 771 796 804 in
823 782 933 806 causa
957 771 1068 807 fuisse
1094 772 1269 815 videntur,
1296 776 1336 806 ut
1360 770 1535 814 Keplerus
1562 769 1689 805 relicta
1713 770 1888 805 Benatica
1905 769 1990 804 Pra-

200 839 278 873 gam
306 828 441 863 rediret
466 828 511 863 ad
528 828 784 864 Hoffmannum
811 839 927 873 eoque
951 830 1154 865 inconsulto
1181 830 1304 864 literas
1332 827 1469 863 dederit
1487 827 1651 872 Tychoni
1676 827 1822 861 nimium
1840 826 1988 862 acerbas

198 891 233 920 et
260 886 518 929 „virulentas“,
552 886 766 921 solutionem
802 887 899 931 pacti
931 887 1106 923 indicans.
1154 889 1297 923 Literas
1329 887 1394 921 has
1426 887 1524 930 ipsas
1557 896 1627 919 non
1658 884 1695 919 in
1721 884 1904 919 codicibus
1932 884 1991 918 de-

199 943 468 987 prehendimus,
495 944 559 978 sed
584 944 649 978 has
676 944 856 989 Tychonis
885 945 929 980 ad
954 945 1159 980 Jessenium
1195 945 1296 979 datas
1323 944 1354 979 d.
1382 944 1413 979 8.
1439 943 1592 988 Aprilis:
1630 943 1717 978 Cum
1743 947 1783 978 tu
1806 942 1865 977 hic
1891 952 1993 987 spec-

197 1005 291 1036 tator
317 1005 352 1036 et
377 1001 519 1036 auditor
543 1001 653 1037 fueris
680 1013 814 1046 eorum,
843 1013 935 1048 quae
954 1015 975 1038 a
993 1002 1150 1048 Keplero
1178 1003 1272 1038 dicta
1297 1002 1464 1046 factaque
1491 1004 1575 1036 snut
1600 1001 1665 1035 sub
1690 1000 1804 1045 ipsius
1832 1000 1993 1035 discessu

198 1063 235 1092 et
261 1058 367 1093 simul
394 1059 572 1102 quomodo
599 1064 728 1104 postea
749 1060 854 1104 juxta
881 1072 1033 1106 9111111111,
1061 1061 1146 1095 1111111
1171 1061 1430 1104 valedicturus,
1467 1060 1669 1105 petulantia
1695 1060 1848 1104 quadam
1874 1070 1993 1094 coram

197 1116 286 1151 duce
311 1127 398 1161 prae
424 1127 462 1151 se
488 1117 597 1153 ferret
633 1122 740 1163 atque
765 1129 808 1154 ea
839 1119 913 1164 via,
949 1119 1045 1163 quod
1071 1118 1221 1153 affectus
1249 1129 1333 1153 51105
1358 1128 1483 1163 regere
1517 1128 1588 1152 nou
1613 1120 1752 1161 posset,
1789 1120 1991 1161 excusaret,

197 1184 332 1218 egoque
352 1185 371 1208 a
390 1174 652 1210 condonatione
670 1187 741 1210 non
759 1177 897 1212 alienus
925 1187 1039 1211 essem
1058 1176 1195 1220 tibique
1214 1177 1250 1210 in
1268 1187 1389 1210 aurem
1416 1175 1609 1219 susurravi,
1635 1179 1675 1209 ut
1694 1174 1866 1220 efficeres,
1893 1175 1993 1209 illum

197 1233 336 1277 Pragae
361 1232 474 1268 literis
501 1233 546 1266 ad
571 1243 627 1267 me
654 1233 747 1269 datis
773 1235 808 1270 id
834 1235 950 1279 ipsum
977 1235 1121 1278 testari,
1149 1235 1244 1279 quod
1270 1234 1363 1268 male
1389 1233 1506 1278 ipsum
1533 1232 1682 1276 habeat,
1711 1244 1749 1268 se
1775 1233 1826 1267 sic
1852 1232 1992 1268 exorbi-

196 1295 294 1326 tasse
321 1301 524 1335 cupereque
549 1302 664 1326 meam
690 1292 725 1326 in
751 1294 900 1337 gratiam
926 1293 1054 1337 redire,
1082 1293 1177 1337 quod
1204 1297 1239 1327 et
1264 1297 1299 1327 te
1325 1293 1503 1327 facturum
1522 1290 1644 1334 ajebas
1674 1295 1709 1325 et
1734 1294 1863 1334 sponte
1888 1295 1994 1324 antea

198 1351 287 1385 mihi
312 1351 459 1385 seorsim
488 1351 640 1394 dixeras,
667 1355 704 1386 te
721 1352 756 1386 in
774 1351 899 1386 itinere
916 1351 1033 1395 ipsum
1052 1351 1144 1386 serio
1164 1350 1440 1394 admoniturum,
1467 1349 1536 1384 imo
1556 1349 1870 1393 reprehensurnm,
1898 1349 1994 1392 quod

201 1418 239 1443 se
265 1413 339 1443 tam
365 1410 581 1453 impotenter
607 1413 643 1444 et
667 1409 780 1444 bilose
806 1410 975 1454 gesserit,
1009 1414 1134 1444 contra
1161 1421 1267 1453 quam
1294 1409 1396 1444 decet
1421 1409 1535 1443 virum
1561 1409 1704 1444 doctum
1731 1412 1766 1443 et
1791 1409 1994 1452 honestum,

196 1466 328 1501 idcirco
362 1466 464 1501 mitto
489 1466 555 1501 tibi
585 1466 643 1500 hic
676 1467 833 1503 inclusas
867 1468 980 1512 ipsius
1014 1468 1156 1512 literas,
1193 1478 1344 1511 quarum
1377 1466 1546 1502 effrenem
1570 1466 1804 1511 petulantiam
1831 1470 1866 1500 et
1891 1466 1994 1500 nimis

198 1527 423 1567 arrogantem
449 1523 674 1559 dicacitatem
700 1535 765 1559 nec
792 1536 857 1570 per
881 1536 1000 1559 meum
1026 1526 1155 1567 vinum,
1182 1536 1247 1560 nec
1265 1535 1330 1569 per
1349 1535 1466 1559 meum
1485 1529 1715 1568 contemtum,
1741 1535 1806 1559 nec
1825 1524 1996 1569 quicquid

199 1582 374 1627 ejusmodi
401 1582 498 1617 aliud
525 1593 698 1619 excusare
724 1584 874 1627 poterit,
908 1583 976 1618 nisi
1002 1587 1038 1618 et
1063 1586 1148 1618 tunc
1175 1583 1330 1618 furiosus
1362 1583 1429 1618 fuit
1454 1584 1523 1628 (uti
1549 1584 1641 1619 forte
1669 1585 1777 1628 hujus
1802 1583 1916 1618 morbi
1941 1593 1996 1618 59-

198 1642 306 1686 mina,
332 1642 440 1675 etiam
467 1652 546 1676 cnm
573 1642 640 1676 sibi
667 1642 821 1676 maxime
848 1646 1015 1676 constare
1040 1642 1190 1679 videtur.
1218 1641 1309 1676 clam
1327 1641 1452 1686 fovet),
1479 1653 1557 1676 curn
1575 1642 1643 1676 ista
1662 1642 1861 1686 composito
1879 1641 1996 1676 animo

198 1700 382 1735 scriberet.
430 1700 618 1734 Miraberis
644 1699 799 1734 hominis
824 1699 860 1734 in
885 1699 1021 1734 malitia
1056 1699 1143 1734 citra
1175 1710 1278 1734 omne
1312 1710 1430 1733 meum
1461 1699 1626 1734 meritum
1658 1700 1902 1744 pertinaciam,
1930 1709 1996 1735 1199

200 1757 292 1792 forte
318 1757 470 1792 habebis
497 1756 595 1792 aliud
621 1757 706 1801 qnid
735 1757 851 1802 dicas,
889 1768 995 1800 quam
1021 1768 1076 1791 me
1102 1767 1181 1791 mea
1206 1757 1428 1791 humanitate
1455 1757 1633 1801 effecisse,
1662 1763 1701 1793 nt
1723 1759 1791 1794 iste
1817 1758 1995 1792 hominem

200 1819 348 1850 exueret
371 1818 479 1859 atque
505 1815 541 1850 in
566 1815 731 1859 rapidum
758 1824 899 1858 canem,
934 1825 1041 1858 quem
1068 1825 1132 1849 suo
1160 1815 1345 1849 stomacho
1374 1826 1412 1850 se
1439 1815 1609 1850 aemulari
1636 1815 1754 1850 dicere
1779 1815 1905 1850 solitus
1932 1820 1996 1855 est,

199 1872 525 1908 transformaretur.
575 1874 716 1917 Inspice
742 1873 852 1917 igitur
878 1878 912 1907 et
939 1873 1093 1918 despice,
1121 1873 1215 1917 quod
1244 1879 1278 1908 et
1305 1885 1370 1918 ego
1397 1874 1537 1909 faciam.
1589 1874 1675 1917 Quis
1701 1875 1793 1908 enim
1819 1873 1997 1908 furentem

200 1932 355 1967 scienter
380 1937 416 1967 et
439 1931 601 1967 volenter
626 1931 730 1967 facile
757 1932 922 1966 curaret?
950 1930 986 1965 Si
1003 1931 1120 1975 ipsum
1138 1931 1173 1965 111
1200 1931 1256 1966 via
1275 1932 1492 1968 admonuisti
1517 1937 1553 1968 et
1578 1938 1616 1967 ut
1633 1933 1792 1967 rationes
1809 1932 1996 1974 inveniret,

198 1998 335 2024 mecum
362 1988 479 2024 denuo
505 1989 541 2023 in
568 1989 759 2024 amicitiam
787 1988 972 2032 redeundi,
1000 1989 1212 2024 adhortatus
1239 2000 1296 2031 95,
1331 1990 1409 2025 vide
1435 2001 1580 2035 quaeso,
1608 1990 1734 2035 quales
1759 1989 1897 2024 fructus
1924 1988 1996 2023 edi-

200 2046 291 2080 derit
316 2050 379 2080 tua
405 2047 614 2082 admonitio.
664 2047 758 2081 Nolo
788 2057 868 2081 cum
894 2051 967 2080 tam
993 2047 1136 2091 procaci
1162 2047 1282 2091 lingua
1308 2049 1492 2093 praedito,
1527 2060 1593 2083 nec
1618 2048 1815 2083 modestiae
1840 2051 1901 2081 aut
1925 2047 1996 2081 vir·

199 2104 287 2138 tutis
313 2115 434 2139 curam
459 2105 626 2146 habente,
652 2105 869 2140 contendere
895 2104 1024 2139 verbis.
1075 2105 1163 2139 Cum
1189 2115 1233 2139 ex
1260 2105 1314 2140 his
1341 2107 1529 2141 malitiosis
1556 2107 1668 2141 literis
1693 2106 1774 2151 plus
1801 2105 1889 2140 satis
1918 2114 2001 2148 per-

201 2163 340 2207 cipiam,
369 2174 449 2198 eum
476 2174 547 2198 non
574 2173 809 2205 reversurum,
836 2163 889 2197 nti
915 2163 1019 2197 etiam
1046 2174 1116 2197 non
1145 2163 1269 2208 cupio,
1302 2164 1455 2208 ipsemet
1478 2164 1513 2198 in
1541 2165 1647 2208 culpa
1672 2169 1747 2206 est,
1775 2163 1871 2208 quod
1896 2162 1999 2208 polli-

203 2221 282 2256 citis
309 2225 402 2255 stare
428 2231 604 2265 nequeam
630 2226 665 2255 et
691 2231 800 2265 super
825 2221 903 2260 hoc,
931 2220 1027 2265 quod
1052 2221 1088 2254 in
1114 2221 1268 2265 epistola
1289 2222 1362 2266 jam
1388 2223 1498 2258 missa
1518 2223 1607 2267 jecit
1631 2223 1913 2263 fundamentum,
1939 2222 1998 2256 vix

202 2282 285 2314 utar
310 2289 351 2313 eo
377 2283 548 2322 tanquam
574 2279 790 2321 architecte,
829 2279 885 2312 cui
920 2279 1057 2323 aliquid
1084 2290 1127 2313 cx
1153 2280 1240 2314 111915
1268 2280 1577 2316 observationibus
1604 2286 1639 2316 ct
1666 2279 1850 2315 laboribus
1876 2291 1999 2325 super-

201 2342 370 2372 struatur.
421 2337 485 2370 Ille
509 2337 586 2381 ipse
612 2348 668 2372 me
689 2338 765 2381 jam
791 2338 902 2381 magis
930 2342 1084 2382 cautum,
1112 2349 1218 2382 quam
1244 2344 1351 2374 antea
1375 2338 1443 2383 fui,
1479 2339 1651 2383 reddidit,
1685 2332 1788 2383 genio
1815 2339 1868 2373 uti
1892 2348 1997 2382 spero

199 2397 293 2431 bono
319 2395 387 2429 mei
413 2406 533 2429 curam
558 2395 715 2430 habente
741 2400 776 2429 et
801 2395 918 2429 omnia
944 2396 994 2430 sic
1019 2396 1054 2430 in
1088 2408 1204 2431 meum
1237 2397 1462 2431 commodum
1496 2398 1681 2441 dirigente.
1731 2397 1850 2432 Nolim
1875 2400 1997 2431 tamen

201 2454 254 2489 uti
279 2454 434 2498 cuipiam
459 2455 525 2488 has
551 2454 787 2498 Ix'eplerianas
821 2454 944 2488 literas
972 2454 1141 2489 ostendas
1175 2460 1210 2488 et
1245 2465 1290 2489 119
1317 2454 1459 2498 quidem
1485 2455 1526 2489 l).
1554 2455 1787 2498 lloffmanno,
1823 2460 1884 2489 aut
1918 2466 1998 2489 cum

199 2512 278 2556 ipso
298 2512 457 2556 Keplero
482 2513 550 2547 hac
577 2512 620 2547 de
646 2523 684 2546 re
710 2512 931 2557 expostules,
957 2512 1020 2546 sed
1048 2523 1127 2547 911111
1153 2513 1222 2547 1109
1240 2512 1370 2547 nuncio
1389 2513 1480 2547 bene
1500 2514 1686 2549 conclusas
1712 2513 1798 2548 mihi
1823 2515 1996 2549 remittas.

200 2572 237 2606 Si
262 2577 380 2607 tamen
406 2571 615 2615 olefeceris,
642 2571 759 2615 ipsum
785 2570 881 2614 apud
907 2571 949 2604 D.
976 2570 1231 2605 Hoffmannum
1256 2571 1313 2605 vel
1341 2571 1430 2606 alios
1456 2582 1511 2606 me
1538 2572 1791 2607 calumniatum
1825 2583 1915 2615 esse,
1941 2573 1999 2608 fac

202 2629 296 2673 quod
321 2630 453 2664 bonum
480 2633 515 2664 et
542 2629 720 2673 integrum
746 2628 859 2662 virum
887 2628 998 2663 decet.
1039 2628 1186 2663 Interim
1213 2629 1319 2664 etiam
1345 2639 1390 2663 an
1416 2630 1512 2675 apud
1530 2631 1698 2666 Ursinum
1724 2634 1865 2671 (Ursum)
1889 2631 1997 2665 istum

203 2688 336 2732 aliquid
354 2688 390 2722 in
408 2698 522 2722 meam
541 2686 792 2723 contumeliam
809 2687 917 2721 tacite
931 2686 1108 2730 moliatur,
1128 2698 1191 2731 per
1205 2688 1346 2722 tertiam
1366 2688 1420 2722 vel
1434 2693 1598 2732 quartam
1616 2699 1757 2723 manum
1776 2688 1913 2732 inquire
1929 2692 1996 2723 etc.

340 2746 396 2781 Ad
415 2745 670 2780 Hoffmannum
690 2744 723 2780 d.
745 2745 777 2780 6.
794 2744 930 2790 Aprilis
955 2745 1045 2779 haec
1064 2745 1211 2780 dederat
1229 2745 1367 2790 Tycho:
1394 2747 1548 2782 Illustris
1574 2752 1610 2782 et
1634 2757 1807 2791 generose
1832 2748 1898 2789 vir,
1925 2748 1997 2782 Do-

203 2805 295 2839 mine
321 2809 357 2840 et
381 2805 492 2839 amice
518 2803 840 2839 honorandissime.
890 2804 998 2839 Redit
1031 2815 1125 2839 nunc
1150 2804 1303 2849 Pragam
1332 2805 1378 2839 M.
1409 2806 1587 2850 chlerus
1621 2810 1656 2840 et
1686 2805 1769 2840 licet
1794 2816 1921 2840 suasor
1945 2805 1997 2840 illi

203 2861 349 2907 fuerim,
375 2867 415 2896 ut
441 2862 627 2898 domestici
660 2862 748 2907 mei,
783 2863 845 2908 qui
871 2863 1064 2898 etiamnum
1090 2862 1234 2897 Pilsnae
1260 2867 1314 2897 est
1341 2867 1376 2898 et
1401 2863 1496 2898 inter
1527 2863 1596 2897 alia
1626 2863 1662 2897 in
1693 2864 1839 2908 negotio
1865 2863 1997 2898 dictum

204 2920 397 2963 Keplernm
424 2925 663 2956 concernente
689 2921 870 2965 sollicitat,
896 2921 1062 2967 reditum,
1089 2932 1194 2966 quem
1218 2921 1313 2956 intra
1338 2932 1472 2965 paucos
1500 2922 1575 2956 dies
1600 2920 1759 2956 futurum
1785 2931 1909 2965 spero,
1937 2932 1995 2955 ex-

205 2981 383 3020 pectaret,
409 2982 449 3013 ut
474 2979 559 3022 qnid
585 2979 662 3013 fieri
686 2979 802 3024 possit
827 2979 959 3014 certius
985 2980 1175 3024 sciremus,
1201 2979 1413 3024 praesertim
1438 2990 1516 3014 cum
1545 2989 1627 3024 spes
1661 2977 1781 3022 aliqua
1811 2978 1907 3015 facta
1939 2979 1995 3022 sit,

206 3043 305 3068 suam
331 3035 428 3070 Caes.
454 3035 543 3080 Maj.
568 3036 805 3080 petitionibus
830 3038 918 3073 meis
945 3037 1152 3073 humillimis
1177 3037 1452 3073 clementissime
1477 3047 1633 3072 annuere
1657 3036 1764 3077 velle,
1802 3041 1909 3081 atque
1935 3037 1995 3071 de-

205 3101 300 3127 mum
326 3092 459 3137 aliquid
484 3094 553 3132 rati
578 3095 793 3131 concludere
819 3106 1017 3141 possemuS,
1042 3100 1162 3133 tamen
1187 3106 1266 3131 cum
1284 3095 1401 3143 ipsum
1418 3096 1647 3133 nihilomiuus
1666 3094 1798 3131 abitum
1824 3095 1994 3135 festinare
