<?xml version="1.0" encoding="UTF-8"?>
<!DOCTYPE html PUBLIC "-//W3C//DTD XHTML 1.0 Transitional//EN"
    "http://www.w3.org/TR/xhtml1/DTD/xhtml1-transitional.dtd">
<html xmlns="http://www.w3.org/1999/xhtml" xml:lang="en" lang="en">
 <head>
  <title>
</title>
<meta http-equiv="Content-Type" content="text/html;charset=utf-8" />
  <meta name='ocr-system' content='tesseract 3.04.00' />
  <meta name='ocr-capabilities' content='ocr_page ocr_carea ocr_par ocr_line ocrx_word'/>
</head>
<body>
  <div class='ocr_page' id='page_1' title='image "./p2operaomniaedid08kepluoft_0112.png"; bbox 0 0 2157 3398; ppageno 0'>
   <div class='ocr_carea' id='block_1_1' title="bbox 299 168 1698 221">
    <p class='ocr_par' dir='ltr' id='par_1_1' title="bbox 299 168 1698 221">
     <span class='ocr_line' id='line_1_1' title="bbox 299 168 1698 221; baseline -0.001 -13"><span class='ocrx_word' id='word_1_1' title='bbox 299 176 383 221; x_wconf 74' lang='grc'>658</span> <span class='ocrx_word' id='word_1_2' title='bbox 709 171 947 207; x_wconf 81' lang='lat' dir='ltr'>Summarium</span> <span class='ocrx_word' id='word_1_3' title='bbox 971 171 1155 206; x_wconf 79' lang='lat' dir='ltr'>Historiae</span> <span class='ocrx_word' id='word_1_4' title='bbox 1178 169 1430 206; x_wconf 83' lang='lat' dir='ltr'>Astronomiae</span> <span class='ocrx_word' id='word_1_5' title='bbox 1454 168 1577 206; x_wconf 88' lang='lat' dir='ltr'>seculo</span> <span class='ocrx_word' id='word_1_6' title='bbox 1600 168 1698 206; x_wconf 85' lang='lat' dir='ltr'>XVL</span> 
     </span>
    </p>
   </div>
   <div class='ocr_carea' id='block_1_2' title="bbox 297 284 2093 687">
    <p class='ocr_par' dir='ltr' id='par_1_2' title="bbox 298 284 2090 397">
     <span class='ocr_line' id='line_1_2' title="bbox 298 284 2090 341; baseline -0.006 -8"><span class='ocrx_word' id='word_1_7' title='bbox 298 296 428 333; x_wconf 89' lang='lat' dir='ltr'>noctii.</span> <span class='ocrx_word' id='word_1_8' title='bbox 490 292 741 341; x_wconf 88' lang='lat' dir='ltr'>Componitur</span> <span class='ocrx_word' id='word_1_9' title='bbox 773 293 874 329; x_wconf 87' lang='lat' dir='ltr'>euim</span> <span class='ocrx_word' id='word_1_10' title='bbox 904 303 1027 329; x_wconf 87' lang='lat' dir='ltr'>annus</span> <span class='ocrx_word' id='word_1_11' title='bbox 1060 303 1107 329; x_wconf 83' lang='lat' dir='ltr'>ex</span> <span class='ocrx_word' id='word_1_12' title='bbox 1140 295 1162 328; x_wconf 92' lang='grc'>2</span> <span class='ocrx_word' id='word_1_13' title='bbox 1196 292 1343 337; x_wconf 89' lang='lat' dir='ltr'>causis,</span> <span class='ocrx_word' id='word_1_14' title='bbox 1375 291 1450 328; x_wconf 83' lang='lat' dir='ltr'>sibi</span> <span class='ocrx_word' id='word_1_15' title='bbox 1481 294 1615 327; x_wconf 89' lang='lat' dir='ltr'>mutuo</span> <span class='ocrx_word' id='word_1_16' title='bbox 1647 288 1712 327; x_wconf 88' lang='lat' dir='ltr'>vel</span> <span class='ocrx_word' id='word_1_17' title='bbox 1744 287 1996 326; x_wconf 84' lang='lat' dir='ltr'>obviantibus</span> <span class='ocrx_word' id='word_1_18' title='bbox 2029 284 2090 323; x_wconf 92' lang='lat' dir='ltr'>vel</span> 
     </span>
     <span class='ocr_line' id='line_1_3' title="bbox 299 345 2090 402; baseline -0.006 -11"><span class='ocrx_word' id='word_1_19' title='bbox 299 365 339 391; x_wconf 89' lang='lat' dir='ltr'>se</span> <span class='ocrx_word' id='word_1_20' title='bbox 370 351 625 402; x_wconf 85' lang='lat' dir='ltr'>fugientibus:</span> <span class='ocrx_word' id='word_1_21' title='bbox 659 349 762 387; x_wconf 86' lang='lat' dir='ltr'>Solis</span> <span class='ocrx_word' id='word_1_22' title='bbox 801 351 964 387; x_wconf 72' lang='lat' dir='ltr'>cursoris</span> <span class='ocrx_word' id='word_1_23' title='bbox 997 354 1035 386; x_wconf 89' lang='lat' dir='ltr'>et</span> <span class='ocrx_word' id='word_1_24' title='bbox 1066 350 1215 386; x_wconf 87' lang='lat' dir='ltr'>termini</span> <span class='ocrx_word' id='word_1_25' title='bbox 1246 348 1309 386; x_wconf 87' lang='lat' dir='ltr'>vel</span> <span class='ocrx_word' id='word_1_26' title='bbox 1340 349 1448 397; x_wconf 87' lang='lat' dir='ltr'>scopi</span> <span class='ocrx_word' id='word_1_27' title='bbox 1480 346 1793 396; x_wconf 89' lang='lat' dir='ltr'>(aequinoctialis</span> <span class='ocrx_word' id='word_1_28' title='bbox 1825 345 1918 394; x_wconf 91' lang='lat' dir='ltr'>loci)</span> <span class='ocrx_word' id='word_1_29' title='bbox 1949 349 2090 382; x_wconf 90' lang='lat' dir='ltr'>motus</span> 
     </span>
    </p>

    <p class='ocr_par' dir='ltr' id='par_1_3' title="bbox 297 401 2093 572">
     <span class='ocr_line' id='line_1_4' title="bbox 439 401 2092 455; baseline -0.006 -8"><span class='ocrx_word' id='word_1_30' title='bbox 439 413 475 447; x_wconf 91' lang='lat'>5</span> <span class='ocrx_word' id='word_1_31' title='bbox 509 407 755 445; x_wconf 88' lang='lat' dir='ltr'>Caniculares</span> <span class='ocrx_word' id='word_1_32' title='bbox 796 419 881 445; x_wconf 86' lang='lat' dir='ltr'>curn</span> <span class='ocrx_word' id='word_1_33' title='bbox 923 407 1176 455; x_wconf 84' lang='lat' dir='ltr'>aequinoctiis</span> <span class='ocrx_word' id='word_1_34' title='bbox 1215 407 1250 443; x_wconf 89' lang='lat' dir='ltr'>in</span> <span class='ocrx_word' id='word_1_35' title='bbox 1291 406 1451 444; x_wconf 84' lang='lat' dir='ltr'>Juliano</span> <span class='ocrx_word' id='word_1_36' title='bbox 1490 410 1602 455; x_wconf 89' lang='lat' dir='ltr'>putat</span> <span class='ocrx_word' id='word_1_37' title='bbox 1648 404 1866 443; x_wconf 89' lang='lat' dir='ltr'>ascendere.</span> <span class='ocrx_word' id='word_1_38' title='bbox 1930 401 2092 439; x_wconf 89' lang='lat' dir='ltr'>Oscitat.</span> 
     </span>
     <span class='ocr_line' id='line_1_5' title="bbox 299 459 2093 513; baseline -0.006 -7"><span class='ocrx_word' id='word_1_39' title='bbox 299 468 398 506; x_wconf 90' lang='lat' dir='ltr'>Nam</span> <span class='ocrx_word' id='word_1_40' title='bbox 420 467 546 504; x_wconf 91' lang='lat' dir='ltr'>sidera</span> <span class='ocrx_word' id='word_1_41' title='bbox 567 465 814 511; x_wconf 88' lang='lat' dir='ltr'>descendunt,</span> <span class='ocrx_word' id='word_1_42' title='bbox 849 466 1096 513; x_wconf 88' lang='lat' dir='ltr'>aequinoctia</span> <span class='ocrx_word' id='word_1_43' title='bbox 1117 464 1342 503; x_wconf 87' lang='lat' dir='ltr'>ascendunt.</span> <span class='ocrx_word' id='word_1_44' title='bbox 1385 463 1569 502; x_wconf 81' lang='lat' dir='ltr'>Julianus</span> <span class='ocrx_word' id='word_1_45' title='bbox 1598 464 1698 501; x_wconf 89' lang='lat' dir='ltr'>enim</span> <span class='ocrx_word' id='word_1_46' title='bbox 1720 474 1843 501; x_wconf 88' lang='lat' dir='ltr'>annus</span> <span class='ocrx_word' id='word_1_47' title='bbox 1865 466 1922 499; x_wconf 89' lang='lat' dir='ltr'>est</span> <span class='ocrx_word' id='word_1_48' title='bbox 1945 459 2093 498; x_wconf 89' lang='lat' dir='ltr'>medius</span> 
     </span>
     <span class='ocr_line' id='line_1_6' title="bbox 297 522 1521 572; baseline -0.002 -9"><span class='ocrx_word' id='word_1_49' title='bbox 297 527 375 564; x_wconf 85' lang='lat' dir='ltr'>fere</span> <span class='ocrx_word' id='word_1_50' title='bbox 407 527 504 562; x_wconf 91' lang='lat' dir='ltr'>inter</span> <span class='ocrx_word' id='word_1_51' title='bbox 535 524 725 572; x_wconf 83' lang='lat' dir='ltr'>tropicum</span> <span class='ocrx_word' id='word_1_52' title='bbox 758 524 973 561; x_wconf 89' lang='lat' dir='ltr'>breviorem</span> <span class='ocrx_word' id='word_1_53' title='bbox 1005 528 1043 560; x_wconf 90' lang='lat' dir='ltr'>et</span> <span class='ocrx_word' id='word_1_54' title='bbox 1074 522 1265 560; x_wconf 90' lang='lat' dir='ltr'>sidereum</span> <span class='ocrx_word' id='word_1_55' title='bbox 1294 522 1521 571; x_wconf 86' lang='lat' dir='ltr'>longiorem.</span> 
     </span>
    </p>

    <p class='ocr_par' dir='ltr' id='par_1_4' title="bbox 437 579 1612 632">
     <span class='ocr_line' id='line_1_7' title="bbox 437 579 1612 632; baseline -0.002 -12"><span class='ocrx_word' id='word_1_56' title='bbox 437 586 474 620; x_wconf 88' lang='grc'>6.</span> <span class='ocrx_word' id='word_1_57' title='bbox 509 581 617 632; x_wconf 92' lang='lat' dir='ltr'>Cycli</span> <span class='ocrx_word' id='word_1_58' title='bbox 650 582 758 619; x_wconf 90' lang='lat' dir='ltr'>aurei</span> <span class='ocrx_word' id='word_1_59' title='bbox 788 582 934 618; x_wconf 89' lang='lat' dir='ltr'>numeri</span> <span class='ocrx_word' id='word_1_60' title='bbox 966 581 1063 618; x_wconf 90' lang='lat' dir='ltr'>ratio</span> <span class='ocrx_word' id='word_1_61' title='bbox 1095 585 1224 630; x_wconf 89' lang='lat' dir='ltr'>potest</span> <span class='ocrx_word' id='word_1_62' title='bbox 1255 580 1354 619; x_wconf 89' lang='lat' dir='ltr'>tradi</span> <span class='ocrx_word' id='word_1_63' title='bbox 1385 579 1612 618; x_wconf 87' lang='lat' dir='ltr'>evidentior.</span> 
     </span>
    </p>

    <p class='ocr_par' dir='ltr' id='par_1_5' title="bbox 436 649 1009 687">
     <span class='ocr_line' id='line_1_8' title="bbox 436 649 1009 687; baseline 0.002 -7"><span class='ocrx_word' id='word_1_64' title='bbox 436 650 581 687; x_wconf 87' lang='lat' dir='ltr'>(Numeri</span> <span class='ocrx_word' id='word_1_65' title='bbox 609 651 626 680; x_wconf 85' lang='lat'>7</span> <span class='ocrx_word' id='word_1_66' title='bbox 654 653 686 679; x_wconf 88' lang='lat' dir='ltr'>et</span> <span class='ocrx_word' id='word_1_67' title='bbox 710 650 731 681; x_wconf 89' lang='grc'>8</span> <span class='ocrx_word' id='word_1_68' title='bbox 758 649 1009 686; x_wconf 82' lang='lat' dir='ltr'>desiderantur.)</span> 
     </span>
    </p>
   </div>
   <div class='ocr_carea' id='block_1_3' title="bbox 300 704 2106 3190">
    <p class='ocr_par' dir='ltr' id='par_1_6' title="bbox 301 704 2094 806">
     <span class='ocr_line' id='line_1_9' title="bbox 435 704 2094 755; baseline -0.003 -9"><span class='ocrx_word' id='word_1_69' title='bbox 435 713 472 747; x_wconf 87' lang='lat'>9.</span> <span class='ocrx_word' id='word_1_70' title='bbox 506 708 719 746; x_wconf 82' lang='lat' dir='ltr'>Commune</span> <span class='ocrx_word' id='word_1_71' title='bbox 751 708 951 754; x_wconf 88' lang='lat' dir='ltr'>omnibus,</span> <span class='ocrx_word' id='word_1_72' title='bbox 987 709 1053 755; x_wconf 88' lang='lat' dir='ltr'>qui</span> <span class='ocrx_word' id='word_1_73' title='bbox 1084 707 1342 745; x_wconf 83' lang='lat' dir='ltr'>reformationi</span> <span class='ocrx_word' id='word_1_74' title='bbox 1366 714 1454 745; x_wconf 89' lang='lat' dir='ltr'>sunt</span> <span class='ocrx_word' id='word_1_75' title='bbox 1483 707 1666 753; x_wconf 81' lang='lat' dir='ltr'>adhibiti,</span> <span class='ocrx_word' id='word_1_76' title='bbox 1699 705 1804 754; x_wconf 90' lang='lat' dir='ltr'>quod</span> <span class='ocrx_word' id='word_1_77' title='bbox 1836 704 1986 744; x_wconf 89' lang='lat' dir='ltr'>coelum</span> <span class='ocrx_word' id='word_1_78' title='bbox 2019 716 2094 742; x_wconf 92' lang='lat' dir='ltr'>non</span> 
     </span>
     <span class='ocr_line' id='line_1_10' title="bbox 301 765 1093 806; baseline -0.006 0"><span class='ocrx_word' id='word_1_79' title='bbox 301 766 577 806; x_wconf 88' lang='lat' dir='ltr'>consuluerunt</span> <span class='ocrx_word' id='word_1_80' title='bbox 609 769 645 803; x_wconf 90' lang='lat' dir='ltr'>in</span> <span class='ocrx_word' id='word_1_81' title='bbox 678 766 897 804; x_wconf 88' lang='lat' dir='ltr'>tabularum</span> <span class='ocrx_word' id='word_1_82' title='bbox 931 765 1093 804; x_wconf 86' lang='lat' dir='ltr'>delectu.</span> 
     </span>
    </p>

    <p class='ocr_par' dir='ltr' id='par_1_7' title="bbox 301 822 2100 1269">
     <span class='ocr_line' id='line_1_11' title="bbox 445 822 2096 863; baseline -0.004 0"><span class='ocrx_word' id='word_1_83' title='bbox 445 829 508 863; x_wconf 89' lang='lat'>10.</span> <span class='ocrx_word' id='word_1_84' title='bbox 540 824 647 863; x_wconf 88' lang='lat' dir='ltr'>Nihil</span> <span class='ocrx_word' id='word_1_85' title='bbox 680 823 866 862; x_wconf 87' lang='lat' dir='ltr'>definiunt</span> <span class='ocrx_word' id='word_1_86' title='bbox 898 823 943 861; x_wconf 90' lang='lat' dir='ltr'>de</span> <span class='ocrx_word' id='word_1_87' title='bbox 974 823 1243 861; x_wconf 87' lang='lat' dir='ltr'>incertitudine</span> <span class='ocrx_word' id='word_1_88' title='bbox 1283 825 1555 861; x_wconf 81' lang='lat' dir='ltr'>astronomiae.</span> <span class='ocrx_word' id='word_1_89' title='bbox 1617 822 1737 860; x_wconf 83' lang='lat' dir='ltr'>Plane</span> <span class='ocrx_word' id='word_1_90' title='bbox 1769 822 1844 859; x_wconf 87' lang='lat' dir='ltr'>hoc</span> <span class='ocrx_word' id='word_1_91' title='bbox 1875 826 1933 859; x_wconf 89' lang='lat' dir='ltr'>est</span> <span class='ocrx_word' id='word_1_92' title='bbox 1964 826 2096 858; x_wconf 87' lang='lat' dir='ltr'>contra</span> 
     </span>
     <span class='ocr_line' id='line_1_12' title="bbox 305 879 2098 933; baseline -0.002 -13"><span class='ocrx_word' id='word_1_93' title='bbox 305 885 536 933; x_wconf 87' lang='lat' dir='ltr'>gravitatem</span> <span class='ocrx_word' id='word_1_94' title='bbox 571 883 876 931; x_wconf 81' lang='lat' dir='ltr'>dignitatemque</span> <span class='ocrx_word' id='word_1_95' title='bbox 908 881 1009 919; x_wconf 88' lang='lat' dir='ltr'>sedis</span> <span class='ocrx_word' id='word_1_96' title='bbox 1041 881 1280 930; x_wconf 89' lang='lat' dir='ltr'>pontificiae,</span> <span class='ocrx_word' id='word_1_97' title='bbox 1318 883 1540 930; x_wconf 80' lang='lat' dir='ltr'>praecipere</span> <span class='ocrx_word' id='word_1_98' title='bbox 1573 893 1631 927; x_wconf 80' lang='lat' dir='ltr'>ea,</span> <span class='ocrx_word' id='word_1_99' title='bbox 1665 892 1763 929; x_wconf 90' lang='lat' dir='ltr'>quae</span> <span class='ocrx_word' id='word_1_100' title='bbox 1797 881 1984 928; x_wconf 82' lang='lat' dir='ltr'>praecipit</span> <span class='ocrx_word' id='word_1_101' title='bbox 2017 879 2098 916; x_wconf 90' lang='lat' dir='ltr'>cal-</span> 
     </span>
     <span class='ocr_line' id='line_1_13' title="bbox 303 938 2096 990; baseline -0.002 -13"><span class='ocrx_word' id='word_1_102' title='bbox 303 942 424 980; x_wconf 85' lang='lat' dir='ltr'>culus.</span> <span class='ocrx_word' id='word_1_103' title='bbox 486 940 623 990; x_wconf 76' lang='lat' dir='ltr'>(Aliud</span> <span class='ocrx_word' id='word_1_104' title='bbox 656 946 713 977; x_wconf 88' lang='lat' dir='ltr'>est</span> <span class='ocrx_word' id='word_1_105' title='bbox 745 939 931 978; x_wconf 86' lang='lat' dir='ltr'>certitudo</span> <span class='ocrx_word' id='word_1_106' title='bbox 963 941 1038 986; x_wconf 88' lang='lat' dir='ltr'>rei,</span> <span class='ocrx_word' id='word_1_107' title='bbox 1079 939 1184 977; x_wconf 89' lang='lat' dir='ltr'>aliud</span> <span class='ocrx_word' id='word_1_108' title='bbox 1217 939 1403 977; x_wconf 84' lang='lat' dir='ltr'>certitudo</span> <span class='ocrx_word' id='word_1_109' title='bbox 1436 939 1601 988; x_wconf 78' lang='lat' dir='ltr'>calculi.)</span> <span class='ocrx_word' id='word_1_110' title='bbox 1665 940 1715 975; x_wconf 85' lang='lat' dir='ltr'>At</span> <span class='ocrx_word' id='word_1_111' title='bbox 1745 938 1819 975; x_wconf 93' lang='lat' dir='ltr'>hoc</span> <span class='ocrx_word' id='word_1_112' title='bbox 1850 938 1996 975; x_wconf 88' lang='lat' dir='ltr'>faciunt</span> <span class='ocrx_word' id='word_1_113' title='bbox 2027 949 2096 974; x_wconf 82' lang='lat' dir='ltr'>ex-</span> 
     </span>
     <span class='ocr_line' id='line_1_14' title="bbox 304 994 2096 1046; baseline -0.003 -9"><span class='ocrx_word' id='word_1_114' title='bbox 304 1005 497 1038; x_wconf 83' lang='lat' dir='ltr'>currentes</span> <span class='ocrx_word' id='word_1_115' title='bbox 530 1000 567 1035; x_wconf 91' lang='lat' dir='ltr'>in</span> <span class='ocrx_word' id='word_1_116' title='bbox 599 998 800 1044; x_wconf 87' lang='lat' dir='ltr'>infinitum,</span> <span class='ocrx_word' id='word_1_117' title='bbox 835 1000 946 1046; x_wconf 89' lang='lat' dir='ltr'>quasi</span> <span class='ocrx_word' id='word_1_118' title='bbox 977 1000 1030 1035; x_wconf 88' lang='lat' dir='ltr'>ita</span> <span class='ocrx_word' id='word_1_119' title='bbox 1063 1005 1165 1034; x_wconf 90' lang='lat' dir='ltr'>certo</span> <span class='ocrx_word' id='word_1_120' title='bbox 1198 997 1360 1035; x_wconf 90' lang='lat' dir='ltr'>calculo.</span> <span class='ocrx_word' id='word_1_121' title='bbox 1413 996 1576 1046; x_wconf 88' lang='lat' dir='ltr'>Oportet</span> <span class='ocrx_word' id='word_1_122' title='bbox 1597 996 1877 1034; x_wconf 85' lang='lat' dir='ltr'>Ptolemaicam</span> <span class='ocrx_word' id='word_1_123' title='bbox 1909 994 2096 1044; x_wconf 87' lang='lat' dir='ltr'>epocham</span> 
     </span>
     <span class='ocr_line' id='line_1_15' title="bbox 304 1053 2096 1102; baseline -0.003 -7"><span class='ocrx_word' id='word_1_124' title='bbox 304 1069 453 1095; x_wconf 89' lang='lat' dir='ltr'>sumere</span> <span class='ocrx_word' id='word_1_125' title='bbox 489 1069 574 1094; x_wconf 89' lang='lat' dir='ltr'>cum</span> <span class='ocrx_word' id='word_1_126' title='bbox 604 1056 808 1094; x_wconf 89' lang='lat' dir='ltr'>latitudine</span> <span class='ocrx_word' id='word_1_127' title='bbox 840 1055 1053 1093; x_wconf 83' lang='lat' dir='ltr'>semihorae</span> <span class='ocrx_word' id='word_1_128' title='bbox 1088 1057 1122 1091; x_wconf 91' lang='lat' dir='ltr'>in</span> <span class='ocrx_word' id='word_1_129' title='bbox 1155 1055 1278 1101; x_wconf 89' lang='lat' dir='ltr'>Luna,</span> <span class='ocrx_word' id='word_1_130' title='bbox 1313 1061 1480 1092; x_wconf 89' lang='lat' dir='ltr'>nostram</span> <span class='ocrx_word' id='word_1_131' title='bbox 1515 1067 1599 1093; x_wconf 92' lang='lat' dir='ltr'>cum</span> <span class='ocrx_word' id='word_1_132' title='bbox 1629 1054 1835 1092; x_wconf 89' lang='lat' dir='ltr'>latitudine</span> <span class='ocrx_word' id='word_1_133' title='bbox 1858 1053 2096 1102; x_wconf 84' lang='lat' dir='ltr'>quadrantis.</span> 
     </span>
     <span class='ocr_line' id='line_1_16' title="bbox 301 1112 2100 1162; baseline -0.003 -10"><span class='ocrx_word' id='word_1_134' title='bbox 301 1115 403 1152; x_wconf 89' lang='lat' dir='ltr'>Hinc</span> <span class='ocrx_word' id='word_1_135' title='bbox 448 1117 558 1151; x_wconf 90' lang='lat' dir='ltr'>annis</span> <span class='ocrx_word' id='word_1_136' title='bbox 594 1118 703 1152; x_wconf 92' lang='lat'>1500</span> <span class='ocrx_word' id='word_1_137' title='bbox 738 1114 908 1151; x_wconf 89' lang='lat' dir='ltr'>variatur</span> <span class='ocrx_word' id='word_1_138' title='bbox 943 1114 1200 1162; x_wconf 89' lang='lat' dir='ltr'>proemptosis</span> <span class='ocrx_word' id='word_1_139' title='bbox 1238 1113 1431 1151; x_wconf 86' lang='lat' dir='ltr'>seleniaca</span> <span class='ocrx_word' id='word_1_140' title='bbox 1464 1118 1515 1151; x_wconf 81' lang='lat'>45</span> <span class='ocrx_word' id='word_1_141' title='bbox 1548 1114 1723 1159; x_wconf 91' lang='lat' dir='ltr'>minutis,</span> <span class='ocrx_word' id='word_1_142' title='bbox 1764 1118 1806 1149; x_wconf 91' lang='lat' dir='ltr'>ut</span> <span class='ocrx_word' id='word_1_143' title='bbox 1837 1112 2100 1160; x_wconf 85' lang='lat' dir='ltr'>cognitissima</span> 
     </span>
     <span class='ocr_line' id='line_1_17' title="bbox 303 1171 2096 1218; baseline -0.003 -7"><span class='ocrx_word' id='word_1_144' title='bbox 303 1176 352 1211; x_wconf 92' lang='lat' dir='ltr'>sit</span> <span class='ocrx_word' id='word_1_145' title='bbox 384 1175 421 1210; x_wconf 90' lang='lat' dir='ltr'>in</span> <span class='ocrx_word' id='word_1_146' title='bbox 452 1172 594 1212; x_wconf 83' lang='lat' dir='ltr'>medio.</span> <span class='ocrx_word' id='word_1_147' title='bbox 647 1172 769 1209; x_wconf 88' lang='lat' dir='ltr'>Annis</span> <span class='ocrx_word' id='word_1_148' title='bbox 803 1175 882 1209; x_wconf 84' lang='lat'>300</span> <span class='ocrx_word' id='word_1_149' title='bbox 907 1177 996 1209; x_wconf 91' lang='lat' dir='ltr'>sunt</span> <span class='ocrx_word' id='word_1_150' title='bbox 1023 1171 1069 1212; x_wconf 81' lang='lat'>1¹-</span> <span class='ocrx_word' id='word_1_151' title='bbox 1096 1171 1231 1218; x_wconf 87' lang='lat' dir='ltr'>horae,</span> <span class='ocrx_word' id='word_1_152' title='bbox 1265 1173 1374 1208; x_wconf 88' lang='lat' dir='ltr'>anuis</span> <span class='ocrx_word' id='word_1_153' title='bbox 1406 1172 1485 1209; x_wconf 85' lang='lat'>600</span> <span class='ocrx_word' id='word_1_154' title='bbox 1518 1177 1606 1208; x_wconf 91' lang='lat' dir='ltr'>sunt</span> <span class='ocrx_word' id='word_1_155' title='bbox 1630 1175 1650 1208; x_wconf 86' lang='lat'><strong>3</strong></span> <span class='ocrx_word' id='word_1_156' title='bbox 1676 1171 1812 1215; x_wconf 88' lang='lat' dir='ltr'>horae,</span> <span class='ocrx_word' id='word_1_157' title='bbox 1845 1171 1954 1208; x_wconf 89' lang='lat' dir='ltr'>annis</span> <span class='ocrx_word' id='word_1_158' title='bbox 1987 1171 2096 1207; x_wconf 83' lang='grc'>4800</span> 
     </span>
     <span class='ocr_line' id='line_1_18' title="bbox 305 1231 687 1269; baseline -0.003 0"><span class='ocrx_word' id='word_1_159' title='bbox 305 1237 362 1269; x_wconf 88' lang='lat' dir='ltr'>est</span> <span class='ocrx_word' id='word_1_160' title='bbox 396 1232 475 1268; x_wconf 86' lang='lat' dir='ltr'>dies</span> <span class='ocrx_word' id='word_1_161' title='bbox 508 1231 687 1268; x_wconf 82' lang='lat' dir='ltr'>incertus.</span> 
     </span>
    </p>

    <p class='ocr_par' dir='ltr' id='par_1_8' title="bbox 300 1285 2098 1501">
     <span class='ocr_line' id='line_1_19' title="bbox 436 1285 2096 1337; baseline -0.002 -11"><span class='ocrx_word' id='word_1_162' title='bbox 436 1289 481 1326; x_wconf 91' lang='lat' dir='ltr'>In</span> <span class='ocrx_word' id='word_1_163' title='bbox 513 1288 603 1326; x_wconf 86' lang='lat' dir='ltr'>Sole</span> <span class='ocrx_word' id='word_1_164' title='bbox 636 1292 787 1337; x_wconf 87' lang='lat' dir='ltr'>oportet</span> <span class='ocrx_word' id='word_1_165' title='bbox 813 1286 1027 1336; x_wconf 86' lang='lat' dir='ltr'>Hipparchi</span> <span class='ocrx_word' id='word_1_166' title='bbox 1063 1287 1374 1324; x_wconf 87' lang='lat' dir='ltr'>observationem</span> <span class='ocrx_word' id='word_1_167' title='bbox 1416 1298 1566 1325; x_wconf 86' lang='lat' dir='ltr'>sumere</span> <span class='ocrx_word' id='word_1_168' title='bbox 1599 1299 1683 1324; x_wconf 90' lang='lat' dir='ltr'>cum</span> <span class='ocrx_word' id='word_1_169' title='bbox 1716 1285 1923 1324; x_wconf 85' lang='lat' dir='ltr'>latitudine</span> <span class='ocrx_word' id='word_1_170' title='bbox 1950 1289 1998 1323; x_wconf 91' lang='grc'>12</span> <span class='ocrx_word' id='word_1_171' title='bbox 2023 1285 2096 1322; x_wconf 90' lang='lat' dir='ltr'>ho-</span> 
     </span>
     <span class='ocr_line' id='line_1_20' title="bbox 300 1344 2098 1394; baseline -0.003 -10"><span class='ocrx_word' id='word_1_172' title='bbox 300 1359 445 1394; x_wconf 86' lang='lat' dir='ltr'>rarum,</span> <span class='ocrx_word' id='word_1_173' title='bbox 477 1352 648 1383; x_wconf 86' lang='lat' dir='ltr'>nostram</span> <span class='ocrx_word' id='word_1_174' title='bbox 682 1357 767 1383; x_wconf 87' lang='lat' dir='ltr'>cum</span> <span class='ocrx_word' id='word_1_175' title='bbox 799 1345 1003 1382; x_wconf 88' lang='lat' dir='ltr'>latitudine</span> <span class='ocrx_word' id='word_1_176' title='bbox 1038 1350 1060 1382; x_wconf 70' lang='lat'>4</span> <span class='ocrx_word' id='word_1_177' title='bbox 1095 1345 1285 1382; x_wconf 85' lang='lat' dir='ltr'>horarum.</span> <span class='ocrx_word' id='word_1_178' title='bbox 1348 1344 1487 1382; x_wconf 86' lang='lat' dir='ltr'>Incerti</span> <span class='ocrx_word' id='word_1_179' title='bbox 1521 1357 1652 1382; x_wconf 88' lang='lat' dir='ltr'>sumus</span> <span class='ocrx_word' id='word_1_180' title='bbox 1685 1345 1731 1383; x_wconf 93' lang='lat' dir='ltr'>de</span> <span class='ocrx_word' id='word_1_181' title='bbox 1768 1349 1816 1382; x_wconf 82' lang='lat'>16</span> <span class='ocrx_word' id='word_1_182' title='bbox 1850 1344 1955 1382; x_wconf 90' lang='lat' dir='ltr'>horis</span> <span class='ocrx_word' id='word_1_183' title='bbox 1987 1345 2098 1381; x_wconf 89' lang='lat' dir='ltr'>annis</span> 
     </span>
     <span class='ocr_line' id='line_1_21' title="bbox 303 1402 2097 1451; baseline -0.003 -8"><span class='ocrx_word' id='word_1_184' title='bbox 303 1409 423 1451; x_wconf 83' lang='grc'>1900,</span> <span class='ocrx_word' id='word_1_185' title='bbox 458 1404 519 1442; x_wconf 89' lang='lat' dir='ltr'>die</span> <span class='ocrx_word' id='word_1_186' title='bbox 562 1415 637 1441; x_wconf 86' lang='lat' dir='ltr'>uno</span> <span class='ocrx_word' id='word_1_187' title='bbox 681 1405 792 1440; x_wconf 88' lang='lat' dir='ltr'>annis</span> <span class='ocrx_word' id='word_1_188' title='bbox 826 1407 950 1441; x_wconf 79' lang='grc'>2400.</span> <span class='ocrx_word' id='word_1_189' title='bbox 1013 1403 1257 1441; x_wconf 89' lang='lat' dir='ltr'>Nescibimus</span> <span class='ocrx_word' id='word_1_190' title='bbox 1296 1404 1406 1440; x_wconf 91' lang='lat' dir='ltr'>annis</span> <span class='ocrx_word' id='word_1_191' title='bbox 1440 1407 1571 1451; x_wconf 82' lang='grc'>2400,</span> <span class='ocrx_word' id='word_1_192' title='bbox 1616 1415 1707 1441; x_wconf 82' lang='lat' dir='ltr'>nun]</span> <span class='ocrx_word' id='word_1_193' title='bbox 1750 1402 1831 1441; x_wconf 89' lang='lat' dir='ltr'>dies</span> <span class='ocrx_word' id='word_1_194' title='bbox 1867 1407 1930 1450; x_wconf 74' lang='lat'>17,</span> <span class='ocrx_word' id='word_1_195' title='bbox 1967 1404 2016 1439; x_wconf 87' lang='grc'>18</span> <span class='ocrx_word' id='word_1_196' title='bbox 2049 1414 2097 1439; x_wconf 88' lang='lat' dir='ltr'>an</span> 
     </span>
     <span class='ocr_line' id='line_1_22' title="bbox 304 1462 599 1501; baseline -0.01 0"><span class='ocrx_word' id='word_1_197' title='bbox 304 1467 351 1501; x_wconf 89' lang='grc'>19</span> <span class='ocrx_word' id='word_1_198' title='bbox 387 1462 599 1500; x_wconf 88' lang='lat' dir='ltr'>omittendi.</span> 
     </span>
    </p>

    <p class='ocr_par' dir='ltr' id='par_1_9' title="bbox 302 1517 2097 1626">
     <span class='ocr_line' id='line_1_23' title="bbox 441 1517 2097 1567; baseline -0.003 -9"><span class='ocrx_word' id='word_1_199' title='bbox 441 1525 504 1558; x_wconf 89' lang='lat'>11.</span> <span class='ocrx_word' id='word_1_200' title='bbox 538 1519 726 1558; x_wconf 88' lang='lat' dir='ltr'>Periodus</span> <span class='ocrx_word' id='word_1_201' title='bbox 760 1519 892 1557; x_wconf 88' lang='lat' dir='ltr'>Lunae</span> <span class='ocrx_word' id='word_1_202' title='bbox 931 1531 999 1557; x_wconf 86' lang='lat' dir='ltr'>seu</span> <span class='ocrx_word' id='word_1_203' title='bbox 1040 1519 1299 1567; x_wconf 81' lang='lat' dir='ltr'>proemptosis</span> <span class='ocrx_word' id='word_1_204' title='bbox 1338 1517 1533 1556; x_wconf 88' lang='lat' dir='ltr'>seleniaca</span> <span class='ocrx_word' id='word_1_205' title='bbox 1574 1519 1672 1557; x_wconf 86' lang='lat' dir='ltr'>falsa</span> <span class='ocrx_word' id='word_1_206' title='bbox 1703 1524 1774 1558; x_wconf 91' lang='lat' dir='ltr'>est.</span> <span class='ocrx_word' id='word_1_207' title='bbox 1839 1518 1962 1556; x_wconf 85' lang='lat' dir='ltr'>Annis</span> <span class='ocrx_word' id='word_1_208' title='bbox 1995 1518 2097 1556; x_wconf 87' lang='lat' dir='ltr'>enim</span> 
     </span>
     <span class='ocr_line' id='line_1_24' title="bbox 302 1576 1596 1629; baseline -0.001 -14"><span class='ocrx_word' id='word_1_209' title='bbox 302 1591 345 1616; x_wconf 79' lang='lat' dir='ltr'>ex</span> <span class='ocrx_word' id='word_1_210' title='bbox 381 1578 532 1616; x_wconf 86' lang='lat' dir='ltr'>Braheo</span> <span class='ocrx_word' id='word_1_211' title='bbox 568 1582 647 1616; x_wconf 76' lang='grc'>308</span> <span class='ocrx_word' id='word_1_212' title='bbox 682 1578 764 1614; x_wconf 88' lang='lat' dir='ltr'>dies</span> <span class='ocrx_word' id='word_1_213' title='bbox 797 1579 989 1626; x_wconf 83' lang='lat' dir='ltr'>competit,</span> <span class='ocrx_word' id='word_1_214' title='bbox 1023 1578 1097 1625; x_wconf 90' lang='lat' dir='ltr'>ipsi</span> <span class='ocrx_word' id='word_1_215' title='bbox 1130 1576 1237 1629; x_wconf 83' lang='grc'>31212</span> <span class='ocrx_word' id='word_1_216' title='bbox 1275 1588 1396 1613; x_wconf 90' lang='lat' dir='ltr'>annos</span> <span class='ocrx_word' id='word_1_217' title='bbox 1428 1582 1596 1616; x_wconf 86' lang='lat' dir='ltr'>sumunt.</span> 
     </span>
    </p>

    <p class='ocr_par' dir='ltr' id='par_1_10' title="bbox 446 1633 1913 1684">
     <span class='ocr_line' id='line_1_25' title="bbox 446 1633 1913 1684; baseline -0.001 -11"><span class='ocrx_word' id='word_1_218' title='bbox 446 1641 508 1674; x_wconf 84' lang='grc'>12.</span> <span class='ocrx_word' id='word_1_219' title='bbox 543 1635 660 1674; x_wconf 88' lang='lat' dir='ltr'>lalsa</span> <span class='ocrx_word' id='word_1_220' title='bbox 694 1641 751 1674; x_wconf 85' lang='lat' dir='ltr'>est</span> <span class='ocrx_word' id='word_1_221' title='bbox 784 1640 819 1672; x_wconf 88' lang='lat' dir='ltr'>ct</span> <span class='ocrx_word' id='word_1_222' title='bbox 852 1635 952 1672; x_wconf 82' lang='lat' dir='ltr'>Solis</span> <span class='ocrx_word' id='word_1_223' title='bbox 984 1633 1165 1684; x_wconf 89' lang='lat' dir='ltr'>periodus</span> <span class='ocrx_word' id='word_1_224' title='bbox 1197 1646 1265 1672; x_wconf 88' lang='lat' dir='ltr'>seu</span> <span class='ocrx_word' id='word_1_225' title='bbox 1297 1636 1568 1683; x_wconf 89' lang='lat' dir='ltr'>proemptosis,</span> <span class='ocrx_word' id='word_1_226' title='bbox 1601 1641 1641 1673; x_wconf 91' lang='lat' dir='ltr'>at</span> <span class='ocrx_word' id='word_1_227' title='bbox 1671 1646 1748 1673; x_wconf 93' lang='lat' dir='ltr'>non</span> <span class='ocrx_word' id='word_1_228' title='bbox 1780 1633 1913 1671; x_wconf 80' lang='lat' dir='ltr'>multo.</span> 
     </span>
    </p>

    <p class='ocr_par' dir='ltr' id='par_1_11' title="bbox 301 1690 2099 1859">
     <span class='ocr_line' id='line_1_26' title="bbox 441 1690 2099 1742; baseline -0.003 -11"><span class='ocrx_word' id='word_1_229' title='bbox 441 1695 649 1732; x_wconf 84' lang='lat' dir='ltr'>Christiani</span> <span class='ocrx_word' id='word_1_230' title='bbox 683 1693 890 1731; x_wconf 84' lang='lat' dir='ltr'>occidentis</span> <span class='ocrx_word' id='word_1_231' title='bbox 913 1693 1059 1742; x_wconf 88' lang='lat' dir='ltr'>pascha</span> <span class='ocrx_word' id='word_1_232' title='bbox 1079 1692 1322 1730; x_wconf 79' lang='lat' dir='ltr'>celebrarunt</span> <span class='ocrx_word' id='word_1_233' title='bbox 1343 1692 1453 1729; x_wconf 91' lang='lat' dir='ltr'><strong>VIII</strong></span> <span class='ocrx_word' id='word_1_234' title='bbox 1479 1693 1560 1732; x_wconf 86' lang='lat' dir='ltr'>Cal.</span> <span class='ocrx_word' id='word_1_235' title='bbox 1585 1694 1691 1742; x_wconf 64' lang='lat' dir='ltr'>Apr„</span> <span class='ocrx_word' id='word_1_236' title='bbox 1724 1693 1762 1730; x_wconf 91' lang='lat' dir='ltr'>id</span> <span class='ocrx_word' id='word_1_237' title='bbox 1785 1697 1842 1730; x_wconf 89' lang='lat' dir='ltr'>est</span> <span class='ocrx_word' id='word_1_238' title='bbox 1866 1696 1931 1730; x_wconf 84' lang='lat'>25.</span> <span class='ocrx_word' id='word_1_239' title='bbox 1954 1690 2099 1737; x_wconf 88' lang='lat' dir='ltr'>Martii,</span> 
     </span>
     <span class='ocr_line' id='line_1_27' title="bbox 302 1750 2099 1802; baseline -0.001 -13"><span class='ocrx_word' id='word_1_240' title='bbox 302 1754 367 1802; x_wconf 91' lang='lat' dir='ltr'>qui</span> <span class='ocrx_word' id='word_1_241' title='bbox 401 1752 482 1790; x_wconf 90' lang='lat' dir='ltr'>dies</span> <span class='ocrx_word' id='word_1_242' title='bbox 513 1758 572 1790; x_wconf 87' lang='lat' dir='ltr'>est</span> <span class='ocrx_word' id='word_1_243' title='bbox 603 1752 849 1800; x_wconf 89' lang='lat' dir='ltr'>aequinoctio</span> <span class='ocrx_word' id='word_1_244' title='bbox 882 1763 925 1799; x_wconf 84' lang='lat' dir='ltr'>pr</span> <span class='ocrx_word' id='word_1_245' title='bbox 929 1751 1075 1789; x_wconf 63' lang='lat' dir='ltr'>refixus</span> <span class='ocrx_word' id='word_1_246' title='bbox 1107 1752 1144 1786; x_wconf 89' lang='lat' dir='ltr'>in</span> <span class='ocrx_word' id='word_1_247' title='bbox 1178 1750 1396 1788; x_wconf 89' lang='lat' dir='ltr'>calendario</span> <span class='ocrx_word' id='word_1_248' title='bbox 1429 1750 1802 1798; x_wconf 78' lang='lat' dir='ltr'>Julian030arue1e</span> <span class='ocrx_word' id='word_1_249' title='bbox 1834 1751 1980 1796; x_wconf 90' lang='lat' dir='ltr'>lunari,</span> <span class='ocrx_word' id='word_1_250' title='bbox 2013 1753 2099 1787; x_wconf 90' lang='lat' dir='ltr'>ute-</span> 
     </span>
     <span class='ocr_line' id='line_1_28' title="bbox 301 1809 1077 1859; baseline -0.004 -11"><span class='ocrx_word' id='word_1_251' title='bbox 301 1813 442 1848; x_wconf 87' lang='lat' dir='ltr'>bantur</span> <span class='ocrx_word' id='word_1_252' title='bbox 473 1809 613 1859; x_wconf 82' lang='lat' dir='ltr'>solari3</span> <span class='ocrx_word' id='word_1_253' title='bbox 648 1809 899 1847; x_wconf 89' lang='lat' dir='ltr'>Alexandrini</span> <span class='ocrx_word' id='word_1_254' title='bbox 932 1816 1077 1846; x_wconf 85' lang='lat' dir='ltr'>contra.</span> 
     </span>
    </p>

    <p class='ocr_par' dir='ltr' id='par_1_12' title="bbox 303 1866 2106 2032">
     <span class='ocr_line' id='line_1_29' title="bbox 439 1866 2099 1916; baseline -0.003 -10"><span class='ocrx_word' id='word_1_255' title='bbox 439 1868 754 1906; x_wconf 87' lang='lat' dir='ltr'>Ecclesiasticus:</span> <span class='ocrx_word' id='word_1_256' title='bbox 789 1867 987 1915; x_wconf 84' lang='lat' dir='ltr'>Jejunium</span> <span class='ocrx_word' id='word_1_257' title='bbox 1021 1866 1354 1916; x_wconf 83' lang='lat' dir='ltr'>quadragesimale</span> <span class='ocrx_word' id='word_1_258' title='bbox 1387 1867 1622 1915; x_wconf 87' lang='lat' dir='ltr'>abjecimus,</span> <span class='ocrx_word' id='word_1_259' title='bbox 1657 1867 1832 1905; x_wconf 85' lang='lat' dir='ltr'>missalia</span> <span class='ocrx_word' id='word_1_260' title='bbox 1865 1867 2099 1915; x_wconf 85' lang='lat' dir='ltr'>ignoramus,</span> 
     </span>
     <span class='ocr_line' id='line_1_30' title="bbox 303 1922 2106 1974; baseline -0.002 -11"><span class='ocrx_word' id='word_1_261' title='bbox 303 1926 428 1963; x_wconf 86' lang='lat' dir='ltr'>officia</span> <span class='ocrx_word' id='word_1_262' title='bbox 459 1933 590 1963; x_wconf 88' lang='lat' dir='ltr'>nostra</span> <span class='ocrx_word' id='word_1_263' title='bbox 622 1927 732 1963; x_wconf 90' lang='lat' dir='ltr'>vobis</span> <span class='ocrx_word' id='word_1_264' title='bbox 764 1926 1038 1973; x_wconf 86' lang='lat' dir='ltr'>relinquimus,</span> <span class='ocrx_word' id='word_1_265' title='bbox 1072 1936 1234 1973; x_wconf 90' lang='lat' dir='ltr'>quorum</span> <span class='ocrx_word' id='word_1_266' title='bbox 1266 1926 1392 1973; x_wconf 86' lang='lat' dir='ltr'>gratia</span> <span class='ocrx_word' id='word_1_267' title='bbox 1424 1925 1684 1963; x_wconf 83' lang='lat' dir='ltr'>calendarium</span> <span class='ocrx_word' id='word_1_268' title='bbox 1717 1927 1918 1974; x_wconf 81' lang='lat' dir='ltr'>corrigitis.</span> <span class='ocrx_word' id='word_1_269' title='bbox 1972 1922 2106 1971; x_wconf 74' lang='lat' dir='ltr'>Quor-v</span> 
     </span>
     <span class='ocr_line' id='line_1_31' title="bbox 304 1982 1296 2032; baseline -0.002 -11"><span class='ocrx_word' id='word_1_270' title='bbox 304 1996 387 2021; x_wconf 88' lang='lat' dir='ltr'>sum</span> <span class='ocrx_word' id='word_1_271' title='bbox 421 1985 533 2031; x_wconf 82' lang='lat' dir='ltr'>igitur</span> <span class='ocrx_word' id='word_1_272' title='bbox 565 1984 677 2021; x_wconf 90' lang='lat' dir='ltr'>nobis</span> <span class='ocrx_word' id='word_1_273' title='bbox 711 1995 806 2032; x_wconf 91' lang='lat' dir='ltr'>opus</span> <span class='ocrx_word' id='word_1_274' title='bbox 840 1989 1009 2021; x_wconf 85' lang='lat' dir='ltr'>correcto</span> <span class='ocrx_word' id='word_1_275' title='bbox 1042 1982 1296 2021; x_wconf 68' lang='lat' dir='ltr'>calendario?</span> 
     </span>
    </p>

    <p class='ocr_par' dir='ltr' id='par_1_13' title="bbox 301 2038 2099 2206">
     <span class='ocr_line' id='line_1_32' title="bbox 441 2038 2099 2089; baseline -0.002 -10"><span class='ocrx_word' id='word_1_276' title='bbox 441 2042 723 2080; x_wconf 80' lang='lat' dir='ltr'>Confessarius:</span> <span class='ocrx_word' id='word_1_277' title='bbox 767 2041 907 2078; x_wconf 90' lang='lat' dir='ltr'>Mirum</span> <span class='ocrx_word' id='word_1_278' title='bbox 940 2053 1010 2078; x_wconf 91' lang='lat' dir='ltr'>vos</span> <span class='ocrx_word' id='word_1_279' title='bbox 1042 2051 1118 2078; x_wconf 90' lang='lat' dir='ltr'>non</span> <span class='ocrx_word' id='word_1_280' title='bbox 1158 2041 1327 2089; x_wconf 88' lang='lat' dir='ltr'>abjicere</span> <span class='ocrx_word' id='word_1_281' title='bbox 1368 2046 1404 2078; x_wconf 91' lang='lat' dir='ltr'>et</span> <span class='ocrx_word' id='word_1_282' title='bbox 1446 2042 1584 2078; x_wconf 78' lang='lat' dir='ltr'>festum</span> <span class='ocrx_word' id='word_1_283' title='bbox 1616 2040 1821 2079; x_wconf 85' lang='lat' dir='ltr'>Paschatis</span> <span class='ocrx_word' id='word_1_284' title='bbox 1862 2041 1900 2076; x_wconf 92' lang='lat' dir='ltr'>in</span> <span class='ocrx_word' id='word_1_285' title='bbox 1933 2038 2099 2077; x_wconf 88' lang='lat' dir='ltr'>solidum</span> 
     </span>
     <span class='ocr_line' id='line_1_33' title="bbox 306 2098 2098 2148; baseline -0.002 -12"><span class='ocrx_word' id='word_1_286' title='bbox 306 2099 482 2147; x_wconf 81' lang='lat' dir='ltr'>diemque</span> <span class='ocrx_word' id='word_1_287' title='bbox 516 2100 742 2137; x_wconf 86' lang='lat' dir='ltr'>Nativitatis</span> <span class='ocrx_word' id='word_1_288' title='bbox 774 2100 812 2135; x_wconf 88' lang='lat' dir='ltr'>in</span> <span class='ocrx_word' id='word_1_289' title='bbox 845 2099 1029 2146; x_wconf 89' lang='lat' dir='ltr'>solidum,</span> <span class='ocrx_word' id='word_1_290' title='bbox 1074 2098 1238 2148; x_wconf 87' lang='lat' dir='ltr'>denique</span> <span class='ocrx_word' id='word_1_291' title='bbox 1272 2110 1404 2136; x_wconf 87' lang='lat' dir='ltr'>omnes</span> <span class='ocrx_word' id='word_1_292' title='bbox 1438 2098 1716 2137; x_wconf 84' lang='lat' dir='ltr'>dominicarum</span> <span class='ocrx_word' id='word_1_293' title='bbox 1751 2099 2098 2136; x_wconf 87' lang='lat' dir='ltr'>denominationes.</span> 
     </span>
     <span class='ocr_line' id='line_1_34' title="bbox 301 2157 1706 2206; baseline -0.001 -11"><span class='ocrx_word' id='word_1_294' title='bbox 301 2158 437 2195; x_wconf 88' lang='lat' dir='ltr'>Nonne</span> <span class='ocrx_word' id='word_1_295' title='bbox 472 2157 685 2206; x_wconf 80' lang='lat' dir='ltr'>Evangelia</span> <span class='ocrx_word' id='word_1_296' title='bbox 710 2157 791 2206; x_wconf 88' lang='lat' dir='ltr'>jam</span> <span class='ocrx_word' id='word_1_297' title='bbox 823 2157 969 2205; x_wconf 89' lang='lat' dir='ltr'>pridem</span> <span class='ocrx_word' id='word_1_298' title='bbox 1002 2168 1142 2205; x_wconf 85' lang='lat' dir='ltr'>magna</span> <span class='ocrx_word' id='word_1_299' title='bbox 1173 2168 1262 2205; x_wconf 86' lang='lat' dir='ltr'>pars</span> <span class='ocrx_word' id='word_1_300' title='bbox 1296 2162 1463 2193; x_wconf 88' lang='lat' dir='ltr'>vestrum</span> <span class='ocrx_word' id='word_1_301' title='bbox 1496 2157 1706 2205; x_wconf 77' lang='lat' dir='ltr'>abjecere?</span> 
     </span>
    </p>

    <p class='ocr_par' dir='ltr' id='par_1_14' title="bbox 304 2214 2098 2379">
     <span class='ocr_line' id='line_1_35' title="bbox 441 2214 2095 2262; baseline -0.001 -11"><span class='ocrx_word' id='word_1_302' title='bbox 441 2215 752 2253; x_wconf 87' lang='lat' dir='ltr'>Ecclesiasticus:</span> <span class='ocrx_word' id='word_1_303' title='bbox 802 2214 954 2262; x_wconf 79' lang='lat' dir='ltr'>Quaero</span> <span class='ocrx_word' id='word_1_304' title='bbox 987 2227 1031 2252; x_wconf 76' lang='lat' dir='ltr'>ex</span> <span class='ocrx_word' id='word_1_305' title='bbox 1067 2216 1194 2260; x_wconf 86' lang='lat' dir='ltr'>vobis,</span> <span class='ocrx_word' id='word_1_306' title='bbox 1227 2215 1257 2251; x_wconf 92' lang='lat' dir='ltr'>si</span> <span class='ocrx_word' id='word_1_307' title='bbox 1292 2226 1499 2262; x_wconf 87' lang='lat' dir='ltr'>sequamur</span> <span class='ocrx_word' id='word_1_308' title='bbox 1530 2221 1656 2252; x_wconf 85' lang='lat' dir='ltr'>motus</span> <span class='ocrx_word' id='word_1_309' title='bbox 1691 2225 1823 2261; x_wconf 87' lang='lat' dir='ltr'>veros,</span> <span class='ocrx_word' id='word_1_310' title='bbox 1859 2225 1906 2251; x_wconf 89' lang='lat' dir='ltr'>an</span> <span class='ocrx_word' id='word_1_311' title='bbox 1940 2224 2095 2250; x_wconf 84' lang='lat' dir='ltr'>excom-</span> 
     </span>
     <span class='ocr_line' id='line_1_36' title="bbox 304 2272 2098 2322; baseline -0.001 -13"><span class='ocrx_word' id='word_1_312' title='bbox 304 2273 561 2310; x_wconf 88' lang='lat' dir='ltr'>municatione</span> <span class='ocrx_word' id='word_1_313' title='bbox 592 2279 792 2312; x_wconf 86' lang='lat' dir='ltr'>teneamur</span> <span class='ocrx_word' id='word_1_314' title='bbox 815 2272 1002 2322; x_wconf 82' lang='lat' dir='ltr'>Gregorii,</span> <span class='ocrx_word' id='word_1_315' title='bbox 1037 2283 1120 2310; x_wconf 88' lang='lat' dir='ltr'>cum</span> <span class='ocrx_word' id='word_1_316' title='bbox 1152 2273 1310 2321; x_wconf 83' lang='lat' dir='ltr'>propius</span> <span class='ocrx_word' id='word_1_317' title='bbox 1343 2272 1389 2309; x_wconf 91' lang='lat' dir='ltr'>ad</span> <span class='ocrx_word' id='word_1_318' title='bbox 1414 2272 1600 2310; x_wconf 88' lang='lat' dir='ltr'>Nicenum</span> <span class='ocrx_word' id='word_1_319' title='bbox 1633 2272 1837 2311; x_wconf 86' lang='lat' dir='ltr'>concilium</span> <span class='ocrx_word' id='word_1_320' title='bbox 1869 2272 2098 2309; x_wconf 87' lang='lat' dir='ltr'>accedamus</span> 
     </span>
     <span class='ocr_line' id='line_1_37' title="bbox 310 2330 558 2379; baseline -0.004 -11"><span class='ocrx_word' id='word_1_321' title='bbox 310 2342 425 2379; x_wconf 88' lang='lat' dir='ltr'>quam</span> <span class='ocrx_word' id='word_1_322' title='bbox 459 2342 527 2368; x_wconf 84' lang='lat' dir='ltr'>vos</span> <span class='ocrx_word' id='word_1_323' title='bbox 540 2330 558 2367; x_wconf 66' lang='lat'>⁸?</span> 
     </span>
    </p>

    <p class='ocr_par' dir='ltr' id='par_1_15' title="bbox 305 2387 2099 2553">
     <span class='ocr_line' id='line_1_38' title="bbox 441 2387 2097 2438; baseline -0.002 -12"><span class='ocrx_word' id='word_1_324' title='bbox 441 2388 650 2438; x_wconf 86' lang='lat' dir='ltr'>Syndicus:</span> <span class='ocrx_word' id='word_1_325' title='bbox 686 2388 871 2426; x_wconf 85' lang='lat' dir='ltr'>Vidcmur</span> <span class='ocrx_word' id='word_1_326' title='bbox 902 2390 1013 2426; x_wconf 85' lang='lat' dir='ltr'>nobis</span> <span class='ocrx_word' id='word_1_327' title='bbox 1044 2387 1340 2434; x_wconf 86' lang='lat' dir='ltr'>incommodare,</span> <span class='ocrx_word' id='word_1_328' title='bbox 1373 2400 1443 2425; x_wconf 88' lang='lat' dir='ltr'>nos</span> <span class='ocrx_word' id='word_1_329' title='bbox 1476 2389 1579 2426; x_wconf 87' lang='lat' dir='ltr'>hosti</span> <span class='ocrx_word' id='word_1_330' title='bbox 1611 2388 1767 2427; x_wconf 86' lang='lat' dir='ltr'>reddere</span> <span class='ocrx_word' id='word_1_331' title='bbox 1801 2387 2097 2433; x_wconf 86' lang='lat' dir='ltr'>contemtibiles,</span> 
     </span>
     <span class='ocr_line' id='line_1_39' title="bbox 308 2445 2099 2495; baseline 0 -13"><span class='ocrx_word' id='word_1_332' title='bbox 308 2445 459 2495; x_wconf 90' lang='lat' dir='ltr'>prodito</span> <span class='ocrx_word' id='word_1_333' title='bbox 492 2451 621 2484; x_wconf 89' lang='lat' dir='ltr'>nostro</span> <span class='ocrx_word' id='word_1_334' title='bbox 653 2452 767 2494; x_wconf 90' lang='lat' dir='ltr'>metu,</span> <span class='ocrx_word' id='word_1_335' title='bbox 803 2453 842 2484; x_wconf 88' lang='lat' dir='ltr'>ut</span> <span class='ocrx_word' id='word_1_336' title='bbox 875 2447 1013 2495; x_wconf 91' lang='lat' dir='ltr'>quibus</span> <span class='ocrx_word' id='word_1_337' title='bbox 1042 2457 1119 2482; x_wconf 89' lang='lat' dir='ltr'>non</span> <span class='ocrx_word' id='word_1_338' title='bbox 1152 2450 1300 2482; x_wconf 88' lang='lat' dir='ltr'>tantum</span> <span class='ocrx_word' id='word_1_339' title='bbox 1323 2448 1489 2494; x_wconf 87' lang='lat' dir='ltr'>supersit</span> <span class='ocrx_word' id='word_1_340' title='bbox 1510 2447 1672 2494; x_wconf 88' lang='lat' dir='ltr'>consilii,</span> <span class='ocrx_word' id='word_1_341' title='bbox 1707 2453 1749 2484; x_wconf 88' lang='lat' dir='ltr'>ut</span> <span class='ocrx_word' id='word_1_342' title='bbox 1773 2446 1942 2485; x_wconf 88' lang='lat' dir='ltr'>admisso</span> <span class='ocrx_word' id='word_1_343' title='bbox 1965 2445 2099 2483; x_wconf 91' lang='lat' dir='ltr'>calen-</span> 
     </span>
     <span class='ocr_line' id='line_1_40' title="bbox 305 2503 1614 2553; baseline 0.002 -12"><span class='ocrx_word' id='word_1_344' title='bbox 305 2503 411 2542; x_wconf 89' lang='lat' dir='ltr'>dario</span> <span class='ocrx_word' id='word_1_345' title='bbox 444 2503 682 2553; x_wconf 89' lang='lat' dir='ltr'>Gregoriano</span> <span class='ocrx_word' id='word_1_346' title='bbox 715 2517 738 2542; x_wconf 87' lang='lat' dir='ltr'>a</span> <span class='ocrx_word' id='word_1_347' title='bbox 769 2504 917 2553; x_wconf 86' lang='lat' dir='ltr'>reliquo</span> <span class='ocrx_word' id='word_1_348' title='bbox 950 2505 1033 2553; x_wconf 88' lang='lat' dir='ltr'>ejus</span> <span class='ocrx_word' id='word_1_349' title='bbox 1060 2504 1155 2552; x_wconf 88' lang='lat' dir='ltr'>jugo</span> <span class='ocrx_word' id='word_1_350' title='bbox 1189 2505 1261 2540; x_wconf 86' lang='lat' dir='ltr'>tuti</span> <span class='ocrx_word' id='word_1_351' title='bbox 1295 2515 1378 2541; x_wconf 89' lang='lat' dir='ltr'>esse</span> <span class='ocrx_word' id='word_1_352' title='bbox 1410 2507 1614 2552; x_wconf 74' lang='lat' dir='ltr'>possimus,</span> 
     </span>
    </p>

    <p class='ocr_par' dir='ltr' id='par_1_16' title="bbox 305 2562 2100 2658">
     <span class='ocr_line' id='line_1_41' title="bbox 443 2562 2100 2611; baseline -0.001 -12"><span class='ocrx_word' id='word_1_353' title='bbox 443 2563 503 2599; x_wconf 89' lang='lat' dir='ltr'>An</span> <span class='ocrx_word' id='word_1_354' title='bbox 535 2574 611 2599; x_wconf 85' lang='lat' dir='ltr'>non</span> <span class='ocrx_word' id='word_1_355' title='bbox 642 2569 775 2611; x_wconf 87' lang='lat' dir='ltr'>gentes</span> <span class='ocrx_word' id='word_1_356' title='bbox 808 2568 957 2600; x_wconf 88' lang='lat' dir='ltr'>ceterae</span> <span class='ocrx_word' id='word_1_357' title='bbox 990 2574 1013 2599; x_wconf 92' lang='lat' dir='ltr'>a</span> <span class='ocrx_word' id='word_1_358' title='bbox 1044 2563 1180 2598; x_wconf 89' lang='lat' dir='ltr'>vicinis</span> <span class='ocrx_word' id='word_1_359' title='bbox 1223 2562 1302 2598; x_wconf 89' lang='lat' dir='ltr'>suis</span> <span class='ocrx_word' id='word_1_360' title='bbox 1342 2562 1463 2600; x_wconf 84' lang='lat' dir='ltr'>multa</span> <span class='ocrx_word' id='word_1_361' title='bbox 1502 2564 1539 2599; x_wconf 90' lang='lat' dir='ltr'>in</span> <span class='ocrx_word' id='word_1_362' title='bbox 1577 2564 1723 2600; x_wconf 79' lang='lat' dir='ltr'>ratione</span> <span class='ocrx_word' id='word_1_363' title='bbox 1765 2568 1979 2611; x_wconf 89' lang='lat' dir='ltr'>temporum</span> <span class='ocrx_word' id='word_1_364' title='bbox 2011 2568 2100 2598; x_wconf 89' lang='lat' dir='ltr'>sunt</span> 
     </span>
     <span class='ocr_line' id='line_1_42' title="bbox 305 2619 1213 2658; baseline 0 -2"><span class='ocrx_word' id='word_1_365' title='bbox 305 2622 468 2658; x_wconf 90' lang='lat' dir='ltr'>mutuati</span> <span class='ocrx_word' id='word_1_366' title='bbox 502 2622 596 2658; x_wconf 88' lang='lat' dir='ltr'>citra</span> <span class='ocrx_word' id='word_1_367' title='bbox 628 2621 908 2658; x_wconf 76' lang='lat' dir='ltr'>consessionem</span> <span class='ocrx_word' id='word_1_368' title='bbox 941 2619 1213 2657; x_wconf 76' lang='lat' dir='ltr'>obedientiae?</span> 
     </span>
    </p>

    <p class='ocr_par' dir='ltr' id='par_1_17' title="bbox 308 2676 2099 3190">
     <span class='ocr_line' id='line_1_43' title="bbox 445 2676 2099 2726; baseline 0 -12"><span class='ocrx_word' id='word_1_369' title='bbox 445 2678 667 2726; x_wconf 85' lang='lat' dir='ltr'>Alphonsus</span> <span class='ocrx_word' id='word_1_370' title='bbox 706 2679 921 2716; x_wconf 84' lang='lat' dir='ltr'>Sarazenos</span> <span class='ocrx_word' id='word_1_371' title='bbox 963 2683 1000 2715; x_wconf 84' lang='lat' dir='ltr'>et</span> <span class='ocrx_word' id='word_1_372' title='bbox 1030 2677 1188 2714; x_wconf 88' lang='lat' dir='ltr'>Mauros</span> <span class='ocrx_word' id='word_1_373' title='bbox 1230 2676 1391 2715; x_wconf 85' lang='lat' dir='ltr'>audivit.</span> <span class='ocrx_word' id='word_1_374' title='bbox 1456 2679 1714 2717; x_wconf 84' lang='lat' dir='ltr'>Defendcntes</span> <span class='ocrx_word' id='word_1_375' title='bbox 1757 2677 1961 2716; x_wconf 87' lang='lat' dir='ltr'>manifesta</span> <span class='ocrx_word' id='word_1_376' title='bbox 2005 2677 2099 2714; x_wconf 87' lang='lat' dir='ltr'>vitia</span> 
     </span>
     <span class='ocr_line' id='line_1_44' title="bbox 312 2734 2098 2783; baseline -0.001 -10"><span class='ocrx_word' id='word_1_377' title='bbox 312 2736 539 2783; x_wconf 81' lang='lat' dir='ltr'>calendarii,</span> <span class='ocrx_word' id='word_1_378' title='bbox 574 2736 788 2774; x_wconf 87' lang='lat' dir='ltr'>calumniae</span> <span class='ocrx_word' id='word_1_379' title='bbox 822 2736 956 2773; x_wconf 89' lang='lat' dir='ltr'>damus</span> <span class='ocrx_word' id='word_1_380' title='bbox 990 2737 1247 2781; x_wconf 88' lang='lat' dir='ltr'>occasionem,</span> <span class='ocrx_word' id='word_1_381' title='bbox 1293 2747 1337 2773; x_wconf 92' lang='lat' dir='ltr'>ac</span> <span class='ocrx_word' id='word_1_382' title='bbox 1368 2738 1399 2773; x_wconf 90' lang='lat' dir='ltr'>si</span> <span class='ocrx_word' id='word_1_383' title='bbox 1432 2741 1468 2774; x_wconf 87' lang='lat' dir='ltr'>et</span> <span class='ocrx_word' id='word_1_384' title='bbox 1500 2737 1578 2774; x_wconf 86' lang='lat' dir='ltr'>alia</span> <span class='ocrx_word' id='word_1_385' title='bbox 1610 2738 1705 2774; x_wconf 87' lang='lat' dir='ltr'>vitia</span> <span class='ocrx_word' id='word_1_386' title='bbox 1737 2736 1932 2773; x_wconf 88' lang='lat' dir='ltr'>doctrinae</span> <span class='ocrx_word' id='word_1_387' title='bbox 1966 2734 2098 2772; x_wconf 82' lang='lat' dir='ltr'>desen—</span> 
     </span>
     <span class='ocr_line' id='line_1_45' title="bbox 315 2793 2098 2843; baseline -0.001 -13"><span class='ocrx_word' id='word_1_388' title='bbox 315 2793 450 2830; x_wconf 87' lang='lat' dir='ltr'>damus</span> <span class='ocrx_word' id='word_1_389' title='bbox 484 2796 531 2831; x_wconf 85' lang='lat' dir='ltr'>ob</span> <span class='ocrx_word' id='word_1_390' title='bbox 566 2796 824 2843; x_wconf 85' lang='lat' dir='ltr'>pertinaciam,</span> <span class='ocrx_word' id='word_1_391' title='bbox 859 2806 904 2832; x_wconf 89' lang='lat' dir='ltr'>ac</span> <span class='ocrx_word' id='word_1_392' title='bbox 935 2795 966 2831; x_wconf 88' lang='lat' dir='ltr'>si</span> <span class='ocrx_word' id='word_1_393' title='bbox 999 2795 1117 2830; x_wconf 87' lang='lat' dir='ltr'>simus</span> <span class='ocrx_word' id='word_1_394' title='bbox 1149 2793 1426 2831; x_wconf 89' lang='lat' dir='ltr'>intractabiles.</span> <span class='ocrx_word' id='word_1_395' title='bbox 1487 2794 1720 2843; x_wconf 85' lang='lat' dir='ltr'>Sequamur,</span> <span class='ocrx_word' id='word_1_396' title='bbox 1754 2800 1796 2831; x_wconf 91' lang='lat' dir='ltr'>ut</span> <span class='ocrx_word' id='word_1_397' title='bbox 1826 2793 1997 2840; x_wconf 87' lang='lat' dir='ltr'>videant,</span> <span class='ocrx_word' id='word_1_398' title='bbox 2029 2803 2098 2829; x_wconf 87' lang='lat' dir='ltr'>nos</span> 
     </span>
     <span class='ocr_line' id='line_1_46' title="bbox 309 2850 2097 2901; baseline 0.001 -15"><span class='ocrx_word' id='word_1_399' title='bbox 309 2851 345 2887; x_wconf 92' lang='lat' dir='ltr'>in</span> <span class='ocrx_word' id='word_1_400' title='bbox 379 2853 512 2889; x_wconf 88' lang='lat' dir='ltr'>ceteris</span> <span class='ocrx_word' id='word_1_401' title='bbox 555 2864 629 2889; x_wconf 91' lang='lat' dir='ltr'>non</span> <span class='ocrx_word' id='word_1_402' title='bbox 673 2864 741 2901; x_wconf 90' lang='lat' dir='ltr'>pro</span> <span class='ocrx_word' id='word_1_403' title='bbox 782 2853 993 2901; x_wconf 85' lang='lat' dir='ltr'>pertinacia</span> <span class='ocrx_word' id='word_1_404' title='bbox 1023 2863 1213 2900; x_wconf 88' lang='lat' dir='ltr'>pugnare,</span> <span class='ocrx_word' id='word_1_405' title='bbox 1256 2851 1322 2888; x_wconf 89' lang='lat' dir='ltr'>sed</span> <span class='ocrx_word' id='word_1_406' title='bbox 1363 2863 1431 2900; x_wconf 88' lang='lat' dir='ltr'>pro</span> <span class='ocrx_word' id='word_1_407' title='bbox 1471 2853 1718 2890; x_wconf 87' lang='lat' dir='ltr'>conscientia.</span> <span class='ocrx_word' id='word_1_408' title='bbox 1779 2851 1893 2888; x_wconf 91' lang='lat' dir='ltr'>Multi</span> <span class='ocrx_word' id='word_1_409' title='bbox 1931 2850 2097 2900; x_wconf 90' lang='lat' dir='ltr'>(Maest-</span> 
     </span>
     <span class='ocr_line' id='line_1_47' title="bbox 308 2908 2097 2958; baseline 0.001 -14"><span class='ocrx_word' id='word_1_410' title='bbox 308 2908 385 2946; x_wconf 91' lang='lat' dir='ltr'>lino</span> <span class='ocrx_word' id='word_1_411' title='bbox 418 2911 594 2958; x_wconf 77' lang='lat' dir='ltr'>excepto)</span> <span class='ocrx_word' id='word_1_412' title='bbox 627 2910 723 2948; x_wconf 86' lang='lat' dir='ltr'>adeo</span> <span class='ocrx_word' id='word_1_413' title='bbox 756 2916 884 2958; x_wconf 88' lang='lat' dir='ltr'>turpes</span> <span class='ocrx_word' id='word_1_414' title='bbox 916 2923 956 2948; x_wconf 89' lang='lat' dir='ltr'>se</span> <span class='ocrx_word' id='word_1_415' title='bbox 989 2909 1174 2947; x_wconf 87' lang='lat' dir='ltr'>dederunt</span> <span class='ocrx_word' id='word_1_416' title='bbox 1205 2909 1406 2947; x_wconf 90' lang='lat' dir='ltr'>scribendo</span> <span class='ocrx_word' id='word_1_417' title='bbox 1438 2917 1570 2948; x_wconf 90' lang='lat' dir='ltr'>contra</span> <span class='ocrx_word' id='word_1_418' title='bbox 1601 2909 1876 2955; x_wconf 88' lang='lat' dir='ltr'>calendarium,</span> <span class='ocrx_word' id='word_1_419' title='bbox 1910 2915 1952 2946; x_wconf 90' lang='lat' dir='ltr'>ut</span> <span class='ocrx_word' id='word_1_420' title='bbox 1988 2915 2097 2957; x_wconf 89' lang='lat' dir='ltr'>turpe</span> 
     </span>
     <span class='ocr_line' id='line_1_48' title="bbox 310 2966 2097 3018; baseline 0 -16"><span class='ocrx_word' id='word_1_421' title='bbox 310 2966 359 3002; x_wconf 85' lang='lat' dir='ltr'>sit</span> <span class='ocrx_word' id='word_1_422' title='bbox 389 2969 676 3015; x_wconf 82' lang='lat' dir='ltr'>magistratibus</span> <span class='ocrx_word' id='word_1_423' title='bbox 708 2968 850 3015; x_wconf 77' lang='lat' dir='ltr'>audire,</span> <span class='ocrx_word' id='word_1_424' title='bbox 884 2968 985 3018; x_wconf 88' lang='lat' dir='ltr'>quod</span> <span class='ocrx_word' id='word_1_425' title='bbox 1018 2979 1202 3016; x_wconf 89' lang='lat' dir='ltr'>personas</span> <span class='ocrx_word' id='word_1_426' title='bbox 1235 2973 1311 3004; x_wconf 88' lang='lat' dir='ltr'>tam</span> <span class='ocrx_word' id='word_1_427' title='bbox 1344 2972 1472 3016; x_wconf 88' lang='lat' dir='ltr'>turpes</span> <span class='ocrx_word' id='word_1_428' title='bbox 1505 2974 1541 3006; x_wconf 82' lang='lat' dir='ltr'>et</span> <span class='ocrx_word' id='word_1_429' title='bbox 1567 2968 1806 3006; x_wconf 88' lang='lat' dir='ltr'>turbulentas</span> <span class='ocrx_word' id='word_1_430' title='bbox 1838 2966 1998 3004; x_wconf 88' lang='lat' dir='ltr'>audiant</span> <span class='ocrx_word' id='word_1_431' title='bbox 2028 2967 2097 3003; x_wconf 91' lang='lat' dir='ltr'>iis-</span> 
     </span>
     <span class='ocr_line' id='line_1_49' title="bbox 312 3024 2097 3075; baseline 0.001 -16"><span class='ocrx_word' id='word_1_432' title='bbox 312 3034 386 3070; x_wconf 90' lang='lat' dir='ltr'>que</span> <span class='ocrx_word' id='word_1_433' title='bbox 430 3024 701 3064; x_wconf 81' lang='lat' dir='ltr'>obsecundent.</span> <span class='ocrx_word' id='word_1_434' title='bbox 761 3026 845 3064; x_wconf 88' lang='lat' dir='ltr'>Non</span> <span class='ocrx_word' id='word_1_435' title='bbox 878 3033 1055 3075; x_wconf 86' lang='lat' dir='ltr'>parentes</span> <span class='ocrx_word' id='word_1_436' title='bbox 1088 3026 1243 3064; x_wconf 88' lang='lat' dir='ltr'>Caesari</span> <span class='ocrx_word' id='word_1_437' title='bbox 1275 3026 1463 3073; x_wconf 89' lang='lat' dir='ltr'>cupienti,</span> <span class='ocrx_word' id='word_1_438' title='bbox 1504 3026 1669 3074; x_wconf 91' lang='lat' dir='ltr'>produnt</span> <span class='ocrx_word' id='word_1_439' title='bbox 1699 3027 1817 3062; x_wconf 88' lang='lat' dir='ltr'>nostri</span> <span class='ocrx_word' id='word_1_440' title='bbox 1849 3025 2097 3073; x_wconf 87' lang='lat' dir='ltr'>magistratus</span> 
     </span>
     <span class='ocr_line' id='line_1_50' title="bbox 312 3080 2096 3132; baseline 0.002 -17"><span class='ocrx_word' id='word_1_441' title='bbox 312 3080 512 3118; x_wconf 87' lang='lat' dir='ltr'>inscitiam.</span> <span class='ocrx_word' id='word_1_442' title='bbox 564 3081 604 3119; x_wconf 79' lang='lat' dir='ltr'>Si</span> <span class='ocrx_word' id='word_1_443' title='bbox 636 3084 796 3130; x_wconf 89' lang='lat' dir='ltr'>scirent,</span> <span class='ocrx_word' id='word_1_444' title='bbox 829 3096 945 3132; x_wconf 89' lang='lat' dir='ltr'>quam</span> <span class='ocrx_word' id='word_1_445' title='bbox 976 3083 1090 3122; x_wconf 91' lang='lat' dir='ltr'>stulte</span> <span class='ocrx_word' id='word_1_446' title='bbox 1123 3089 1255 3121; x_wconf 90' lang='lat' dir='ltr'>contra</span> <span class='ocrx_word' id='word_1_447' title='bbox 1275 3083 1495 3131; x_wconf 88' lang='lat' dir='ltr'>scripserint</span> <span class='ocrx_word' id='word_1_448' title='bbox 1515 3084 1647 3132; x_wconf 87' lang='lat' dir='ltr'>aliqui,</span> <span class='ocrx_word' id='word_1_449' title='bbox 1681 3083 1728 3119; x_wconf 94' lang='lat' dir='ltr'>ob</span> <span class='ocrx_word' id='word_1_450' title='bbox 1756 3082 1830 3121; x_wconf 91' lang='lat' dir='ltr'>hoc</span> <span class='ocrx_word' id='word_1_451' title='bbox 1852 3085 1977 3132; x_wconf 89' lang='lat' dir='ltr'>ipsum</span> <span class='ocrx_word' id='word_1_452' title='bbox 1998 3083 2096 3120; x_wconf 85' lang='lat' dir='ltr'>reci-</span> 
     </span>
     <span class='ocr_line' id='line_1_51' title="bbox 311 3139 1801 3190; baseline 0.002 -13"><span class='ocrx_word' id='word_1_453' title='bbox 311 3144 443 3188; x_wconf 87' lang='lat' dir='ltr'>perent</span> <span class='ocrx_word' id='word_1_454' title='bbox 475 3139 744 3190; x_wconf 87' lang='lat' dir='ltr'>calendarium,</span> <span class='ocrx_word' id='word_1_455' title='bbox 777 3153 823 3178; x_wconf 90' lang='lat' dir='ltr'>ne</span> <span class='ocrx_word' id='word_1_456' title='bbox 856 3142 1076 3182; x_wconf 84' lang='lat' dir='ltr'>viderentur</span> <span class='ocrx_word' id='word_1_457' title='bbox 1107 3142 1145 3178; x_wconf 92' lang='lat' dir='ltr'>in</span> <span class='ocrx_word' id='word_1_458' title='bbox 1177 3141 1311 3180; x_wconf 84' lang='lat' dir='ltr'>talium</span> <span class='ocrx_word' id='word_1_459' title='bbox 1343 3140 1544 3180; x_wconf 88' lang='lat' dir='ltr'>stultitiam</span> <span class='ocrx_word' id='word_1_460' title='bbox 1576 3142 1801 3180; x_wconf 86' lang='lat' dir='ltr'>consentire.</span> 
     </span>
    </p>
   </div>
   <div class='ocr_carea' id='block_1_4' title="bbox 2038 1634 2046 1651">
    <p class='ocr_par' dir='ltr' id='par_1_18' title="bbox 2038 1634 2046 1651">
     <span class='ocr_line' id='line_1_52' title="bbox 2038 1634 2046 1651; baseline 0 0"><span class='ocrx_word' id='word_1_461' title='bbox 2038 1634 2046 1651; x_wconf 63' lang='grc' dir='ltr'>ἱ</span> 
     </span>
    </p>
   </div>
  </div>
 </body>
</html>
