2126 3388
193 185 278 230 960
873 183 957 219 Vita
979 183 1002 218 J
1006 182 1130 218 oannis
1154 183 1313 228 Kepleri.

190 302 302 341 facile
340 302 419 339 fieri
450 301 597 351 potuit,
640 304 682 337 ut
723 302 788 349 qui
820 300 1054 340 Ferdinandi
1094 303 1133 338 in
1171 302 1285 340 rebus
1322 300 1442 339 sacris
1480 300 1688 338 consiliarii
1728 304 1765 338 et
1804 305 1980 339 auctores

194 366 311 406 erant,
344 359 553 407 Keplerum
585 356 775 396 adducere
807 358 974 407 vellent,
1007 364 1049 396 ut
1078 359 1193 398 fidem
1224 363 1406 405 mutaret,
1438 369 1515 407 qua
1545 370 1584 396 re
1615 358 1699 396 sola
1728 358 1808 396 fieri
1837 364 1980 408 posset,

192 424 234 455 ut
267 418 388 455 Gratii
420 420 645 454 remaneret.
708 416 828 465 Cujus
859 417 949 454 facti
983 419 1161 465 quamvis
1190 428 1266 454 non
1309 420 1444 465 aperta
1476 417 1699 454 testimonia
1730 416 1854 453 afferri
1885 429 1978 466 pos-

191 478 277 522 sint,
310 480 435 512 tamen
469 486 514 511 cx
547 480 627 511 toto
659 485 782 512 rerum
814 479 918 512 statu
950 475 1158 513 verisimile
1190 480 1259 521 est,
1292 474 1503 523 Keplerum
1535 474 1723 522 ejusmodi
1747 473 1981 512 cohortatio-

191 535 303 570 nibus
339 539 374 569 et
406 532 701 570 invitationibus
731 532 958 581 perductum
990 544 1094 579 esse,
1128 538 1170 570 ut
1199 532 1404 570 Herwarto
1436 534 1666 570 sententiam
1698 543 1808 569 suam
1841 533 1980 580 verbis,

191 590 344 639 quael.
378 601 408 627 c.
442 590 643 638 leguntur,
688 592 865 639 aperiret.
927 590 1168 629 Jesuitarum
1211 591 1342 638 utique
1382 589 1612 639 permultum
1656 591 1896 638 interfuisse,
1939 595 1981 628 ut

192 650 325 694 virum,
359 648 485 695 qualis
517 647 708 696 Keplerus
741 654 833 695 erat,
867 648 916 685 ad
948 660 1057 685 suam
1090 648 1202 686 fidem
1225 648 1484 695 conciliarent,
1518 648 1555 685 id
1579 659 1664 685 cum
1696 660 1764 696 per
1793 660 1833 685 se
1856 649 1980 696 ipsum

190 706 395 743 verisimile
428 712 506 752 est,
540 712 619 742 tum
651 705 846 743 literarum
880 707 1119 751 commercio,
1155 706 1257 754 quod
1290 712 1425 754 postea
1458 718 1541 744 cum
1568 705 1737 743 Guldino
1760 712 1797 743 et
1820 706 1980 743 Alberto

192 764 322 800 Curtio
343 762 507 800 Jesuitis
539 764 816 812 frequentavit,
852 765 999 802 ratione
1031 766 1125 801 satis
1159 769 1262 801 certa
1292 765 1573 812 comprobatur.
1618 764 1767 812 Quibus
1792 763 1837 801 de
1859 764 1980 801 literis

189 833 304 859 unam
337 820 494 858 Guldini
536 821 741 870 epistolam
783 824 998 859 invenimus
1037 820 1215 873 (eamque
1259 820 1500 873 decriptam),
1545 833 1621 870 qua
1663 822 1729 860 ille
1769 821 1980 870 Keplerum

191 881 321 916 verbis
361 881 546 927 gravibus
578 878 724 925 edocet,
759 886 902 928 quanto
935 882 984 917 sit
1015 880 1110 918 fides
1133 879 1323 917 catholica
1345 880 1467 928 major
1489 885 1525 916 et
1545 881 1672 928 potior
1695 891 1810 928 quam
1832 879 1981 917 Luthe-

188 949 302 984 rana,
347 938 466 974 Curtii
508 942 636 974 autern
669 939 883 986 complures
926 943 1078 976 exstant
1120 938 1326 986 epistolae,
1369 938 1509 986 quibus
1556 938 1729 986 epistolis
1775 937 1980 986 respondet

192 995 457 1044 Keplerianis;
500 1000 542 1032 ut
579 995 662 1044 ejus
703 998 871 1032 animum
914 996 961 1032 ad
994 1007 1102 1032 suam
1143 997 1372 1033 sententiam
1404 996 1526 1044 magis
1558 995 1777 1042 inclinaret,
1820 1002 1980 1033 conten-

188 1056 311 1091 tiones
343 1054 470 1100 affert,
505 1065 602 1102 quae
634 1054 731 1091 inter
765 1053 1005 1091 Lutheranos
1040 1055 1143 1102 ipsos
1182 1058 1262 1090 turn
1301 1059 1407 1091 ortae
1445 1058 1584 1090 essent.
1648 1052 1797 1101 Quibus
1829 1053 1979 1090 duobus

190 1111 363 1161 Loyolac
394 1112 652 1148 sectatoribus
684 1123 782 1160 quae
813 1117 902 1149 sunt
932 1113 1096 1159 scriptae
1128 1124 1150 1149 a
1182 1110 1351 1160 Keplero
1385 1111 1584 1159 epistolae,
1618 1113 1654 1147 in
1687 1123 1835 1149 summa
1857 1123 1979 1160 quae-

193 1170 299 1208 rendi
332 1181 423 1207 cura
454 1170 618 1206 inveniri
650 1181 725 1207 non
758 1175 953 1218 poterant,
987 1181 1101 1218 quarn
1134 1169 1182 1206 ob
1215 1181 1293 1207 rem
1326 1181 1371 1206 ex
1403 1170 1597 1217 responsis
1629 1170 1677 1207 ab
1711 1169 1787 1207 illis
1818 1169 1977 1207 redditis

191 1228 265 1265 1100
296 1239 413 1264 unum
447 1228 635 1275 conjicere
667 1227 766 1273 licet,
802 1228 887 1264 illos
922 1227 1135 1276 Keplerum
1177 1227 1225 1264 ad
1269 1239 1379 1264 suam
1417 1226 1530 1264 fidem
1572 1227 1763 1266 adducere
1795 1227 1977 1274 voluisse,

189 1286 291 1323 hunc
329 1292 457 1322 autem
500 1286 678 1322 omnibus
719 1285 1047 1334 postulationibus
1092 1286 1296 1322 fortissime
1338 1284 1545 1323 obstitisse.
1608 1284 1731 1333 Quem
1771 1290 1899 1323 autem
1940 1286 1980 1321 in

188 1344 343 1381 modum
385 1356 424 1381 se
468 1345 647 1391 gesserit,
691 1355 775 1381 curn
816 1345 848 1381 01
881 1356 904 1380 a
938 1343 1167 1381 Lutheranis
1207 1349 1244 1380 et
1286 1342 1554 1380 Lineiensibus
1597 1349 1634 1381 et
1665 1343 1980 1392 Tubingensibus

191 1403 432 1451 objiceretur,
466 1401 564 1438 clam
597 1413 682 1438 eum
715 1412 855 1439 causae
889 1402 1143 1439 Calviniauae
1176 1401 1318 1447 favere,
1352 1413 1469 1449 supra
1500 1401 1661 1438 relatum
1694 1407 1763 1440 est.
1794 1424 1849 1429 —

326 1459 418 1497 Jam
451 1471 535 1496 eum
568 1461 731 1508 primum
764 1461 899 1505 (misso
922 1459 1152 1507 Prodrorno)
1185 1460 1282 1496 inter
1313 1458 1595 1508 Tychonem
1634 1464 1671 1496 et
1701 1459 1980 1509 Keplerum

188 1517 382 1554 literarum
415 1519 683 1555 commercium
716 1518 937 1555 inchoatum
970 1523 1045 1563 est,
1090 1519 1126 1553 in
1160 1517 1333 1566 epistolis
1378 1529 1477 1565 quae
1518 1519 1568 1554 sit
1608 1517 1716 1565 justa
1760 1518 1805 1555 de
1838 1517 1980 1555 mundo

192 1575 441 1625 hypothesis,
481 1575 585 1612 haud
628 1588 712 1612 raro
752 1576 924 1624 pluribus
969 1575 1196 1624 disputatur.
1267 1574 1402 1624 Tycho
1444 1575 1616 1623 quidem,
1666 1577 1843 1624 quamvis
1883 1577 1979 1614 ratio

190 1633 454 1682 Copernicana
489 1635 521 1671 ei
553 1635 707 1671 mininie
739 1634 925 1682 placeret,
967 1638 1095 1672 tamen
1127 1632 1403 1670 Ptolemaicam
1435 1633 1571 1670 falsam
1603 1645 1686 1671 esse
1721 1635 1819 1672 bene
1863 1634 1980 1671 intel-

189 1692 275 1740 ligit
315 1697 351 1729 et
395 1691 485 1740 quid
529 1693 565 1727 in
609 1697 770 1740 utraque
810 1694 956 1739 ratione
995 1691 1143 1740 justum
1183 1693 1252 1736 sit,
1295 1691 1368 1728 hoc
1407 1690 1521 1728 modo
1560 1690 1672 1729 simul
1705 1692 1834 1730 valere
1865 1703 1980 1740 posse

188 1749 318 1796 credit,
353 1755 394 1786 ut
426 1750 544 1787 Terra
576 1751 625 1786 sit
657 1751 826 1795 immota,
860 1749 924 1787 Sol
959 1751 1058 1787 circa
1089 1749 1266 1795 Terram,
1301 1750 1400 1786 circa
1425 1748 1553 1787 Solem
1585 1749 1764 1798 planetae
1795 1756 1979 1788 rotentur.

187 1807 398 1856 Keplerum
429 1809 571 1855 itaque,
607 1819 720 1856 quam
753 1808 788 1844 in
811 1807 1022 1845 Prodromo
1055 1809 1274 1855 exposuerit
1304 1808 1502 1854 rationem,
1536 1819 1621 1846 eam
1644 1809 1680 1843 in
1715 1808 1925 1845 doctrinam
1957 1820 1979 1845 a

188 1878 228 1903 se
262 1868 454 1903 inventam
489 1866 690 1903 transferre
724 1866 859 1902 voluit.
922 1866 1064 1903 Contra
1095 1865 1286 1913 Keplerus
1316 1865 1488 1913 juvenis,
1523 1871 1601 1902 tum
1634 1864 1778 1916 (1598)
1809 1867 1979 1903 nondum

189 1925 286 1961 inter
318 1923 450 1961 doctos
473 1926 662 1971 cognitus,
695 1923 883 1974 Tyehorst,
918 1925 999 1961 viro
1023 1923 1246 1970 clarissimo,
1280 1925 1345 1971 qui
1378 1922 1610 1961 blandiendo
1633 1929 1833 1973 corruptus
1862 1924 1979 1961 alium

187 1982 261 2019 sibi
294 1982 451 2030 obloqui
483 1993 558 2019 nou
591 1983 871 2028 consuevisset,
905 1982 1111 2019 fortissimo
1145 1983 1272 2018 animo
1304 1983 1479 2018 resistere
1502 1987 1539 2018 et
1569 1981 1756 2019 rationem
1790 1981 1978 2030 Coperni-

189 2051 322 2077 canan]
366 2040 489 2077 solam
530 2052 658 2077 veram
699 2039 920 2088 praedicare
965 2052 1081 2077 ausus
1123 2044 1192 2077 est.
1260 2038 1403 2076 Postea
1444 2050 1618 2087 quoque,
1663 2052 1748 2077 cum
1786 2039 1977 2089 Keplerus

186 2098 352 2147 Pragam
394 2097 645 2147 demigrasset
685 2105 721 2135 et
760 2099 831 2146 ipsi
872 2099 1145 2135 convenissent
1176 2095 1339 2148 (1600),
1381 2098 1554 2145 inprimis
1597 2097 1642 2134 de
1687 2098 1821 2135 eadem
1855 2110 1976 2147 quae-

188 2158 313 2194 stione
346 2169 367 2193 a
402 2157 492 2192 viris
526 2161 563 2193 et
594 2157 835 2193 sermonibus
867 2155 1111 2193 hilarioribus
1133 2155 1370 2204 disputatum
1403 2161 1440 2192 et
1463 2157 1734 2193 controversiis
1767 2157 1978 2194 acrioribus

190 2219 375 2252 certaturn
410 2219 479 2251 est.
524 2213 650 2261 Quum
683 2220 812 2251 autem
844 2219 1004 2262 uterque
1036 2215 1073 2250 in
1105 2225 1174 2250 sua
1206 2214 1386 2262 opinione
1421 2213 1651 2250 obstinatius
1676 2218 1977 2262 perseverarent,

188 2272 284 2310 haec
316 2274 483 2309 virorum
516 2271 705 2309 dissensio
747 2277 898 2320 praeter
938 2271 1034 2309 alias
1078 2283 1214 2308 causas
1252 2272 1447 2319 graviores
1480 2271 1689 2319 Keplerum
1732 2277 1774 2309 ut
1803 2284 1870 2320 per
1900 2272 1974 2308 ali-

189 2335 373 2379 quantum
418 2331 599 2378 temporis
638 2342 661 2367 a
700 2329 884 2379 Tychone
927 2329 1138 2367 discederet
1178 2330 1415 2377 permovisse
1465 2328 1628 2367 videtur.
1706 2329 1860 2367 Certum
1905 2335 1974 2377 est,

188 2388 411 2438 Tychonem
443 2400 465 2424 a
496 2388 665 2437 Keplero
697 2387 934 2436 postulasse,
968 2392 1009 2424 ut
1039 2389 1225 2424 rationem
1258 2386 1517 2436 Tychonicam
1556 2389 1791 2435 argumentis
1827 2387 1976 2425 mathe-

189 2448 339 2483 maticis
380 2447 577 2494 probaret,
620 2445 829 2494 Keplerum
869 2451 997 2482 autem
1036 2445 1108 2482 hoc
1147 2444 1385 2493 postulatum
1424 2446 1686 2493 recusavisse3
1730 2445 1833 2495 quod
1876 2445 1977 2483 idem

190 2505 413 2554 Tyehonern
446 2503 715 2541 moribundum
748 2504 796 2540 ab
829 2509 1049 2540 astronomo
1081 2503 1310 2552 postulasse,
1344 2502 1500 2551 Kepleri
1524 2505 1742 2541 narratione
1775 2503 1978 2541 confirma-

191 2569 270 2599 tum
297 2562 379 2610 jam
411 2574 526 2612 supra
558 2561 739 2599 traditum
773 2566 841 2598 est.
876 2583 929 2588 —

329 2620 541 2668 Postquam
576 2619 620 2656 de
654 2620 830 2669 propiore
863 2620 959 2656 inter
990 2618 1212 2668 Tychonem
1246 2623 1283 2656 et
1313 2618 1523 2668 Keplerum
1554 2618 1837 2656 necessitudine
1869 2622 1976 2655 retu-

192 2677 317 2724 limus,
350 2677 398 2715 ad
430 2678 544 2726 hujus
567 2689 692 2714 mores
726 2676 890 2726 amplius
923 2676 1192 2714 describendos
1225 2676 1320 2714 haec
1353 2687 1506 2725 quoque
1539 2676 1678 2713 addere
1710 2676 1844 2722 liceat,
1877 2687 1975 2724 quac

191 2737 239 2772 ab
271 2737 329 2781 iis,
363 2737 504 2784 quibus
536 2735 693 2785 Kepleri
726 2736 878 2785 propria
908 2740 1046 2771 natura
1077 2746 1151 2771 nou
1185 2737 1400 2772 accuratius
1433 2740 1631 2783 perspecta
1665 2739 1739 2781 est,
1772 2734 1860 2771 huic
1883 2735 1975 2770 vitio

192 2793 324 2830 haberi
347 2799 516 2843 possent.
558 2792 749 2842 Keplerus
772 2794 872 2830 enim
905 2804 990 2829 011111
1019 2797 1055 2830 01
1087 2792 1178 2840 quid
1207 2793 1366 2840 justum,
1400 2791 1491 2839 quid
1526 2792 1709 2840 injustum
1733 2796 1844 2838 esset,
1878 2791 1975 2829 benc

194 2851 433 2899 intelligeret,
467 2857 503 2889 et
526 2862 674 2888 summo
698 2851 842 2900 pudore
866 2856 978 2897 esset,
1012 2862 1057 2887 ea
1079 2862 1177 2898 quae
1200 2850 1344 2898 injusta
1368 2849 1427 2887 vel
1449 2849 1548 2886 salsa
1570 2849 1809 2895 videbantur,
1833 2860 1974 2896 magna

192 2911 344 2957 saepius
362 2910 569 2947 acerbitate
585 2910 779 2946 refutavit.
814 2908 995 2955 Qualium
1013 2909 1284 2945 refutationunr
1313 2908 1477 2955 vestigia
1499 2912 1536 2945 et
1558 2908 1593 2943 in
1613 2908 1725 2943 variis
1749 2906 1830 2954 ejus
1848 2907 1976 2955 operi-

195 2967 265 3003 bus
296 2968 562 3014 inveniuntur,
594 2968 647 3004 ita
679 2966 832 3015 quidem
866 2972 906 3003 ut
935 2967 1006 3015 ipsi
1035 2965 1269 3013 adversarii,
1308 2977 1406 3014 quos
1437 2966 1554 3013 petit,
1589 2965 1637 3001 ab
1673 2963 1759 3001 aliis
1794 2965 1974 3011 cognosci

195 3034 268 3059 non
300 3025 465 3073 possint,
500 3030 536 3062 et
569 3026 604 3060 in
638 3025 810 3073 epistolis
843 3023 1101 3073 compluribus
1134 3023 1323 3071 ejusmodi
1367 3022 1666 3071 significationes
1697 3022 1837 3060 insunt.
1899 3021 1974 3069 Qui

196 3079 352 3129 Kepleri
384 3083 533 3118 animus
555 3082 750 3119 irritabilis
773 3083 907 3118 mirum
930 3083 965 3117 iu
991 3081 1145 3118 modum
1167 3083 1344 3130 apparuit
1366 3086 1457 3125 tum,
1491 3091 1576 3116 cum
1598 3080 1757 3128 primum
1780 3079 1975 3127 Tychonis

198 3139 471 3177 consuetudine
503 3140 559 3177 uti
590 3141 791 3190 coepisset,
825 3140 890 3177 ubi
911 3138 1114 3189 Keplerus,
1148 3150 1234 3177 011111
1267 3138 1599 3177 vehementissime
1633 3136 1725 3174 iram
1757 3138 1794 3174 in
1817 3137 1975 3189 Tycho-
