2126 3388
223 129 308 174 760
900 128 985 165 Vita
1006 125 1159 164 Joannis
1181 117 1339 172 Kepleri.

224 261 286 288 me
316 260 383 299 per
415 249 718 298 quinquennium
747 248 828 298 jam
850 247 965 286 toties
986 251 1144 296 rogatus
1171 243 1453 296 jucundissimo
1483 253 1555 280 suo
1585 252 1653 291 per
1682 240 1812 277 literas
1842 237 2015 287 alloquio

225 309 409 358 privavit,
438 307 568 344 nescio
601 317 677 355 quo
709 317 780 344 suo
814 305 975 344 consilio
998 316 1134 343 meove
1155 305 1311 343 merito:
1345 303 1629 340 circumventus
1659 299 1776 347 igitur
1796 295 2016 344 solitudine,

225 366 281 405 M.
312 366 357 403 R.
393 365 438 402 V.
472 366 554 413 ipse
586 363 680 401 mihi
711 364 928 402 advocatus
960 364 1076 401 etiam
1108 367 1224 411 atque
1255 362 1372 399 etiam
1393 370 1500 408 rogo,
1531 362 1574 395 ut
1604 356 1698 394 mihi
1727 355 1911 403 rescripto
1943 353 2017 392 ali-

227 436 303 472 quo
338 422 576 460 voluntatem
606 433 717 459 suam
748 433 864 471 super
894 420 968 459 hae
999 433 1038 459 re
1064 420 1301 469 significent,
1335 417 1501 466 denique
1531 428 1592 455 me
1614 415 1689 454 sibi
1710 411 2018 452 commendatum

230 481 411 520 habeant.
472 479 614 518 Valete
649 483 714 519 12.
748 480 844 519 Dec.
882 483 1004 518 1604.
1037 478 1201 528 Pragae.

928 550 935 553 ·
988 536 1043 577 Μ.
1075 535 1122 574 R.
1158 536 1244 575 VV.

1376 590 1681 631 officiosissimus
1713 593 1752 627 et
1780 588 2021 638 gratissimus

1498 647 1711 697 discipulus
1742 651 1779 685 et
1811 646 1907 684 civis

1505 705 1560 744 M.
1592 706 1659 745 Jo.
1694 704 1906 753 Keplerus.

369 787 584 831 (Inscriptio:
611 788 824 833 magnificis,
853 788 1095 830 Reverendis,
1122 786 1329 828 Nobilibus,
1355 784 1568 820 Clarissimis
1594 781 1893 824 Doctissimisque
1917 780 2023 825 Viris,

227 845 305 879 DD.
332 845 477 879 Rectori
503 849 538 879 et
565 846 800 882 senatoribus
833 846 989 891 inclytae
1013 845 1265 881 Universitatis
1290 842 1547 886 Tubingensis,
1582 841 1651 876 Dn.
1678 839 1838 885 patronis
1864 843 1899 874 et
1922 849 2023 883 prae-

229 901 435 946 ceptoribus
460 902 549 937 meis
576 903 838 939 colendissimis
865 909 934 940 etc.
984 904 1182 947 Tubingen.

368 963 565 1004 (Responsio
592 956 723 995 senatus
749 965 790 996 ad
814 965 873 996 has
898 964 1011 996 literas
1035 964 1157 1003 legitur
1180 964 1244 994 vol.
1271 963 1312 995 11.
1339 973 1373 1004 p.
1399 960 1471 1003 34.)

370 1053 427 1088 Ex
467 1054 632 1099 epistolis
670 1055 820 1100 Kepleri
859 1060 895 1090 et
931 1055 1126 1091 amicorum
1165 1054 1256 1090 datis
1293 1052 1514 1097 redditisque
1551 1050 1737 1095 sequentia
1774 1049 2024 1086 desumsimus.

230 1112 402 1147 Paulus
434 1112 701 1159 Virdungus
732 1123 855 1149 mense
880 1114 1078 1149 Februario
1110 1113 1293 1158 accepisse
1320 1122 1357 1147 se
1383 1110 1492 1146 refert
1516 1109 1664 1153 Kepleri
1688 1108 1828 1153 literas,
1864 1120 1895 1144 c.
1920 1108 2027 1142 finem

231 1170 315 1204 anni
343 1170 443 1206 1603.
471 1171 591 1206 datas:
621 1172 812 1215 „quoniam
837 1172 1110 1217 aliquammulta
1133 1171 1347 1214 minimeque
1371 1168 1532 1213 vulgaria
1556 1167 1669 1202 literis
1698 1167 1770 1203 tuis
1788 1166 2027 1211 continentur,

233 1227 373 1262 veniam
398 1227 485 1263 mihi
512 1228 625 1273 dabis,
652 1230 682 1264 si
707 1230 752 1265 ad
777 1230 916 1274 singula
941 1230 1050 1274 paulo
1077 1229 1192 1264 fusius
1219 1227 1467 1273 respondeam.
1511 1225 1670 1260 Primum
1695 1236 1715 1259 a
1740 1229 1776 1259 te
1800 1224 2029 1259 vehementer

231 1285 421 1328 contendo,
447 1295 492 1320 ne
517 1286 630 1331 Papio
657 1297 883 1332 succenseas,
910 1287 1006 1332 quod
1031 1287 1062 1322 is
1088 1286 1175 1321 mihi
1200 1289 1340 1331 partem
1365 1284 1548 1318 literarum
1574 1287 1735 1327 tuarum,
1770 1283 1806 1317 in
1831 1281 1960 1326 quibus
1985 1280 2029 1316 de

232 1348 330 1378 motu
356 1344 483 1379 Martis
509 1344 742 1390 dissei-ueras,
770 1345 1043 1381 communicavit
1047 1371 1168 1381 .....
1220 1344 1404 1388 Quaenam
1422 1342 1483 1376 Da
1496 1352 1574 1386 syp
1588 1340 1732 1386 odius,
1757 1341 1840 1376 olim
1857 1344 2029 1386 patronus

232 1406 269 1436 et
293 1401 412 1436 fautor
436 1411 555 1447 meus,
588 1402 705 1438 animo
737 1403 952 1447 versaverit,
988 1413 1032 1437 ex
1066 1401 1199 1437 scheda
1224 1400 1395 1445 adjuncta.
1426 1399 1546 1434 videre
1579 1400 1694 1434 licet.“
1746 1401 2031 1444 (Mauritianarum

232 1462 483 1493 Institutionum
509 1464 812 1495 mathematicarum
837 1465 915 1494 libri
939 1463 1014 1497 XV,
1041 1465 1102 1497 etc.
1127 1462 1195 1496 Csr.
1221 1461 1424 1492 Hanschium
1449 1470 1484 1500 p.
1512 1460 1604 1502 213.)
1649 1459 1714 1493 His
1741 1457 1925 1502 subiungit
1947 1456 2031 1492 Vir-

232 1516 373 1560 dungus
405 1517 510 1562 plura
542 1518 585 1554 de
615 1518 688 1553 vita
724 1519 938 1565 Dasypodii,
978 1519 1040 1564 qui
1077 1530 1133 1554 res
1172 1517 1366 1552 familiares
1398 1516 1496 1550 vario
1528 1515 1634 1550 modo
1669 1514 1825 1550 afflictas
1862 1518 2031 1560 expertus

233 1585 314 1610 esse
341 1576 481 1612 dicitur.
535 1577 698 1619 „Arcana
725 1577 901 1621 quaedam
928 1577 981 1613 vis
1006 1577 1072 1613 fati
1097 1577 1257 1617 videtur,
1293 1578 1333 1610 ut
1358 1573 1418 1619 qui
1455 1573 1576 1608 studia
1598 1573 1688 1608 haec
1719 1577 1792 1608 tam
1817 1572 2032 1608 excellentia

231 1637 406 1679 tractant,
441 1645 521 1669 cum
546 1634 668 1669 multis
695 1634 971 1670 adversitatibus
998 1633 1197 1670 conflictari
1222 1642 1371 1668 necesse
1395 1631 1568 1676 habeant,
1601 1641 1692 1675 quae
1722 1631 1866 1667 illorum
1888 1631 2033 1666 labores

232 1691 417 1726 retardant
440 1692 497 1728 vel
522 1692 721 1737 impediunt
746 1703 914 1738 prorsus,
949 1692 1078 1736 quibus
1104 1691 1312 1736 Tychonem
1339 1689 1535 1725 exercitum
1565 1688 1678 1723 fuisse
1711 1700 1754 1724 ac
1778 1693 1814 1724 te
1840 1689 2032 1724 etiamnum

231 1750 393 1784 exerceri
418 1750 579 1785 videam“
586 1778 734 1787 ......
788 1752 1076 1796 „Saepenumero
1103 1749 1241 1794 optavi,
1278 1750 1317 1782 ut
1341 1747 1486 1783 tandem
1513 1748 1707 1793 aliquando
1733 1749 1856 1794 Tycho
1887 1749 2033 1784 inventa

233 1817 298 1842 sua
323 1807 535 1852 publicaret.
587 1809 698 1853 Cujus
724 1809 868 1854 quidem
901 1808 974 1843 voti
1007 1818 1086 1843 cum
1112 1817 1157 1842 ex
1182 1809 1286 1851 parte
1309 1805 1385 1851 jam
1411 1806 1478 1840 sim
1509 1817 1656 1851 compos
1688 1806 1806 1842 factus
1840 1811 1876 1842 et
1905 1805 2032 1841 funda.-

234 1868 355 1899 menta
379 1866 577 1911 praecipua
597 1866 697 1911 jacta
721 1866 877 1911 videam,
911 1869 1015 1900 tanto
1040 1866 1153 1910 magis
1179 1865 1224 1900 ad
1250 1876 1310 1908 ea,
1338 1875 1430 1908 quae
1455 1865 1677 1909 perficienda
1699 1870 1854 1910 restant,
1889 1865 2032 1901 anhelo.

235 1921 313 1965 Qua
338 1921 373 1956 in
400 1928 504 1968 parte
529 1928 565 1959 te
591 1923 829 1968 plurimorum
855 1923 1040 1960 desideriis
1068 1923 1338 1958 satisfacturum
1361 1922 1460 1957 haud
1476 1934 1567 1959 vane
1585 1934 1783 1969 speramus,
1811 1928 1976 1969 optantes
1994 1927 2034 1959 ut

236 1980 477 2025 difficultates,
507 1983 639 2026 quibus
665 1994 704 2018 es
730 1983 1002 2027 circumseptus,
1030 1986 1282 2017 removeantur
1307 1984 1342 2016 et
1368 1985 1511 2017 tuorum
1541 1982 1704 2018 laborum
1728 1982 1819 2018 ratio
1844 1983 2034 2018 habeatur.

236 2038 443 2075 Simultates
468 2040 535 2075 tibi
561 2051 642 2075 cum
667 2041 883 2076 haeredibus
902 2039 1083 2086 Tychonis
1108 2040 1343 2085 intercedere,
1370 2040 1502 2076 invitus
1526 2040 1702 2085 intelligo,
1729 2050 1818 2085 quas
1845 2041 1981 2086 sopitas
2000 2044 2035 2077 et

236 2096 433 2132 exstinctas
465 2109 643 2143 cuperem.
693 2100 867 2135 Rationes
900 2098 987 2134 satis
1021 2097 1244 2142 ponderosas
1277 2108 1453 2143 agnosco,
1490 2098 1621 2143 quibus
1653 2098 1822 2135 inductus
1850 2109 1907 2144 ea,
1942 2109 2034 2143 quae

235 2157 460 2202 propalanda
484 2158 644 2193 nondum
671 2163 772 2201 sunt,
806 2158 899 2192 intra
924 2156 1084 2202 privatos
1110 2155 1229 2192 adhuc
1255 2157 1410 2202 parietes
1436 2157 1590 2192 retineas
1595 2183 1743 2193 ......
1792 2157 2036 2193 Vehementer

235 2216 400 2260 optarim,
436 2220 476 2252 ut
501 2217 711 2252 amanuensi
735 2221 798 2252 tuo
824 2215 1031 2260 prospicere
1057 2214 1101 2249 de
1127 2214 1314 2250 commoda
1339 2214 1543 2250 conditione
1572 2225 1733 2260 possem;
1769 2215 1832 2250 sed
1866 2215 2035 2261 quoniam

236 2286 332 2310 nunc
356 2276 393 2311 in
417 2276 496 2311 loco
523 2276 639 2312 minus
665 2276 710 2311 ad
737 2286 814 2310 eam
839 2283 914 2308 rem
940 2272 1219 2318 promovendam
1251 2273 1417 2317 apposito
1450 2273 1600 2320 haereo,
1637 2274 1759 2320 doleo,
1796 2286 1852 2311 me
1876 2276 1914 2311 id
1939 2277 2034 2321 quod

236 2334 391 2369 maxime
423 2333 528 2368 velim
564 2338 749 2378 praestare
783 2343 823 2367 re
848 2332 928 2376 ipsa
952 2330 1126 2375 perficere
1162 2329 1306 2364 minime
1339 2340 1448 2374 posse
1452 2357 1572 2368 .....
1623 2333 1727 2377 Quod
1751 2333 1896 2369 lunares
1922 2334 2034 2379 hypo-

235 2393 359 2428 theses
385 2395 422 2427 et
448 2391 591 2427 tabulas
617 2403 638 2426 a
663 2392 833 2437 Tychone
860 2392 1087 2425 constructas
1113 2387 1149 2422 in
1174 2387 1325 2422 formam
1356 2387 1554 2424 faciliorem
1580 2391 1780 2436 redegeris,
1815 2403 1887 2427 non
1911 2392 2034 2437 poeni-

236 2450 382 2485 tendam
415 2459 563 2495 operam
588 2453 624 2484 te
649 2450 790 2485 locasse
811 2448 946 2493 judico.
996 2445 1175 2481 Ardenter
1207 2450 1359 2490 expeto,
1396 2451 1436 2482 ut
1469 2447 1531 2482 illa
1564 2454 1628 2484 tua
1663 2451 1919 2496 compendiosa
1942 2451 2034 2486 ratio

237 2519 309 2544 una
335 2519 415 2543 cum
443 2509 715 2544 Commentariis
740 2508 777 2542 in
802 2508 974 2551 Martem,
1008 2503 1201 2539 Vitellione
1225 2514 1318 2539 nova
1350 2506 1558 2541 accessione
1589 2507 1810 2553 locupletato
1836 2509 2037 2553 ceterisque

237 2576 281 2600 ex
306 2565 522 2610 politissima
555 2566 689 2611 ingenii
713 2565 766 2601 tui
791 2565 935 2600 officina
959 2561 1222 2609 prodeuntibus
1253 2562 1368 2606 primo
1396 2573 1538 2607 quoque
1571 2569 1734 2610 tempore
1767 2566 1884 2601 lucem
1910 2566 2033 2611 adspi-

238 2627 365 2663 ciant.“
416 2627 564 2671 Kepleri
588 2626 859 2670 responsionem
886 2624 1004 2658 datam
1031 2631 1110 2656 esse
1135 2630 1256 2655 mense
1282 2620 1396 2665 Aprili
1417 2623 1517 2667 1604,
1543 2624 1622 2668 ipse
1647 2624 1758 2660 refert
1775 2625 1981 2670 Virdungus
1999 2625 2035 2659 in

237 2685 350 2720 literis
367 2685 641 2730 posterioribus,
668 2693 759 2728 quae
777 2693 860 2717 vero
878 2681 968 2716 nihil
986 2681 1130 2724 habent,
1158 2689 1201 2713 ex
1221 2689 1291 2723 quo
1309 2679 1394 2723 quid
1412 2681 1638 2725 responderit
1655 2682 1833 2727 Keplerus
1851 2688 2037 2728 appareat.

378 2743 580 2779 Jacobus
607 2743 736 2778 Chris
750 2744 839 2776 tma
850 2751 904 2775 nn
916 2750 974 2785 us,
1000 2738 1185 2784 professor
1202 2736 1529 2783 Heidelbergensis,
1555 2739 1726 2775 describit
1742 2740 1778 2776 in
1803 2741 1916 2776 literis
1936 2742 1981 2785 (d.
2001 2742 2034 2777 d.

241 2804 295 2837 11.
321 2803 426 2847 Apr.)
453 2801 637 2847 speculam
662 2800 938 2837 astronomicam
964 2797 1305 2840 Heidelbergensem
1337 2801 1372 2832 et
1396 2796 1489 2841 petit
1514 2807 1535 2830 a
1560 2797 1717 2842 Keplero
1749 2803 1811 2839 „ut
1844 2799 1888 2833 de
1914 2800 2035 2835 obser-

239 2861 441 2896 vationibus
473 2859 688 2895 coelestibus
714 2863 749 2894 et
776 2858 820 2894 de
845 2857 950 2892 modo
977 2855 1231 2891 astronomiam
1261 2860 1438 2900 promtam
1472 2866 1515 2891 ac
1545 2856 1687 2892 facilem
1719 2862 1925 2902 certamque
1951 2869 2035 2894 con-

242 2918 348 2953 dendi
372 2929 436 2963 per
461 2919 585 2953 literas
611 2918 786 2953 disserere
811 2916 882 2952 non
907 2917 1106 2960 gravetur.“
1142 2913 1208 2949 His
1227 2912 1326 2948 addit
1342 2913 1526 2957 professor
1543 2914 1745 2959 linguarum
1764 2915 1901 2951 scilicet
1918 2917 2033 2951 orien-

242 2975 382 3011 talium:
413 2977 585 3019 „Gratum
611 2975 717 3011 etiam
744 2975 831 3011 mihi
855 2974 974 3018 fuerit,
1002 2974 1032 3009 si
1057 2982 1148 3017 quos
1173 2971 1360 3016 scrupulos
1385 2972 1591 3016 concepisti,
1620 2983 1664 3008 ex
1682 2973 1812 3017 quibus
1836 2979 1873 3009 te
1889 2975 2034 3018 penitus

244 3033 405 3069 evolvere
429 3044 600 3078 nequeas,
627 3033 771 3069 eosdem
797 3033 882 3068 mihi
908 3031 1165 3074 communices;
1200 3029 1291 3064 dabo
1320 3029 1413 3063 enim
1440 3040 1602 3076 operam,
1630 3035 1669 3066 ut
1694 3031 1883 3067 consilium
1909 3043 2034 3068 sanum

244 3092 281 3125 et
305 3090 462 3127 salutare
487 3092 674 3138 inveniam,
700 3093 731 3130 si
755 3103 828 3129 non
853 3091 997 3138 plenam
1021 3088 1279 3127 resolutionem
1304 3097 1500 3135 suggerere
1524 3088 1696 3126 valeam.“
1740 3088 1920 3128 Judicium
1937 3090 2033 3138 Kep-
