2126 3388
249 164 333 210 686
924 162 1007 200 Vita
1031 162 1183 198 Joannis
1205 161 1365 208 Kepleri.

249 285 298 326 D.
329 284 505 334 Papio,
538 282 676 320 fautori
708 293 793 321 meo
825 282 1011 331 singulari
1034 293 1162 320 coram
1182 283 1355 321 recensui
1378 285 1416 320 et
1437 281 1529 330 quia
1548 281 1612 319 ille
1636 282 1764 319 omnia
1781 282 1862 331 Jam
1883 282 2030 331 pridem

250 344 398 381 sciebat
428 354 487 379 me
517 343 601 390 ipso
632 340 746 389 longe
777 343 930 385 rectius,
963 346 1078 389 atque
1111 340 1208 379 adeo
1240 343 1380 378 certius
1412 340 1550 377 referre
1583 340 1653 377 tibi
1681 345 1858 378 oretenus
1888 345 2030 389 potest,

250 413 364 450 quam
399 411 468 448 ego
499 410 567 448 per
597 399 749 435 literas:
780 400 867 437 ideo
899 401 1026 447 ipsum
1059 398 1337 436 officiosissime
1369 398 1489 443 oravi,
1520 409 1567 434 ne
1599 397 1703 444 mihi,
1737 398 1802 435 ubi
1833 398 1882 435 H.
1906 399 2030 436 Tuam

250 460 503 503 convenisset,
547 456 620 493 hac
652 468 768 505 opera
800 456 962 494 deesset.
1025 455 1101 504 Qui
1130 467 1207 494 non
1239 456 1364 493 'solum
1396 456 1433 492 id
1465 467 1504 492 50
1535 455 1724 493 facturum
1756 457 1920 505 recepit,
1963 456 2031 493 sed

250 518 363 554 etiam
395 526 454 552 me
485 515 679 563 praesenti
711 519 748 552 et
779 515 937 552 salutari
969 514 1130 551 consilio
1161 515 1358 560 instruxit,
1399 512 1497 550 adeo
1538 519 1580 550 ut
1610 513 1704 550 nihil
1736 518 1873 558 restet,
1915 525 2031 563 quam

251 579 289 611 ut
319 573 369 611 Η.
402 572 526 610 Tuam
557 573 742 620 majorem
774 573 811 608 in
842 571 997 609 modum
1029 582 1172 620 rogem,
1205 583 1252 609 ne
1284 571 1511 619 dedignetur
1543 572 1579 606 in
1611 572 1685 608 mei
1707 573 1870 620 gratiam
1892 571 2030 609 abillo

249 632 403 677 discere,
437 641 536 679 quae
569 642 627 667 me
659 641 798 667 causae
829 634 1022 675 moveant,
1056 640 1131 678 quo
1164 631 1288 666 minus
1312 630 1525 666 existimem
1548 629 1638 665 1111111
1671 629 1812 666 diutius
1845 635 1960 678 atque
1993 631 2029 665 in

250 692 473 737 sequentem
506 699 646 725 annum
681 692 732 725 96
765 688 827 725 1110
858 687 1183 734 commorandum,
1218 687 1353 724 deinde
1388 698 1477 724 vero
1508 689 1705 735 perpensis
1736 689 1782 723 iis
1814 690 1940 724 causis
1971 699 2031 724 me

249 748 446 785 certiorem
485 745 638 793 reddat,
678 745 770 794 quid
811 745 1135 783 consultissimum
1173 747 1377 782 existimet.
1447 744 1621 793 Cumque
1662 744 1781 782 nolim
1825 747 2030 794 quiequam

249 809 382 842 contra
413 804 688 853 obligationem
730 815 853 841 meam
887 804 1029 850 facere,
1070 802 1165 840 illud
1197 804 1310 839 etiam
1344 804 1439 839 scire
1472 809 1631 851 expeto,
1666 801 1951 840 consulendane
1982 805 2031 840 sit

249 864 353 900 curia
383 863 488 911 prius
520 868 635 910 atque
666 861 755 899 hinc
785 874 845 899 me
877 862 1067 899 conferam
1099 861 1293 898 aliorsum.
1357 860 1473 897 Putat
1505 862 1604 898 enim
1637 860 1684 897 D.
1717 860 1883 909 Papius,
1916 872 2030 910 posse

247 932 308 958 me
345 920 507 958 honesto
550 920 689 957 salario
734 931 819 957 cum
857 919 986 968 aliquo
1030 919 1219 966 discipulo
1259 920 1295 954 in
1330 917 1500 966 aliquam
1541 917 1779 956 academiam
1822 919 2029 958 discedere.

247 979 426 1027 Denique
457 979 488 1014 si
521 989 616 1026 opus
648 978 790 1015 habeat
811 977 861 1016 H.
886 978 972 1014 Tua
995 977 1219 1014 dilucidiore
1252 977 1507 1024 explicatione
1538 981 1656 1025 atque
1687 977 1726 1013 id
1757 977 1848 1013 mihi
1882 977 2032 1023 signifi-

249 1038 395 1074 caverit
425 1036 606 1083 (fortasse
638 1037 753 1073 etiam
785 1037 866 1073 sine
897 1034 998 1084 hoc),
1033 1046 1103 1083 ego
1136 1033 1282 1083 prolixe
1313 1035 1489 1071 scribam.
1551 1033 1732 1071 Nondum
1763 1046 1875 1081 sane,
1909 1035 2031 1073 Prae—

250 1099 379 1144 ceptor
411 1093 787 1139 benevolentissime,
820 1099 970 1142 tempus
1004 1098 1077 1139 est,
1114 1098 1155 1129 ut
1185 1103 1348 1129 messem
1380 1097 1529 1128 tuorum
1562 1092 1833 1129 beneficiorum
1868 1104 1914 1130 ex
1945 1104 2032 1130 mea

247 1151 479 1202 gratitudine
512 1151 685 1200 colligas.
731 1150 858 1199 Quare
889 1151 988 1188 hanc
1019 1161 1131 1199 porro
1163 1155 1370 1187 sementem
1403 1149 1529 1187 facere
1561 1161 1607 1187 ne
1648 1150 1895 1199 pigeat,.liac
1927 1155 2030 1188 certa

248 1222 337 1260 spe,
370 1211 448 1247 sore
479 1216 522 1247 ut
554 1209 747 1247 cumulate
779 1209 987 1257 aliquando
1019 1207 1294 1256 respondeam,
1328 1219 1413 1245 cum
1446 1208 1552 1244 Deus
1586 1208 1676 1244 mihi
1710 1207 1931 1246 facultatem
1963 1219 2030 1257 pro

247 1280 318 1307 sua
349 1267 552 1305 clementia
593 1267 753 1315 largitus
797 1267 921 1305 suerit.
984 1265 1059 1303 Sed
1098 1277 1172 1302 non
1214 1265 1324 1314 plura
1367 1265 1487 1311 addo,
1530 1271 1572 1302 ut
1604 1265 1664 1303 vel
1708 1266 1825 1304 semel
1866 1267 2034 1304 breviter

247 1326 420 1372 scribam,
452 1336 522 1363 nec
552 1328 589 1362 te
622 1330 659 1362 et
690 1329 756 1362 tua
787 1326 944 1373 negotia
975 1325 1133 1360 nimium
1156 1323 1386 1371 perturbem.
1430 1323 1514 1360 Deo
1543 1335 1611 1360 vos
1635 1335 1766 1361 omnes
1791 1324 2030 1361 commendo.

249 1384 299 1422 H.
332 1384 439 1421 Tuae
471 1383 625 1431 conjugi
658 1382 952 1420 honestissimae
986 1382 1197 1418 officiosam
1231 1380 1395 1418 salutem
1428 1380 1526 1418 dico.
1568 1382 1648 1418 Erit
1680 1383 1745 1419 ubi
1777 1382 1825 1418 ad
1848 1382 1897 1420 D.
1918 1393 2033 1431 prae-

247 1447 436 1491 ceptorem
470 1440 632 1478 Gellium
662 1441 838 1485 scribam,
871 1442 902 1477 51
934 1439 1026 1488 quid
1057 1440 1147 1476 novi
1180 1438 1276 1476 haec
1307 1444 1433 1476 aestas
1465 1438 1698 1487 produxerit.
1760 1440 1872 1477 Nunc
1905 1442 2033 1477 omnia

248 1511 373 1538 coram
407 1500 455 1537 D.
488 1498 634 1548 Papius
665 1499 890 1536 recensebit.
942 1497 1130 1535 Omnibus
1163 1502 1291 1535 autern
1322 1498 1417 1534 meis
1449 1498 1762 1546 praeceptoribus
1796 1498 2034 1536 officiosissi-

248 1570 348 1595 mam
380 1558 544 1594 salutem
577 1556 674 1594 dico.

382 1614 479 1653 Vale
514 1620 548 1654 7.
586 1619 649 1654 17.
681 1614 777 1663 Maji
809 1625 912 1652 anno
947 1617 1013 1652 95.
1308 1612 1356 1649 H.
1390 1612 1434 1649 T.
1469 1611 1729 1651 deditissimus
1761 1613 1974 1662 discipulus

1486 1669 1539 1708 M.
1572 1671 1638 1708 Jo.
1673 1671 1834 1720 Kepler.

379 1763 436 1797 Ex
462 1761 575 1796 literis
600 1761 645 1796 ad
670 1760 903 1802 Maestlinum
930 1762 963 1796 d.
990 1763 1022 1797 3.
1050 1761 1127 1796 Oct.
1155 1760 1246 1795 datis
1274 1760 1318 1804 (Ι.
1346 1760 1365 1796 9
1386 1760 1452 1803 ss.)
1479 1765 1648 1804 apparet,
1684 1760 1879 1805 Keplerum
1905 1772 1934 1796 0.
1959 1771 2030 1795 1110-

243 1821 338 1856 dium
363 1821 445 1854 anni
471 1821 516 1855 ad
542 1819 692 1854 eundem
719 1819 762 1854 de
787 1820 994 1855 Prodromo
1020 1818 1220 1863 scripsisse.
1269 1819 1311 1852 In
1340 1818 1454 1859 „notis
1487 1818 1531 1852 ad
1565 1818 1825 1854 dedicationem
1846 1819 2033 1855 Prodromi

242 1885 444 1928 0111101131111ιζ
471 1884 639 1928 legimus:
676 1880 788 1918 Anno
826 1884 946 1919 1595.
981 1881 1041 1918 die
1076 1876 1161 1932 9s,9.
1183 1879 1281 1916 Julii
1313 1880 1441 1916 inveni
1474 1880 1548 1917 hoc
1579 1885 1789 1929 secretum3
1822 1882 2032 1929 statimque

242 1940 291 1978 ad
322 1940 418 1977 illud
461 1938 726 1977 excudendum
766 1950 973 1976 conversus
1008 1938 1165 1976 Octobri
1208 1942 1394 1986 sequente
1436 1939 1472 1973 in
1516 1937 1758 1975 dedicatione
1797 1941 2033 1988 prognostici

242 1999 492 2035 anniversarii
524 1999 795 2044 (Calendariiin
813 2009 944 2032 annum
969 1998 1078 2041 15911),
1119 1995 1222 2043 quod
1255 2001 1334 2032 erat
1367 2007 1411 2032 ex
1446 1995 1571 2032 officio
1601 1996 1855 2043 scribendum,
1890 1997 2031 2034 editio-

244 2068 329 2093 nem
361 2055 479 2092 libelli
511 2056 689 2103 promisi,
733 2060 776 2091 ut
806 2052 1062 2101 significarem
1094 2053 1266 2101 publice,
1313 2064 1428 2101 quam
1459 2055 1589 2101 gravis
1622 2054 1712 2090 mihi
1744 2054 2031 2103 philosophiam

244 2116 387 2152 amanti
420 2119 521 2150 esset
551 2114 625 2150 ista
667 2110 908 2160 conjectandi
948 2113 1171 2147 necessitas.
1232 2111 1287 2147 Ex
1322 2122 1366 2148 eo
1398 2112 1591 2159 profectus
1624 2113 1660 2148 in
1695 2112 2030 2160 Wirtembergiam

243 2174 339 2210 inter
371 2172 579 2208 domestica
611 2173 766 2218 negotia
806 2168 899 2205 nihil
944 2180 1066 2217 aeque
1108 2169 1216 2216 pensi
1248 2168 1384 2215 habui,
1429 2180 1473 2206 ac
1506 2169 1712 2207 editionem
1745 2169 1884 2218 libelli,
1931 2181 2029 2218 quae

243 2230 335 2267 1111111
361 2228 592 2278 juvenculo,
633 2227 739 2265 nulla
780 2226 1004 2265 eruditionis
1045 2227 1147 2262 sama
1185 2226 1360 2274 publica,
1406 2227 1656 2276 typographis
1694 2229 1767 2265 sibi
1811 2228 1856 2265 de
1890 2227 2029 2266 damno

245 2287 524 2332 metuentibus,
566 2285 773 2334 plurimum
812 2284 982 2322 exhibuit
1023 2283 1307 2329 molestiarum,
1342 2289 1378 2321 et
1410 2290 1534 2331 erant,
1569 2287 1632 2333 qui
1665 2285 1903 2324 absurditate
1936 2287 2029 2323 moti

245 2346 435 2394 dogmatis
468 2344 720 2392 Copernieani
753 2342 953 2379 conatibus
985 2343 1080 2379 meis
1113 2341 1401 2380 intercederent.
1454 2342 1590 2391 Itaque
1612 2345 1755 2392 scripta
1786 2343 2028 2382 dedicatione

241 2404 317 2441 ista
348 2407 388 2450 11.
415 2405 483 2448 97.)
516 2401 648 2438 Idibus
680 2401 776 2448 Maji
808 2402 934 2446 (1596)
973 2399 1245 2449 Stuccardiae,
1286 2406 1374 2448 post
1417 2400 1512 2436 duos
1553 2412 1704 2438 meuses
1736 2413 1912 2439 reversus
1944 2414 2028 2438 sum

243 2463 280 2498 iu
304 2454 484 2512 Styriam,
518 2459 650 2496 relicta
671 2457 893 2504 Maestlino,
917 2459 1153 2506 praeceptori
1179 2468 1276 2503 meo,
1304 2457 1482 2494 editionis
1504 2470 1593 2495 cura
1615 2471 1711 2508 pene
1736 2459 1948 2509 desperata.
1977 2482 2026 2487 ——

379 2527 479 2569 Quae
497 2525 672 2569 Keplerus
700 2524 743 2560 de
768 2523 970 2558 inventione
990 2534 1054 2557 sua
1072 2523 1282 2557 Raimaro
1310 2523 1419 2557 Urso
1448 2524 1554 2567 (Nov.
1577 2525 1680 2567 1595)
1701 2525 1854 2570 scripsit,
1881 2525 2027 2560 nimium

239 2585 389 2621 laudans
415 2584 479 2618 viri
496 2583 603 2627 hujus
625 2583 828 2626 „gloriatum
855 2592 1020 2626 quaeque
1044 2582 1126 2616 iude
1145 2582 1300 2626 Keplero
1326 2587 1403 2617 orta
1430 2586 1513 2616 sunt
1537 2582 1774 2625 incommoda,
1798 2593 1840 2618 ea
1863 2583 2029 2627 leguntur

241 2643 308 2678 vol.
333 2644 360 2678 I.
387 2655 422 2687 p.
448 2643 514 2677 217
541 2652 589 2677 ss.

378 2707 444 2741 Die
471 2707 525 2742 30.
553 2705 717 2741 Octobris
751 2705 860 2740 refert
885 2703 1063 2748 Keplerus
1088 2702 1299 2738 Maestlino:
1334 2699 1395 2736 Ad
1419 2698 1519 2737 diem
1548 2697 1647 2754 ¹⁷s27.
1672 2700 1850 2739 Octobris
1872 2701 1934 2740 hic
1955 2703 2025 2739 suit

243 2763 399 2812 quidam
431 2763 532 2800 Baro
564 2774 587 2799 a
618 2761 816 2808 Tzernem,
849 2762 913 2809 qui
946 2773 967 2798 a
989 2761 1194 2809 superioris
1228 2759 1406 2795 Austriae
1438 2761 1658 2806 proceribus
1689 2759 1764 2797 huc
1794 2760 1934 2797 missus
1956 2765 2026 2806 est,

244 2821 388 2859 auxilia
417 2821 665 2858 sollicitatum
698 2819 882 2856 adversus
914 2820 1076 2855 rusticos
1105 2820 1147 2863 (I.
1178 2819 1268 2859 109).
1324 2816 1362 2852 15
1394 2827 1453 2852 1110
1486 2822 1620 2865 vocat,
1659 2818 1806 2854 initium
1839 2819 2024 2855 sermonis

243 2878 333 2915 facit
365 2892 387 2916 a
418 2877 642 2916 certitudine
674 2878 748 2914 mei
780 2876 998 2914 Calendarii
1030 2877 1068 2912 in
1101 2873 1261 2912 articulo
1295 2873 1340 2911 de
1371 2874 1635 2922 seditionibus,
1669 2874 1756 2912 inde
1787 2875 2024 2924 postulatum

242 2936 426 2973 inferioris
470 2936 648 2972 Austriae
692 2934 865 2972 ordinum
906 2935 980 2981 (sic
1011 2933 1075 2971 ille
1109 2932 1280 2978 dicebat)
1321 2933 1510 2980 exposuit,
1553 2934 1618 2981 qui
1657 2934 1813 2982 cupiant
1850 2935 2024 2971 Tabulam

244 2995 438 3037 Inferioris
469 2995 642 3030 Austriae
678 2994 963 3039 Geoqraphicam
1008 3003 1030 3028 a
1060 3002 1120 3028 me
1164 2990 1394 3027 concinnari.
1456 2989 1649 3028 Assensus
1695 3002 1779 3027 sum
1826 2992 2022 3037 audacter,

242 3050 427 3098 siquidem
459 3051 497 3087 id
528 3050 595 3087 fiat
624 3052 811 3098 permissu
842 3051 916 3086 mei
947 3050 1204 3096 magistratus.
1266 3046 1377 3083 Nunc
1409 3047 1534 3095 igitur,
1569 3049 1638 3084 etsi
1670 3048 1748 3084 fieri
1781 3060 1892 3098 posse
1918 3049 2023 3087 dice-

242 3108 322 3157 bat,
355 3113 396 3145 ut
425 3119 485 3148 res
517 3107 747 3159 impediatur
777 3107 830 3160 (et
861 3112 988 3146 tamen
1020 3106 1111 3146 mihi
1143 3104 1253 3157 quasi
1286 3103 1331 3143 de
1363 3115 1402 3142 re
1435 3111 1538 3144 certa
1567 3105 1782 3155 gratulatus
1815 3106 1909 3158 est),
1950 3117 2022 3158 ego
