2126 3388
810 137 910 185 1591.
940 137 1041 182 1593.
1742 133 1824 177 699

20 255 166 291 Crusius
195 255 415 299 (subscribit:
455 255 472 288 ὁ
508 268 564 294 σος
596 253 804 298 Κρουσιος);
852 253 993 288 Nudius
1025 252 1152 288 tertius
1192 251 1291 286 tuam
1329 250 1520 294 epistolam
1557 250 1697 294 accepi,
1734 259 1826 292 quae

20 314 107 348 mihi
132 318 303 358 pergrata
330 313 410 348 suit.
458 313 613 347 Erudita
633 311 736 354 enim,
765 311 1033 356 humanissima,
1060 309 1411 347 benevolentissima.
1452 308 1508 344 Ad
1526 319 1633 353 quam
1652 310 1827 351 quantum

20 382 167 407 necesse
201 377 255 405 031
289 370 517 415 respondebo
548 381 655 405 nunc.
708 371 795 415 Pag.
824 370 901 405 123.
934 371 1114 414 Paraleip.
1151 368 1289 404 scribo:
1330 368 1523 413 „oppidum
1551 371 1586 402 et
1617 377 1683 401 arx
1708 365 1827 401 Wice-

19 429 170 473 gradum
195 428 610 473 Blindenburgumque.“
654 429 710 463 Ita
736 427 829 462 enim
854 428 940 462 mihi
965 428 1119 462 relatum
1145 430 1234 462 erat.
1280 426 1334 460 lbi
1360 426 1395 460 111
1422 427 1574 471 epistola
1600 429 1663 460 tua
1688 429 1744 459 est
1769 434 1827 458 ex-

20 487 166 532 plicatio
199 487 357 532 plurium
389 487 552 522 locorum
588 492 650 521 aut
684 485 941 522 vocabulorum
976 488 1262 532 peregrinorum,
1296 496 1362 531 pro
1390 496 1460 530 qua
1485 485 1620 529 gratias
1646 494 1724 527 ago.
1773 483 1828 517 De

18 546 157 582 Mariae
176 547 420 581 (ἴω-1311011100
446 556 530 580 vero
549 545 692 580 1101111110
718 545 852 590 gratias
878 545 962 581 item
989 557 1070 590 ago,
1111 545 1271 580 Aliorum
1291 544 1426 589 scripta
1451 545 1592 579 Annam
1612 542 1826 578 Christinam

21 603 77 638 vel
104 604 345 638 Christianam
370 602 609 648 perhibebant
615 630 792 640 .......
842 603 972 637 Nescio
998 614 1044 637 an
1070 613 1157 637 avus
1183 606 1268 637 tuus
1296 606 1501 646 maternus,
1530 602 1589 646 qui
1615 611 1653 636 se
1678 610 1828 643 magnae

18 662 205 706 grandinis
231 672 324 697 anno
352 662 476 697 natum
501 665 617 706 putat,
645 661 688 696 de
716 662 798 697 anni
822 662 909 697 1509
936 660 1119 706 grandine,
1149 672 1194 695 an
1212 664 1386 704 sequente
1405 659 1526 703 aliqua
1543 659 1723 703 loquatur,
1751 670 1830 693 cum

20 731 58 755 se
83 731 156 755 non
181 731 291 766 supra
308 720 351 756 83
379 730 490 755 annos
508 724 633 754 natum
659 720 853 755 existimet.
900 720 1010 754 Forte
1031 719 1133 754 1513.
1160 729 1265 761 anno,
1292 730 1363 763 quo
1390 729 1557 761 magnum
1582 717 1694 760 frigus
1721 727 1827 761 pono,

23 784 130 814 natus
158 785 224 814 est.
277 780 418 824 Quaere
444 778 662 823 diligentius.
712 780 824 814 Forte
849 784 969 814 tamen
994 777 1055 812 ille
1079 778 1125 812 87
1150 787 1326 811 annorum
1355 781 1426 820 est,
1461 776 1598 809 utinam
1631 786 1751 810 verunt
1777 774 1829 808 in-

20 839 175 873 venirem
181 864 298 873 .....
351 836 509 879 Gaudeo,
535 848 607 871 non
633 836 850 882 reprehendi
877 847 896 871 a
915 842 950 871 te
971 835 1150 880 judicium
1178 844 1296 868 meum
1332 834 1375 868 de
1401 846 1513 878 χρη-σῳ
1540 831 1671 876 (ianm,
1705 833 1768 868 sed
1793 832 1828 866 id

20 897 128 932 etiam
154 908 234 931 cum
259 896 400 930 Melissi
425 895 581 930 carmine
607 895 818 940 convenire,
854 896 950 939 quod
977 904 1122 929 carmen
1155 898 1261 928 antea
1295 903 1479 937 nunquam
1505 891 1676 926 videram.
1726 889 1828 924 Dabo

20 966 166 1000 operam
192 955 289 990 0111111
313 954 419 990 1110ᾶο
445 954 570 998 genesi
594 953 691 989 1111113
729 953 904 999 principis
931 951 1217 997 comparandae3
1254 951 1283 986 si
1317 960 1492 996 accepero
1528 950 1678 984 mittam.
1727 949 1762 983 Si
1790 953 1829 982 tu

18 1014 117 1058 prior
142 1017 269 1048 nactus
295 1013 415 1057 fueris,
444 1023 580 1057 quaeso
606 1012 693 1046 mihi
718 1012 827 1047 etiam
852 1012 973 1046 mittas
993 1016 1028 1046 et
1047 1010 1153 1046 simul
1177 1015 1278 1045 tuum
1297 1009 1340 1044 de
1359 1020 1401 1044 ea
1414 1008 1601 1053 judicium.
1635 1005 1728 1041 Item
1744 1018 1830 1041 num

24 1072 158 1106 habeat
183 1072 219 1106 in
245 1071 446 1116 insignibus
473 1075 547 1106 tres
578 1071 716 1117 dentes,
743 1071 837 1106 sicut
862 1071 917 1106 his
945 1069 1070 1105 diebus
1098 1069 1229 1104 andivi.
1271 1069 1350 1104 Hoc
1372 1069 1516 1112 juvaret
1543 1077 1658 1100 meam
1685 1065 1827 1109 exposi-

19 1131 151 1166 tionem
177 1145 238 1164 του
264 1129 407 1170 ὁδοντος
430 1145 491 1165 του
517 1143 657 1174 χρυσου.
708 1131 878 1174 Significa
902 1130 1004 1173 mihi,
1038 1140 1124 1164 num
1151 1128 1255 1163 etiam
1289 1127 1367 1162 aliis
1392 1127 1442 1161 M.
1469 1125 1608 1160 Ruefus
1636 1123 1829 1169 epistolam

18 1189 118 1224 illam
151 1199 267 1224 meam
301 1188 491 1233 legendam
531 1188 671 1224 dederit
705 1192 740 1224 et
774 1189 860 1233 quid
888 1189 1064 1233 judicent.
1122 1188 1238 1222 Avum
1273 1191 1375 1221 tuum
1409 1189 1600 1230 paternum
1635 1182 1831 1217 Henricum

21 1248 164 1283 omnino
190 1258 272 1282 vere
300 1247 436 1283 dixisse
457 1247 600 1292 judico,
639 1258 679 1283 se
705 1253 740 1282 et
766 1247 915 1282 fratrem
948 1246 1062 1281 fuisse
1090 1244 1230 1290 equites
1265 1248 1412 1280 auratos
1440 1244 1574 1277 Romae
1610 1244 1750 1277 creatos
1786 1240 1829 1273 ab

19 1306 240 1351 Imperatore
267 1305 508 1350 Sigismundo.
565 1306 658 1340 Nam
683 1305 741 1340 hic
767 1305 858 1341 1432
884 1306 1020 1342 Romae
1047 1308 1189 1340 creatus
1215 1304 1285 1338 fuit
1314 1303 1527 1347 Imperator.
1569 1300 1715 1335 Utinam
1740 1299 1831 1333 haec

22 1377 86 1400 suo
112 1370 273 1409 tempore
299 1363 484 1399 scivissem
503 1364 546 1399 de
565 1368 628 1398 tua
646 1364 796 1408 antiqua
813 1364 966 1407 familia3
996 1363 1158 1408 profecto
1177 1361 1409 1398 inseruissem
1427 1359 1527 1404 operi
1544 1368 1634 1394 meo.
1674 1357 1745 1392 Sed
1771 1355 1832 1391 ad—

21 1425 92 1459 huc
117 1424 258 1467 faciam,
285 1423 315 1458 si
341 1434 432 1468 opus
458 1423 655 1458 recudetur
680 1423 854 1467 fortasse,
890 1423 955 1458 sed
979 1422 1103 1457 forsan
1130 1432 1201 1455 non
1228 1420 1348 1454 vixero
1374 1424 1446 1453 tam
1474 1416 1545 1451 diu.

158 1483 216 1516 Ex
248 1482 361 1516 literis
390 1481 506 1516 Crusii
540 1481 633 1516 datis
667 1481 703 1516 d.
730 1484 808 1526 ³53.
834 1482 921 1526 Apr.
950 1481 1059 1516 1597:
1096 1480 1192 1515 Tuas
1219 1479 1359 1521 literas,
1392 1477 1427 1510 111
1463 1476 1592 1520 quibus
1620 1475 1662 1509 de
1690 1475 1830 1509 duobus

21 1540 297 1576 numismatibus
330 1539 475 1584 scribis,
513 1539 644 1584 accepi¹
695 1540 749 1574 De
775 1540 907 1584 quibus
941 1540 978 1574 111
1003 1538 1188 1584 praesenti
1221 1537 1270 1572 nil
1304 1536 1394 1571 certi
1426 1535 1646 1579 respondere
1672 1543 1830 1578 possum,

20 1599 84 1634 sed
110 1598 313 1643 dispiciam,
349 1608 415 1633 nec
450 1597 596 1641 tacebo,
634 1598 774 1633 etiamsi
805 1597 895 1632 nihil
927 1608 1109 1642 reperero.
1159 1597 1206 1632 Ut
1238 1595 1472 1640 antiquitates
1507 1593 1646 1637 Styriae
1682 1591 1833 1626 feliciter

23 1657 226 1702 conquiras,
253 1656 358 1692 valde
384 1660 471 1701 opto
499 1667 541 1692 ac
565 1658 689 1703 magis,
717 1662 757 1693 ut
781 1656 935 1692 feliciter
960 1668 1042 1692 cnm
1067 1657 1202 1692 honore
1228 1659 1290 1691 tuo
1318 1658 1354 1689 et
1370 1653 1565 1688 multorum
1592 1649 1833 1695 gratulatione

22 1715 217 1760 aliquando
243 1715 422 1761 prodeant
426 1743 547 1752 .....

159 1774 248 1810 Heri
273 1773 504 1819 Stutgardiae
536 1785 735 1819 suspensus
769 1778 824 1809 est
856 1774 1104 1819 chrysogonus
1136 1773 1199 1807 ille
1230 1771 1398 1813 celebris,
1434 1768 1832 1814 pseudochrysopoeus,

20 1838 147 1868 aurata
171 1837 271 1868 veste
304 1831 468 1867 eductuS.
518 1833 649 1876 Ingens
682 1832 876 1868 multitudo
909 1832 1151 1877 spectantium
1184 1831 1270 1874 fuit,
1302 1828 1575 1866 advenientibus
1607 1827 1715 1862 etiam
1741 1837 1762 1861 a
1790 1827 1833 1861 10

21 1892 246 1928 milliaribus.
295 1892 455 1926 Dextrae
490 1903 618 1927 manus
652 1892 851 1936 amputatio
887 1891 1034 1926 decreta
1067 1891 1201 1935 tuerat,
1234 1890 1298 1925 sed
1329 1888 1506 1933 mitigatio
1532 1885 1710 1930 Principis
1741 1884 1832 1920 duos

21 1955 162 1986 tantum
188 1950 319 1995 digitos
347 1949 508 1986 abstulit.

161 2009 325 2045 Christus
351 2009 394 2045 O.
418 2010 468 2044 M.
495 2009 637 2044 intersit
661 2008 798 2054 nuptiis
825 2007 954 2043 vestris
979 2006 1260 2050 honestissimis,
1287 2020 1325 2039 το
1352 2005 1443 2048 ὓδωρ
1468 2014 1614 2037 :remote
1636 2001 1710 2043 ιἰμιν
1738 1999 1832 2034 οἶνον

22 2079 137 2103 ποιων.
163 2067 320 2112 Ἐρρωσο.

158 2140 269 2183 1598.
301 2141 516 2180 Revolutio
548 2143 658 2180 anni:
691 2141 833 2179 Trinus
864 2139 893 2193 Γ)
923 2138 969 2193 ‘ll
997 2142 1034 2177 111
1067 2140 1194 2178 radice
1227 2139 1422 2189 significat
1454 2137 1602 2186 aliquid
1633 2145 1828 2183 magnum.

19 2201 78 2238 En
109 2200 253 2238 filium!
305 2200 431 2238 Natus
475 2206 534 2238 est
574 2200 677 2238 filius
709 2199 973 2238 Henricus
1011 2199 1207 2248 Kepler
1240 2198 1275 2236 d.
1311 2202 1347 2236 2.
1380 2197 1594 2235 Februarii.
1649 2191 1829 2230 constel-

19 2259 185 2297 lationes
217 2258 435 2307 largiuntur
464 2260 663 2308 ingeniiim
696 2258 839 2306 nobile,
873 2270 1034 2307 corpus,
1068 2258 1230 2305 digitos,
1264 2268 1402 2294 manus
1435 2255 1578 2304 agiles,
1611 2253 1829 2290 mathema-

20 2319 106 2355 ticis
138 2322 176 2354 et
207 2317 442 2355 mechanicis
486 2318 633 2356 artibus
673 2323 819 2366 aptum.
883 2317 994 2354 Luna
1027 2318 1063 2352 in
1087 2317 1133 2363 Ε
1157 2313 1186 2363 Γη
1219 2316 1514 2364 imaginativain
1558 2313 1636 2349 vim
1678 2310 1828 2355 fortem,

20 2375 264 2426 industriam,
296 2377 572 2425 suspicionem,
606 2377 876 2420 tenacitatem
911 2387 957 2413 ex
977 2379 1141 2423 utraque
1164 2385 1290 2421 curae,
1323 2372 1538 2423 profundae
1560 2370 1828 2416 cogitationes,

21 2434 194 2479 devotio,
228 2435 436 2481 miseratio,
471 2435 640 2481 tristitia,
673 2456 728 2462 —
761 2433 955 2482 anmt'xetig.
988 2455 1046 2460 -
1077 2431 1303 2470 Ascendens
1335 2433 1374 2468 in
1397 2432 1443 2477 [l
1472 2430 1520 2479 Θ
1555 2429 1718 2478 adjuvat
1750 2426 1827 2471 illa,

21 2498 58 2530 et
90 2503 176 2529 cum
209 2491 459 2530 luminosiore
498 2494 565 2537 ἑ
602 2492 783 2531 australis
815 2494 853 2529 in
887 2498 990 2540 ortu,
1031 2492 1268 2541 pertinacem
1301 2495 1338 2528 et
1377 2488 1605 2527 indomitum
1637 2484 1828 2534 significat

19 2556 56 2588 et
88 2562 231 2598 magna
261 2552 551 2599 suscipientem.
589 2573 638 2578 —
673 2551 904 2600 Baptizatus
938 2563 961 2588 a
983 2549 1048 2588 ιῙο.
1074 2549 1258 2598 Seussi03
1290 2549 1463 2598 patrimi:
1496 2546 1546 2584 H.
1571 2544 1700 2590 Osius,
1734 2554 1827 2580 con-

20 2611 196 2647 cionator
227 2609 264 2644 in
297 2608 393 2646 aede
426 2609 675 2657 evangelica,
720 2609 824 2647 dicta
857 2607 1173 2658 (ἔῆῆῒῧεΕἰτι-Ϊρεη,
1207 2607 1363 2645 Amalia
1394 2604 1589 2654 Speidlin,
1632 2601 1827 2640 secretarii

19 2667 227 2705 Procerum
259 2677 366 2713 uxor,
399 2672 492 2704 nata
521 2667 813 2715 himmelteidyin.

157 2733 337 2768 Vaticinia
360 2733 509 2777 Kepleri
536 2733 579 2768 de
604 2734 749 2778 ingenio
777 2739 814 2769 et.
837 2734 982 2768 fortuna
1007 2733 1118 2778 filioli,
1146 2732 1277 2777 quibus
1303 2741 1342 2766 se
1368 2729 1562 2764 exercebat
1586 2728 1621 2762 in
1647 2727 1715 2761 rite
1742 2738 1826 2762 con-

20 2791 213 2826 stituendis
239 2790 461 2826 thematibus
488 2791 717 2836 coelestibus,
743 2792 845 2826 irrita
870 2796 989 2835 erant3
1019 2791 1198 2835 Keplerus
1215 2788 1408 2824 Maestlino
1436 2788 1487 2830 (d.
1506 2788 1555 2821 11.
1574 2786 1672 2828 Jun.)
1699 2784 1826 2820 refert:

27 2852 88 2891 die
124 2857 158 2890 1.
194 2853 286 2901 Apr.
321 2857 522 2901 aegrotare
555 2856 694 2904 coepit,
728 2857 902 2891 mortuus
943 2858 1001 2890 est
1041 2852 1101 2889 die
1136 2856 1172 2890 3.
1206 2849 1354 2898 Aprilis
1386 2847 1481 2885 hora
1516 2851 1565 2885 12
1600 2845 1825 2889 meridiana,

21 2910 177 2948 dimidio
219 2912 347 2948 minus
379 2910 460 2948 dies
492 2917 605 2950 natus
637 2913 854 2961 sexaginta.
917 2910 975 2947 Ex
1007 2909 1154 2958 pallore
1186 2907 1388 2946 cadaveris
1418 2907 1456 2942 in
1487 2905 1674 2943 lateribus
1707 2904 1827 2942 colle-

20 2974 179 3018 gerunt,
225 2973 466 3018 apostemate
509 2972 647 3020 capitis
691 2971 923 3008 exstinctum
969 2979 1065 3006 esse.
1136 2964 1382 3004 Desiderium
1431 2964 1514 3013 eJus
1557 2964 1663 3001 uxori
1716 2975 1826 3001 meae

21 3027 128 3064 nulla
157 3027 239 3066 dies
269 3027 408 3074 leniet,
442 3027 535 3065 mihi
566 3029 663 3067 illud
695 3027 800 3067 cordi
831 3032 901 3074 est,
937 3027 1118 3078 „vanitas
1152 3025 1368 3063 vanitatum
1400 3028 1438 3060 et
1469 3023 1598 3061 omnia
1631 3022 1822 3059 vanitas*⁴

20 3088 178 3135 Pergens
203 3088 241 3124 in
261 3088 398 3132 judicio
424 3091 654 3136 astrologico,
681 3091 778 3137 quod
804 3099 913 3135 supra
936 3087 1082 3134 incepit,
1109 3086 1153 3123 de
1178 3096 1218 3123 se
1241 3085 1322 3131 ipso
1349 3083 1436 3121 dicit
1450 3083 1652 3129 Keplerus:
1680 3079 1825 3119 Plane-
