2126 3388
170 156 254 203 828
844 161 926 197 Vita
948 158 1099 196 ι1011111115
1123 157 1282 205 Kepleri.

172 275 232 320 qui
260 275 386 321 „plana
412 275 523 311 octies
548 274 685 319 majora
711 275 879 310 efficiat“.
912 275 1171 312 Difficultatem
1188 275 1224 310 in
1241 275 1310 310 hoc
1334 274 1531 310 consistere
1557 273 1653 319 dicit,
1680 275 1799 319 „quod
1822 275 1955 310 lentem

173 333 288 368 altera
313 339 416 378 parte
442 343 638 368 convexam
662 338 834 369 remotam
853 343 873 367 a
890 338 1024 377 puncto
1051 344 1247 369 concursus
1272 332 1454 368 radiorum
1480 343 1559 368 esse
1586 333 1714 369 debere
1733 333 1956 369 demonstras

171 396 279 434 atque
304 391 392 425 adeo
418 391 537 436 magni
563 391 686 426 circuli
711 390 923 436 capiundam
950 392 1228 432 convexitatem,
1255 394 1290 424 et
1314 394 1354 424 ut
1378 390 1415 425 in
1439 396 1573 435 puncto
1599 402 1670 426 uno
1695 392 1787 426 radii
1811 391 1956 427 refracti

170 451 307 491 coeant,
334 448 568 492 hyper-bolam
595 449 727 484 assumi
753 454 939 493 oportere3
969 459 1074 492 quam
1100 449 1198 484 nulla
1223 459 1308 484 cura
1327 450 1471 492 assequi
1488 449 1590 492 potui
1594 474 1712 484 .....
1750 448 1843 484 Juva
1861 460 1955 493 ergo,

171 504 378 548 Imperator,
407 505 553 540 ductum
579 510 680 540 tuum
706 511 741 541 et
770 506 930 551 auspicia
962 512 1124 542 secutum
1148 507 1184 541 in
1209 506 1277 540 hac
1302 506 1509 541 mechanica
1541 511 1577 541 et
1600 507 1728 551 praxin
1754 507 1957 551 expeditam

170 561 406 605 praesci·ibe“.
443 563 660 607 (Responsio
693 565 840 608 Kepleri
873 564 1125 608 desideratur.)
1180 564 1285 598 Anno
1311 565 1400 600 1615
1427 565 1493 609 (18.
1520 565 1615 608 ι1311.)
1649 565 1742 600 idem
1776 564 1957 599 Strahlen-

171 619 303 654 dorfius
330 620 466 655 Vienna
498 621 558 656 dat
583 622 755 666 Keplero:
794 623 935 658 Literas
961 622 1150 658 Decembri
1183 623 1228 657 ad
1252 633 1308 657 me
1340 622 1440 657 datas
1473 633 1553 657 cum
1583 622 1673 656 libro
1709 622 1768 667 (de
1794 622 1955 657 natalitio

172 683 299 722 anno),
337 684 373 712 et
397 680 616 723 posteriores
653 680 696 715 de
725 682 776 716 14.
800 682 882 717 Jan.
918 684 1015 717 recte
1049 681 1171 726 accepi
1175 706 1296 717 .....
1345 681 1424 715 Jam
1450 679 1588 724 pridem
1621 680 1664 714 ad
1690 679 1958 725 Nellingensem

169 736 277 770 istum
302 737 506 780 praesulem
539 739 575 773 in
605 739 752 774 consilio
788 745 911 775 nostro
943 751 1008 784 pro
1041 740 1151 774 fratre
1187 738 1399 783 rescriptum
1433 738 1647 773 Caesareum
1680 739 1860 773 decretum
1891 742 1957 783 est,

172 804 294 828 verum
319 795 408 829 illud
443 806 487 830 311
513 797 670 840 praesuli
701 797 879 831 redditum
914 802 948 833 et
973 798 1058 842 quid
1082 797 1143 831 ille
1175 797 1417 841 responderit,
1454 796 1628 831 nihildum
1655 796 1831 841 explorati
1856 796 1959 831 nobis

171 858 237 887 est.
271 853 320 887 Et
345 857 463 889 tamen
487 855 523 888 in
549 855 616 889 hoc
643 855 824 899 negotium
841 856 1000 900 vertitur,
1028 855 1140 890 velut
1160 855 1237 899 ejus
1256 854 1520 897 excusationes,
1549 854 1578 888 si
1596 865 1685 898 quas
1700 855 1820 898 justas
1838 855 1958 900 habet,

173 911 338 953 sciamus,
363 912 429 955 vel,
457 912 485 946 si
511 912 674 956 injustas,
702 912 918 956 rejiciamus.
953 913 1071 957 Opera
1089 923 1167 948 mea
1185 924 1257 948 non
1284 912 1408 957 deerit,
1434 923 1507 946 non
1533 911 1594 946 1113
1612 911 1739 957 50111111,
1766 923 1836 957 qua
1853 924 1958 956 quos-

171 967 222 1002 vis
247 968 395 1004 miseros
420 971 576 1004 muneris
602 971 740 1006 ratione
766 975 801 1005 et
826 981 902 1006 meo
930 971 1096 1015 privatim
1122 970 1254 1005 affectu
1281 970 1492 1014 amplector,
1524 978 1644 1003 verum
1670 975 1705 1004 et
1729 969 1803 1014 illa,
1829 980 1900 1014 qua
1924 970 1960 1004 in

171 1025 364 1060 amicorum
391 1027 498 1062 rebus
526 1027 700 1063 sollicitus
728 1039 818 1072 sum,
843 1029 879 1063 in
906 1028 1035 1072 quibus
1062 1028 1260 1063 studiorum
1286 1032 1321 1062 et
1337 1027 1496 1063 veritatis
1515 1039 1624 1074 amor,
1651 1040 1755 1073 quem
1779 1030 1815 1064 in
1833 1029 1960 1065 studiis

172 1083 243 1118 tuis
268 1094 508 1129 recognosce,
542 1091 576 1120 te
610 1086 694 1120 mihi
726 1087 960 1121 consecravit.
987 1106 1030 1111 —
1056 1085 1273 1121 Harmonica
1304 1090 1366 1120 tua
1392 1088 1481 1121 scito
1507 1096 1562 1121 me
1597 1092 1819 1131 exspectare.
1868 1087 1961 1131 Quid

139 1139 142 1142 ’
172 1141 292 1176 enim?
311 1154 354 1177 an
370 1143 584 1178 harmonicis
599 1144 697 1179 hisce
716 1145 940 1189 temporibus
959 1144 1135 1179 mentibus
1154 1143 1285 1178 nostris
1305 1143 1494 1188 exagitatis
1512 1145 1632 1189 potius
1651 1145 1868 1180 delinificum
1887 1146 1959 1181 sit‘?

312 1200 411 1243 Quae
440 1201 747 1238 Strahlendorfius
774 1203 817 1237 de
842 1202 953 1237 fratre
978 1202 1126 1246 Kepleri
1151 1206 1187 1236 et
1215 1201 1439 1246 Nellingensi
1463 1203 1630 1246 praesule
1654 1202 1755 1244 dicit,
1788 1203 1842 1237 his
1868 1203 1961 1238 forte

175 1257 410 1301 explicentur.
460 1259 637 1303 Keplerus
674 1260 781 1295 vitam
813 1261 932 1295 fratris
959 1261 1105 1295 Henrici
1132 1261 1216 1304 (nat.
1246 1261 1332 1295 1573
1360 1260 1393 1295 d.
1423 1259 1476 1294 14.
1500 1259 1600 1302 Julii)
1632 1260 1726 1294 111161·
1756 1261 1963 1296 nativitates

170 1315 325 1349 familiae
351 1316 402 1350 sic
435 1315 622 1353 describit:
657 1315 702 1352 111
734 1320 856 1366 prima
896 1319 1026 1354 statim
1053 1317 1260 1365 juventute
1300 1316 1539 1365 epilepticuS,
1572 1327 1642 1354 1166
1672 1309 1832 1363 mirum,
1875 1327 1961 1354 cum

171 1383 245 1409 11011
278 1376 392 1408 1131115
423 1372 490 1409 sed
523 1384 707 1411 excussus
737 1377 798 1413 sit.
859 1374 984 1413 Mater
1015 1375 1174 1412 fulmine
1206 1375 1338 1412 territa
1370 1374 1483 1411 simul
1515 1375 1682 1423 peperit,
1715 1374 1830 1411 simul
1860 1374 1960 1412 lecto

172 1429 324 1468 desiliit.
359 1430 586 1479 (Dubitatur
617 1431 663 1469 de
688 1432 769 1480 die;
807 1437 870 1472 12.
894 1437 1134 1480 31111013111111,
1168 1438 1207 1470 at
1238 1443 1283 1470 eo
1317 1432 1377 1470 die
1399 1432 1494 1469 nihil
1516 1434 1553 1468 in
1577 1431 1698 1479 coelo,
1732 1432 1835 1481 quod
1858 1434 1963 1470 toni-

170 1493 255 1525 trua
286 1489 412 1525 cieret.
474 1489 548 1526 Die
582 1501 671 1528 vero
708 1496 771 1529 13.
801 1491 950 1530 sextilis
979 1491 1026 1540 Q)
1055 1488 1100 1543 Ἃ,
1126 1496 1269 1537 3651115,
1306 1501 1352 1532 00
1378 1487 1432 1542 Q
1464 1496 1491 1534 ό
1525 1487 1557 1542 ᾧ
1583 1490 1961 1528 vehementissimam

171 1552 439 1599 tempestatem
472 1549 637 1586 excitare
669 1554 832 1598 poterat,
866 1561 965 1598 quae
996 1548 1131 1598 procul
1163 1549 1281 1586 dubio
1315 1549 1352 1584 in
1375 1555 1527 1586 noctem
1549 1553 1774 1597 sequentem
1797 1549 1960 1598 incidit.)

171 1604 281 1640 Anno
319 1608 423 1642 1578
458 1605 592 1643 recidit
623 1607 660 1643 in
691 1608 895 1655 pristinum
926 1608 1118 1654 morbum,
1160 1619 1276 1656 saepe
1310 1608 1427 1644 animi
1461 1606 1628 1655 deliquio
1661 1613 1859 1656 correptus
1892 1612 1961 1655 est,

169 1673 284 1711 saepe
308 1662 507 1700 durissime
531 1675 665 1702 caesus
688 1678 710 1702 a
732 1667 967 1714 parentium,
991 1667 1217 1714 saepissime
1243 1664 1405 1703 vulnera
1426 1665 1606 1713 impulsu,
1625 1665 1746 1713 jactu,
1769 1677 1791 1702 a
1815 1665 1959 1711 bestiis,

170 1732 273 1767 casu,
318 1721 540 1759 verberibus
581 1725 744 1772 accepit.
806 1724 970 1770 Demum
1014 1724 1051 1760 in
1096 1723 1393 1772 perditissimam
1436 1723 1606 1761 scabiem
1643 1722 1817 1772 relapsus
1856 1725 1962 1761 varie

170 1784 236 1815 aut
267 1780 495 1827 aegrotabat
525 1785 593 1817 aut
624 1781 805 1829 fricabat,
840 1775 927 1820 inde
960 1782 1008 1819 ab
1042 1793 1142 1820 anno
1166 1785 1230 1820 82.
1255 1793 1405 1830 semper
1426 1783 1591 1830 pessime
1623 1780 1798 1829 habitus,
1838 1781 1962 1820 hieme

168 1844 352 1885 sequente
392 1837 530 1887 frigore
570 1851 668 1887 pene
705 1841 859 1880 interiit.
921 1840 1032 1877 Anno
1067 1841 1133 1878 83.
1175 1845 1322 1877 aestate
1366 1841 1476 1889 aquis
1519 1851 1653 1888 parum
1696 1839 1830 1877 aberat
1870 1841 1962 1888 quin

169 1895 430 1933 suffocaretur.
490 1895 665 1945 Sequuta
696 1905 753 1935 est
784 1910 818 1936 a.
853 1902 917 1938 85.
952 1898 1074 1936 dextri
1106 1897 1252 1936 brachii
1285 1909 1397 1935 mors.
1451 1898 1564 1935 Anno
1587 1900 1652 1935 87.
1687 1897 1838 1935 cuidam
1871 1903 1961 1935 ton-

169 1954 245 1990 sori
276 1955 464 2002 pannario
487 1955 648 1993 traditus
682 1962 718 1993 et
740 1967 840 1994 anno
874 1958 1051 2005 sequenti
1073 1958 1221 2005 pistori,
1254 1960 1297 1993 ut
1319 1952 1515 2005 opificium
1538 1955 1774 2003 addisceret,
1808 1956 1875 1994 ubi
1897 1955 1962 1994 ille

169 2013 317 2049 interim
349 2015 576 2061 aegrotavit,
611 2013 811 2064 durissime
833 2017 978 2062 serviit,
1012 2014 1214 2052 crudeliter
1245 2026 1361 2063 saepe
1386 2013 1599 2063 vapulavit.
1647 2013 1760 2051 Anno
1783 2017 1850 2052 89.
1876 2025 1962 2052 cum

170 2075 277 2119 pater
298 2071 371 2118 ipsi
393 2071 653 2109 venditionem
676 2074 894 2120 minaretur,
917 2073 1068 2122 aufugit
1090 2077 1128 2111 et
1149 2072 1244 2110 abiit
1267 2073 1305 2109 in
1327 2072 1536 2119 Austriam,
1561 2072 1627 2110 ubi
1649 2073 1758 2109 initio
1781 2073 1872 2109 anni
1893 2076 1958 2110 90.

172 2129 356 2179 κεφαλγιᾳ
387 2129 517 2176 semel,
552 2129 638 2167 dein
670 2132 780 2179 aquis
814 2131 859 2169 de
892 2132 972 2169 vita
1002 2130 1240 2180 periclitatus
1273 2136 1341 2177 cst,
1374 2142 1459 2167 cum
1476 2131 1558 2179 jam
1590 2129 1787 2167 dimidium
1818 2142 1960 2168 annum

170 2187 304 2235 pistori
337 2198 493 2235 operam
526 2187 708 2228 dedisset.
768 2188 819 2227 Ut
850 2189 1048 2226 convaluit
1088 2190 1245 2226 ineunte
1285 2193 1453 2235 aestate,
1487 2187 1768 2236 Stolzingerum
1800 2189 1960 2226 militem

172 2244 334 2292 adeptus
373 2245 469 2282 abiit
511 2246 548 2281 in
587 2246 752 2284 confinia
792 2247 955 2285 Turcica
996 2248 1129 2296 ibique
1170 2246 1367 2284 dimidium
1408 2247 1497 2283 anni
1540 2246 1768 2283 famulatum
1807 2253 1960 2285 strenue

172 2303 363 2349 esuriens,
407 2313 491 2340 cum
532 2304 663 2341 herum
696 2306 889 2342 amisisset
920 2307 957 2341 in
990 2304 1160 2353 proelio,
1200 2306 1301 2342 circa
1334 2303 1586 2342 bacchanalia
1626 2305 1715 2341 anni
1750 2307 1816 2343 91.
1848 2305 1962 2343 rediit

174 2360 366 2397 Viennam
399 2361 528 2409 ibique
562 2373 627 2410 per
659 2362 858 2400 dimidium
891 2375 1032 2400 annum
1066 2369 1180 2400 cantu
1214 2374 1407 2411 operaque
1438 2364 1600 2411 pistoria
1623 2364 1765 2400 victum
1796 2364 1960 2412 paravit,

174 2430 260 2456 611111
293 2430 379 2456 611111
411 2419 447 2454 111
480 2431 592 2456 51111111
623 2420 855 2458 famulitium
897 2422 1036 2458 ascivit
1066 2420 1219 2458 Nobilis
1253 2434 1275 2458 a
1307 2420 1478 2458 Crocwiz
1509 2420 1722 2458 Bohemus.
1784 2421 1961 2470 Quocum

172 2476 236 2514 ille
269 2476 393 2514 hieme
426 2482 619 2515 transacta
652 2478 774 2516 Lincii
807 2484 895 2516 ante
928 2478 1181 2516 bacchanalia
1212 2478 1306 2516 febri
1340 2483 1536 2528 correptus
1569 2479 1639 2529 (ibi
1661 2490 1796 2528 nempe
1819 2480 1962 2517 transi-

170 2535 280 2582 bant)
314 2547 336 2572 a
368 2534 522 2573 domino
555 2536 754 2574 deseritur.
806 2537 962 2574 Exactis
995 2538 1164 2587 quinque
1196 2538 1421 2585 septimanis
1454 2548 1540 2574 cum
1569 2547 1645 2574 non
1678 2537 1817 2575 rediret
1847 2537 1961 2575 herus

171 2592 325 2630 domum
358 2595 550 2642 spectavit
581 2606 747 2643 moxque
779 2587 1044 2632 a‘coinitibus‘
1069 2595 1108 2632 in
1139 2595 1225 2632 1060
1257 2594 1581 2644 Schlegelleiitten
1625 2593 1726 2632 dicto
1770 2595 1960 2645 spoliatus

172 2656 209 2688 et
240 2651 485 2698 vulneratus,
530 2652 759 2690 Passavium
792 2665 913 2701 usque
944 2654 1120 2702 pervenit
1151 2653 1280 2701 ibique
1323 2658 1470 2701 septem
1501 2653 1800 2701 septimanarum
1834 2654 1960 2702 spatio

173 2713 325 2746 curatus
357 2715 415 2747 est
446 2710 484 2745 in
515 2709 709 2759 hospitali.
763 2711 909 2748 Rursus
942 2710 1094 2748 cuidam
1114 2710 1244 2748 Nobili
1266 2710 1498 2748 Ehrenreich
1531 2722 1571 2748 se
1602 2710 1761 2758 addixit,
1795 2722 1961 2759 quocum

172 2766 235 2804 ille
268 2767 520 2805 mendicando
546 2769 761 2817 Augustam
786 2769 1076 2807 Vindelicorum
1108 2781 1230 2818 usque
1262 2770 1448 2817 pervenit,
1482 2768 1570 2806 inde
1603 2768 1781 2806 abdicato
1804 2769 1959 2807 domino

173 2824 323 2862 demum
356 2825 467 2863 rediit
499 2831 646 2864 aestate
679 2829 768 2864 anni
803 2831 867 2865 92.
911 2827 1045 2876 Spatio
1078 2832 1271 2865 menstruo
1295 2832 1512 2864 commeatu
1535 2832 1572 2864 et
1595 2828 1736 2864 vestitu
1759 2828 1824 2864 vix
1846 2839 1959 2876 aegre

172 2884 373 2931 impetrato
406 2885 443 2919 in
465 2883 775 2922 Marchionatum
798 2885 992 2923 descendit
1013 2887 1221 2933 statimque
1244 2884 1394 2922 cuidam
1418 2884 1600 2932 signifero
1625 2895 1777 2933 operam
1800 2884 1961 2925 addixit.

174 2940 245 2976 Per
275 2941 439 2979 hiemem
477 2944 576 2980 circa
611 2943 907 2992 Argentoratum
947 2948 1130 2992 tympano
1165 2942 1296 2981 ludere
1337 2942 1489 2988 didicit,
1530 2941 1725 2990 semelque
1757 2954 1779 2979 a
1810 2942 1960 2980 Lotha-

173 2999 294 3045 ringio
338 3004 472 3047 captus
514 3002 613 3037 intra
651 3000 908 3050 quadriduum
949 3001 1134 3039 liberatus
1177 3005 1244 3038 est.
1319 3002 1430 3038 Anno
1465 3005 1529 3038 93.
1575 3004 1662 3037 ante
1709 3000 1961 3039 bacchanalia

174 3054 398 3102 Moguntiae
422 3059 698 3105 (exauctoratis
720 3059 922 3109 militibus)
943 3061 1094 3096 transiit
1117 3058 1163 3096 ad
1187 3060 1449 3097 centurionem
1470 3057 1595 3104 Koch,
1624 3069 1647 3094 a
1669 3069 1744 3107 quo
1767 3059 1959 3108 stipendio

174 3115 364 3162 promisso
397 3114 594 3153 descendit
625 3117 662 3152 in
683 3116 875 3167 Belgium.
936 3117 1017 3156 Nec
1048 3116 1113 3155 diu
1146 3117 1199 3155 ibi
1230 3121 1486 3156 commoratus
1517 3115 1673 3165 fugatur
1704 3128 1790 3155 cum
1821 3118 1901 3156 suis
1923 3121 1960 3156 et
