2126 3388
242 180 327 225 998
921 179 1004 213 Vita
1026 177 1049 212 J
1052 176 1176 212 oannis
1201 176 1359 221 Kepleri.

244 300 459 340 didatorum
492 296 756 343 defenderem,
796 295 863 333 sed
906 296 1022 333 etiam
1061 299 1280 333 accuratam
1320 295 1623 344 disputationem
1661 295 1708 335 de
1749 301 1856 335 motu
1895 298 2028 347 primo,

243 359 347 408 quod
368 358 507 394 Terrae
540 354 738 392 volutione
760 352 921 399 accidat,
955 351 1272 391 conscriberem.“
1316 353 1516 401 Cogitasse
1548 365 1589 391 se
1616 355 1740 403 inquit
1770 355 1869 393 hanc
1889 356 2030 394 Terrae

243 417 478 454 volutionem
519 425 565 450 ex
607 412 778 462 physicis
824 416 917 462 „aut
958 413 990 448 si
1026 412 1168 458 mavis,
1200 410 1503 461 metaphysicis“
1546 410 1819 456 demonstrare.
1887 413 2032 451 Eadem

243 474 372 511 studia
405 471 450 508 de
482 470 686 507 Platonica
718 474 755 507 et
786 469 1047 518 Pythagorica
1078 468 1325 518 philosophia
1359 468 1482 506 Gratii
1521 481 1676 517 quoque
1708 470 1912 518 diligenter
1942 475 2032 508 sunt

244 531 480 575 continuata,
513 528 580 565 ubi
613 527 659 565 de
691 538 846 564 munere
879 526 927 564 ad
960 527 1181 565 tractandas
1203 539 1293 564 suas
1316 529 1564 575 quaestiones
1586 529 1679 564 satis
1712 530 1894 577 temporis
1914 529 2030 566 relin-

241 589 451 638 quebatur,
485 586 626 634 quibus
658 584 795 622 studiis
827 584 876 622 ad
907 584 945 620 id
965 585 1158 635 Keplerus
1180 584 1369 621 adductus
1392 590 1461 633 est,
1493 590 1535 622 ut
1565 596 1641 622 non
1673 585 1787 623 modo
1820 586 1921 624 clare
1942 598 2031 636 per-

241 647 426 696 spiceret,
469 649 706 692 quantopere
752 643 866 680 etiam
909 642 1028 680 multo
1068 647 1155 692 post
1188 642 1441 692 Copernicum
1484 643 1731 694 philosophia
1773 644 2031 691 Aristotelica,

241 715 341 752 quae
373 706 548 750 regnaret
569 701 664 748 sola,
699 700 925 749 disciplinae
948 700 1169 751 procedenti
1192 701 1396 746 obstiterit,
1429 701 1497 738 sed
1519 702 1632 739 etiam
1664 702 1758 739 satis
1791 701 2031 750 intelligeret,

242 762 495 811 Copernicum
529 759 739 796 doctrinam
772 770 880 795 suam
903 759 939 794 in
961 759 1206 808 Pythagorae
1239 770 1446 807 eorumque
1469 760 1533 807 qui
1556 759 1802 809 Pythagorae
1833 770 2032 797 successe-

242 821 315 856 rint
347 817 595 868 philosophia
616 816 838 854 fundavisse
861 820 898 854 et
928 818 1174 856 exstruxisse.
1227 816 1290 854 Sic
1321 818 1527 865 imaginem
1549 817 1749 854 Prodromi
1770 817 1976 864 (volumini
1998 818 2029 854 Ι.

240 872 434 926 additam)'
474 875 676 925 sphaeram
728 874 819 911 dicit
870 873 1125 924 planetariam
1172 874 1759 926 „Copernicopythagoraeam“.
1819 875 2031 924 Postquam

242 939 372 972 autem
405 935 523 970 variis
555 933 679 970 modis
713 937 873 970 conatus
906 937 974 979 est,
1007 933 1247 982 planetarum
1278 935 1316 969 in
1348 933 1523 970 cursibus
1556 938 1592 971 et
1613 934 1781 970 motibus
1813 933 2032 981 aequalita-

240 998 317 1031 tem
349 991 543 1041 quandam
577 996 614 1029 et
644 991 884 1028 harmoniam
917 992 1166 1038 constituere,
1209 992 1264 1028 ita
1295 991 1449 1039 quidem
1483 996 1523 1027 ut
1556 991 1652 1028 duos
1687 992 1861 1040 planetas
1894 991 2029 1036 novos,

244 1061 368 1099 „quos
401 1049 497 1087 forte
531 1049 579 1086 ob
613 1049 822 1087 exilitatem
854 1060 929 1086 non
963 1048 1211 1096 videamus“,
1245 1047 1407 1086 alterum
1437 1050 1535 1085 inter
1566 1049 1800 1086 Mercurium
1832 1053 1869 1086 et
1900 1048 2032 1087 Vene-

242 1120 333 1156 rem,
367 1108 465 1145 inter
495 1106 662 1145 Martem
695 1112 732 1144 et
762 1105 905 1144 Jovem
937 1107 1100 1144 alterum
1132 1105 1398 1153 intercalaret,
1431 1108 1569 1144 iterum
1600 1107 1959 1157 Pythagoraeorum
1991 1109 2029 1143 in

242 1167 412 1204 animum
445 1165 527 1213 ejus
560 1166 677 1202 subiit
699 1164 883 1212 doctrina,
918 1177 1017 1214 quae
1040 1176 1200 1214 corpora
1221 1165 1390 1212 quinque
1412 1165 1604 1213 regularia
1635 1176 1720 1202 cum
1752 1166 1872 1214 ipsius
1900 1164 2029 1202 mundi

241 1229 431 1262 structura
463 1227 501 1260 et
532 1223 836 1261 conformatione
869 1227 1122 1260 connecteret.
1168 1222 1397 1270 „Cosmica“
1422 1222 1582 1260 Procius
1616 1234 1661 1260 ea
1693 1223 1789 1260 dixit
1820 1222 2032 1272 eodemque

243 1287 399 1320 auctore
434 1280 633 1329 „Euclidis
673 1282 886 1329 geometria
923 1282 1105 1318 universa
1137 1280 1398 1330 Pythagorica
1443 1285 1501 1318 est
1539 1286 1576 1319 et
1607 1280 1752 1319 directa
1793 1282 1830 1318 in
1862 1282 2034 1330 quinque

242 1340 475 1390 regularium
507 1339 747 1377 schematum
779 1336 1077 1387 cognitionemt‘.

382 1397 468 1446 Qua
500 1396 547 1434 de
578 1409 649 1434 sua
680 1398 933 1445 cogitatione,
966 1397 1062 1434 haec
1094 1397 1264 1445 quinque
1297 1396 1495 1434 schemata
1527 1396 1719 1445 regularia
1749 1397 1870 1446 ipsius
1901 1396 2032 1434 mundi

242 1455 492 1494 fundamenta
524 1460 561 1493 et
602 1454 842 1493 conditiones
881 1454 1062 1505 ponendi,
1105 1456 1187 1504 ipse
1225 1454 1318 1492 dicit
1355 1454 1470 1492 haec:
1519 1454 1586 1502 „Si
1628 1455 1714 1503 quis
1744 1455 2033 1504 philosophicas

244 1516 338 1552 istas
374 1514 543 1551 rationes
585 1514 666 1550 sine
704 1513 918 1550 rationibus
960 1518 997 1550 et
1037 1512 1120 1550 solo
1159 1513 1238 1549 risu
1280 1513 1454 1562 excipere
1496 1517 1613 1561 atque
1657 1512 1811 1550 eludere
1854 1512 2032 1559 voluerit,

242 1577 447 1622 propterea
468 1570 573 1620 quod
595 1583 719 1609 novus
740 1571 856 1609 homo
879 1572 950 1609 sub
970 1572 1083 1608 finem
1107 1569 1336 1617 seculorum,
1369 1571 1587 1608 tacentibus
1620 1570 1887 1620 philosophiae
1918 1571 2034 1608 lumi-

242 1631 357 1668 nibus
390 1630 572 1678 antiquis,
607 1629 878 1679 philosophiea
910 1631 985 1667 ista
1017 1629 1217 1678 proferam,
1251 1628 1307 1664 illi
1339 1640 1411 1676 ego
1444 1628 1591 1674 ducem,
1625 1633 1820 1666 auctorem
1852 1633 1889 1666 et
1920 1640 2034 1678 prae-

243 1692 539 1725 monstratorem
580 1699 626 1724 ex
666 1688 935 1736 antiquissimo
976 1687 1106 1724 seculo
1145 1686 1334 1736 proferam
1366 1686 1648 1735 Pythagoram,
1692 1686 1800 1735 cujus
1842 1686 1964 1725 multa
1994 1688 2031 1722 in

246 1746 389 1784 scholis
421 1746 579 1792 mentio,
613 1745 729 1794 quod,
762 1757 846 1782 cum
870 1746 1143 1795 praestantiam
1178 1744 1323 1782 videret
1347 1746 1516 1793 quinque
1539 1756 1751 1794 corporum,
1784 1744 1899 1782 simili
1921 1744 2034 1794 plane

242 1805 391 1842 ratione
426 1808 515 1841 ante
540 1804 598 1841 bis
621 1803 726 1841 mille
748 1815 882 1851 annos,
916 1815 993 1851 qua
1025 1814 1126 1840 nunc
1158 1814 1241 1851 ego,
1266 1803 1457 1840 Creatoris
1491 1814 1580 1840 cura
1613 1813 1689 1840 non
1720 1802 1919 1851 indignum
1943 1814 2035 1840 cen-

244 1864 363 1900 suerit
394 1862 444 1899 ad
475 1861 541 1899 illa
572 1863 772 1910 respicere,
806 1867 921 1910 atque
953 1861 1066 1899 rebus
1099 1861 1379 1898 mathematicis
1411 1860 1571 1910 physice
1613 1866 1649 1898 et
1683 1872 1727 1898 ex
1760 1872 1830 1897 sua
1861 1860 2035 1909 qualibet

244 1921 481 1970 proprietate
513 1919 774 1963 accidentaria
807 1921 963 1957 censitis
993 1931 1052 1956 res
1084 1930 1159 1956 non
1191 1919 1484 1956 mathematicas
1516 1918 1877 1956 accommodaverit.
1937 1918 2035 1955 Ter-

244 1990 326 2015 ram
369 1979 469 2015 enim
501 1978 600 2014 cubo
633 1978 925 2027 aequiparavit,
969 1979 1060 2025 quia
1097 1977 1248 2014 stabilis
1288 1981 1466 2025 uterque,
1511 1976 1619 2014 coelo
1658 1975 1884 2014 icosaedron
1917 1975 2033 2021 dedit,

247 2038 339 2085 quia
360 2041 564 2084 utrumque
588 2035 771 2082 volubile,
803 2037 881 2083 igni
905 2034 1117 2085 pyramida,
1151 2036 1242 2083 quia
1272 2035 1368 2072 haec
1390 2033 1557 2072 volantis
1589 2034 1746 2083 igniculi
1779 2034 1911 2080 forma,
1942 2033 2034 2072 reli-

247 2106 324 2142 qua
357 2094 433 2131 duo
467 2105 627 2143 corpora
670 2094 767 2130 inter
799 2096 924 2131 ae'rem
958 2099 996 2131 et
1027 2104 1167 2141 aquam
1207 2092 1421 2139 distribuit,
1463 2097 1617 2142 Propter
1654 2091 1817 2130 similem
1857 2092 2034 2139 utrinque

247 2163 333 2190 cum
372 2152 509 2190 vicinis
550 2152 832 2200 cognationem.
895 2151 971 2190 Sed
1011 2153 1110 2189 enim
1145 2151 1379 2200 Copernicus
1422 2149 1478 2187 illi
1520 2152 1601 2187 viro
1643 2150 1779 2196 defuit,
1823 2152 1887 2198 qui
1929 2151 2035 2199 prius

248 2209 340 2259 quid
371 2215 474 2248 esset
504 2210 542 2246 in
574 2209 717 2247 mundo
750 2209 910 2257 diceret3
953 2209 1100 2258 absque
1133 2221 1178 2246 eo
1210 2220 1286 2246 non
1317 2209 1468 2254 fuisset,
1513 2207 1671 2246 dubium
1713 2219 1789 2245 non
1822 2213 1901 2255 est,
1943 2209 2035 2257 quin

249 2279 368 2316 quare
401 2271 501 2305 esset
532 2268 761 2314 invenisset,
805 2272 921 2316 atque
963 2267 1060 2305 haec
1098 2267 1291 2305 coelorum
1330 2267 1526 2316 proportio
1567 2271 1646 2303 tam
1678 2270 1769 2303 nota
1799 2277 1900 2304 nunc
1935 2270 2036 2304 esset

247 2338 362 2375 quam
393 2327 479 2376 ipsa
511 2327 681 2374 quinque
714 2336 894 2374 corpora,
935 2330 1013 2362 tam
1054 2326 1145 2362 item
1177 2329 1331 2374 recepta
1374 2336 1489 2373 quam
1522 2323 1594 2361 hoc
1625 2329 1839 2374 temporum
1872 2323 2034 2362 decursu

247 2383 414 2422 invaluit
444 2383 512 2421 illa
545 2383 590 2421 de
623 2382 724 2420 Solis
756 2388 863 2421 motu
897 2382 1020 2432 deque
1053 2385 1181 2431 quiete
1213 2382 1379 2420 Telluris
1412 2383 1584 2431 opinio.“

383 2441 525 2480 Rerum
548 2446 676 2480 autem
699 2453 849 2478 summa
872 2446 965 2487 erat,
997 2441 1093 2479 haec
1116 2442 1285 2489 quinque
1306 2452 1466 2490 corpora
1496 2441 1551 2477 sic
1583 2441 1680 2477 inter
1701 2439 1875 2488 planetas
1904 2438 2034 2476 distri-

246 2500 325 2547 bui,
359 2504 400 2536 ut
441 2510 572 2537 eorum
611 2499 868 2537 dimensiones
910 2510 993 2536 cum
1034 2499 1275 2548 planetarum
1317 2498 1510 2536 distantiis
1542 2502 1805 2546 congruerent.
1859 2497 2034 2546 Longum

247 2562 305 2596 est
335 2557 494 2606 Kepleri
534 2568 666 2595 omnes
707 2557 777 2594 has
816 2557 1072 2604 cogitationes
1113 2556 1400 2606 metaphysicas
1441 2557 1640 2606 persequi,
1687 2566 1848 2604 quarum
1880 2566 1952 2604 ope
1985 2555 2034 2593 ad

246 2615 346 2654 hanc
378 2615 684 2652 distributionem
718 2616 903 2664 pervenit.
967 2614 1088 2652 Nobis
1120 2619 1179 2653 sat
1211 2619 1268 2652 est
1299 2616 1426 2663 ipsum
1463 2614 1636 2652 libellum
1680 2613 1855 2651 attulisse
1893 2617 1932 2650 et
1961 2612 2034 2651 hoc

247 2673 399 2721 addere,
431 2673 640 2723 Keplerum
673 2684 832 2722 corpora
863 2675 917 2710 sic
948 2673 1199 2719 distribuisse,
1232 2678 1275 2710 ut
1306 2671 1403 2710 radii
1425 2672 1627 2720 globorum
1659 2676 1697 2709 et
1726 2672 1764 2707 in
1795 2671 1841 2708 iis
1864 2670 2034 2720 descrip-

247 2736 372 2769 torum
403 2736 440 2769 et
472 2732 572 2769 circa
604 2743 649 2768 ea
680 2732 1051 2780 circumscriptorum
1084 2742 1168 2768 cum
1200 2730 1452 2780 planetarum,
1486 2731 1633 2779 corpori
1665 2730 1803 2777 cuique
1826 2728 2034 2766 attributo-

247 2800 342 2836 rum,
374 2790 552 2827 maximis
585 2794 621 2827 et
652 2790 818 2826 minimis
851 2789 1056 2835 distantiis,
1091 2788 1225 2837 quales
1247 2788 1482 2838 Copernicus
1515 2792 1714 2835 statuerat,
1747 2785 2032 2835 quodammodo

249 2852 509 2895 congruerent.
572 2847 818 2885 Differentias
858 2851 1008 2893 autem,
1051 2858 1150 2894 quae
1189 2848 1287 2884 inter
1318 2846 1602 2895 Copernicanos
1645 2850 1682 2883 et
1723 2855 1813 2881 suos
1853 2854 2032 2881 numeros

248 2904 546 2950 intercederent,
579 2905 628 2942 ad
660 2905 763 2942 illius
795 2907 832 2941 in
864 2904 1129 2942 ratiocinando
1161 2904 1443 2953 indiligentiam
1475 2908 1512 2941 et
1543 2903 1858 2941 observationum
1889 2902 2033 2951 imper-

248 2962 450 3001 fectionem
483 2963 644 3002 reduxit.
699 2963 927 3014 „Cepernici
960 2963 1147 3000 intentum
1179 2964 1218 2998 in
1251 2963 1487 3000 astronomia
1518 2966 1703 3006 versatur,
1734 2959 1807 2996 1100
1828 2963 1886 2996 est
1907 2964 2031 2997 utrum

250 3020 424 3057 nonnihil
460 3022 499 3057 in
531 3032 661 3058 veram
693 3021 843 3058 orbium
873 3022 1160 3070 proportionem
1201 3024 1335 3069 peccet
1375 3031 1509 3070 parum
1541 3020 1614 3068 ipsi
1656 3027 1768 3054 curae
1799 3020 1874 3063 est,
1917 3017 2031 3055 modo

250 3088 428 3116 numeros
460 3090 507 3115 ex
539 3078 875 3116 observationibus
908 3089 974 3116 eos
1006 3080 1233 3125 constituat,
1272 3079 1338 3126 qui
1369 3079 1446 3115 sint
1477 3076 1526 3115 ad
1559 3073 1875 3113 demonstrandos
1905 3081 2032 3114 motus

251 3133 567 3184 planetarumque
598 3135 684 3174 loca
705 3135 976 3187 computanda,
1009 3140 1194 3185 quantum
1226 3135 1309 3173 fieri
1338 3136 1477 3187 potuit,
1509 3133 1672 3171 maxime
1704 3131 1822 3185 apti.“
