2126 3388
593 157 742 204 Kepleri
765 157 950 194 literarum
976 158 1095 195 studia
1121 162 1157 195 et
1182 159 1357 201 doctrina.
1792 163 1873 208 991

84 277 197 316 Vito
231 276 364 315 datur:
398 277 558 316 Ethicus
590 274 721 327 erg0.“
773 277 834 315 De
865 277 1103 326 Zieglero
1137 277 1302 328 denique
1334 280 1431 319 haec
1461 282 1629 332 scripsit:
1666 281 1782 334 „Acri
1814 284 1876 319 in-

83 337 196 385 genio
229 335 421 386 Physicen
448 335 675 385 Judieioque
710 335 862 374 docens.
904 335 981 373 Sed
1013 348 1167 386 quoque
1200 336 1405 387 Graj0rum
1437 339 1549 378 docet
1571 352 1590 378 e
1613 340 1876 379 Demosthene

83 394 255 443 linguam
287 400 325 432 et
357 394 600 435 dissertantis
632 394 761 444 dirigit
793 405 859 431 ora
890 395 1029 442 gregis,
1062 397 1098 431 in
1122 395 1290 444 Logicis,
1323 397 1513 447 Physic1s‚
1546 400 1584 435 in
1607 398 1783 437 Moribus
1815 400 1877 435 in-

85 464 160 501 que
190 450 404 491 Mathesi.“
468 452 688 502 Zieglerus,
730 453 796 501 qui
827 464 861 489 a.
896 453 1019 491 1597.
1052 452 1232 491 Lieblero
1264 457 1468 502 successit,
1514 458 1579 505 qui
1619 469 1735 506 quum
1766 457 1877 507 Kep-

83 510 186 548 lerus
217 512 255 547 in
287 510 526 549 academiam
558 511 706 548 veniret
740 514 790 549 63
825 521 947 547 annos
976 515 1090 548 natus
1113 517 1204 558 erat,
1241 511 1362 550 Cellio
1395 519 1550 552 auctore
1582 515 1651 553 has
1675 515 1877 564 Tubingae

83 568 221 606 habuit
251 568 423 607 scholas:
469 569 542 621 „de
573 568 776 616 Cicerone,
817 568 863 606 de
896 569 1125 615 Aristotele,
1172 569 1218 607 de
1251 570 1426 620 Virgilio.
1489 573 1711 623 Theologus
1753 574 1876 612 bonus

84 632 154 674 est,
185 627 312 665 bonus
345 632 479 676 estque
511 626 709 676 politicus,
743 627 844 665 idem
875 626 1072 676 physicus,
1107 633 1235 665 orator
1264 628 1595 680 philosophusque
1626 632 1791 670 bonus“

224 684 490 733 Quibuscum
524 684 637 722 modo
671 685 781 722 dictis
814 687 906 722 viris
939 685 1053 733 quale
1085 692 1221 734 postea
1251 687 1364 724 fuerit
1394 687 1563 738 Keplero
1597 692 1877 739 commercium,

85 741 190 780 haud
221 745 316 781 satis
349 748 587 792 compertum
620 749 690 781 est.
755 743 964 780 Gellium
997 746 1254 792 propinquum
1286 757 1398 783 suum
1430 759 1514 785 csse
1546 748 1740 797 quondam
1773 749 1876 796 dicit,

84 799 248 850 Opticen
269 801 486 838 Burkharto
520 802 642 847 misit,
675 803 739 850 qui
759 814 793 840 a.
820 805 943 839 1605.
977 801 1199 840 academiae
1230 809 1354 841 rector
1382 805 1545 844 eundem
1566 806 1705 844 librum
1727 809 1878 845 senatui

84 859 254 897 tradidit.
305 858 380 897 Per
410 859 581 896 Vitum
613 858 882 896 Miillerum
915 865 951 897 et
984 859 1029 897 de
1058 860 1418 910 Pythagoraeorum
1451 863 1497 902 de
1528 864 1671 902 mundo
1705 865 1878 903 doctrina

91 922 128 955 et
160 917 206 955 de
229 917 428 955 Plutarchi
463 917 548 966 „De
570 917 705 955 Lunae
737 915 860 954 facie“
895 917 1027 955 libello
1060 919 1218 956 edoctus
1251 926 1319 967 est,
1353 932 1431 969 qua
1463 921 1509 960 de
1541 935 1580 961 re
1612 925 1684 972 ipsi
1709 924 1877 962 Besoldo

84 977 208 1013 amico
243 975 551 1013 dissertationem
597 975 670 1027 „de
702 972 840 1013 Luna“
882 977 1116 1024 composuit,
1163 989 1278 1026 quam
1320 977 1382 1016 hic
1424 979 1589 1019 Miillero
1633 982 1878 1030 praesidente

17 1060 21 1065 -
84 1033 318 1073 defenderet.
381 1033 466 1082 Quo
511 1035 549 1070 in
590 1034 776 1083 opusculo
816 1033 1027 1083 Keplerum
1064 1034 1352 1083 Copernicanae
1398 1037 1595 1077 doctrinae
1639 1039 1877 1078 defensorem

84 1093 276 1130 exstitisse
308 1104 355 1130 ex
386 1092 460 1129 hoc
491 1091 620 1141 colligi
651 1098 791 1140 potest,
825 1092 930 1141 quod
962 1104 1079 1141 quum
1102 1093 1354 1132 Prodromum
1387 1096 1558 1134 editurus
1590 1105 1702 1146 esset,
1736 1099 1785 1136 ad
1815 1100 1877 1135 in-

84 1149 303 1188 ducendum
332 1150 434 1188 hunc
466 1149 723 1188 adolescentis
755 1150 942 1198 libellum,
975 1152 1040 1200 qui
1075 1151 1276 1200 Cepernici
1310 1155 1557 1202 opinionibus
1589 1157 1759 1203 faveret,
1793 1170 1878 1195 am-

82 1208 344 1258 plissimorum
384 1208 587 1257 Tubingae
624 1209 884 1257 professorum
926 1214 963 1246 et
1005 1212 1276 1248 auctoritatem
1316 1217 1352 1249 et
1393 1214 1764 1253 commendationem
1803 1216 1879 1253 sibi

85 1272 310 1316 quaereret:
358 1268 550 1318 „carmine
584 1266 645 1304 vel
677 1278 813 1316 prosa,
856 1273 899 1304 ut
929 1267 1036 1305 libet.
1100 1268 1158 1306 De
1191 1268 1277 1306 aliis
1310 1270 1532 1310 academiae
1561 1273 1701 1321 juratis
1731 1279 1875 1321 metuo,

83 1331 126 1362 ut
160 1325 282 1364 velint
313 1324 460 1374 aliquid
492 1330 625 1363 contra
655 1330 849 1374 receptam
881 1327 1111 1364 sententiam
1140 1326 1194 1375 (h.
1218 1339 1250 1365 e.
1284 1333 1414 1366 contra
1447 1330 1726 1369 Ptolemaicam
1757 1334 1878 1369 ratio-

83 1382 187 1433 nem)
218 1383 362 1433 largiri,
395 1383 499 1432 quod
531 1385 568 1419 in
601 1383 863 1432 disputatione
895 1382 963 1421 illa
993 1395 1080 1421 mea
1100 1384 1155 1421 M.
1179 1384 1366 1424 Miillerus
1391 1387 1710 1428 demonstr·avit.“
1754 1389 1877 1438 Quam

82 1441 132 1480 ad
152 1441 466 1491 >disputationem
498 1453 616 1491 quum
647 1447 786 1491 postea
819 1453 973 1490 quoque
996 1442 1189 1491 Keplerus
1221 1447 1378 1493 saepius
1411 1446 1575 1493 redierit,
1610 1447 1712 1485 haud
1745 1449 1879 1497 procui

83 1513 106 1538 a
139 1511 231 1538 vero
264 1500 546 1548 aberrabimus,
588 1501 621 1537 si
652 1501 701 1537 ab
735 1499 870 1538 eadem
910 1500 1179 1538 contendimus
1211 1505 1425 1550 posteriora
1455 1504 1614 1555 Kepleri
1648 1505 1693 1544 de
1725 1506 1879 1556 Pytha-

82 1569 313 1607 goraeorum
345 1557 520 1596 doctrina
549 1557 678 1596 studia
709 1557 920 1607 repetenda
953 1570 1035 1597 esse
1069 1565 1106 1596 et
1137 1558 1293 1598 Miilleri
1328 1573 1562 1611 quamquam
1595 1566 1716 1602 inscia
1749 1571 1786 1602 et
1816 1566 1878 1601 in-

83 1618 165 1654 vita
195 1618 425 1654 auctoritate
456 1616 667 1666 Keplerum
710 1618 837 1666 ipsum
877 1616 926 1654 ad
969 1617 1233 1666 accipiendam
1272 1619 1377 1657 illam
1421 1620 1467 1659 de
1509 1622 1651 1659 mundo
1689 1624 1877 1660 rationein

83 1674 310 1725 perductum
351 1687 448 1713 esse.
509 1675 553 1712 In
597 1674 732 1713 libello
780 1674 935 1724 quidem
980 1675 1026 1713 de
1064 1674 1234 1714 Galilaei
1276 1679 1444 1716 inventis
1485 1680 1589 1718 edito
1627 1684 1691 1726 (ΙΙ.
1717 1684 1782 1719 485
1810 1686 1877 1728 ss.)

83 1733 176 1771 dicit
205 1733 320 1772 haee:
366 1733 707 1785 „Consentaneum
739 1739 815 1780 est,
859 1735 891 1770 si
929 1738 1018 1771 sunt
1049 1735 1086 1770 in
1119 1734 1230 1772 Luna
1268 1737 1444 1775 viventes
1485 1744 1694 1785 creaturae,
1728 1751 1805 1788 qua
1839 1742 1875 1776 in

81 1793 244 1830 materia
286 1791 379 1828 mihi
422 1797 510 1840 post
541 1791 806 1841 Pythagoram
847 1797 884 1829 et
917 1791 1165 1830 Plutarchum
1203 1794 1285 1841 jam
1324 1794 1414 1832 olim
1447 1807 1480 1833 a.
1518 1801 1639 1835 1593.
1673 1797 1876 1847 Tubingae

82 1851 226 1898 scripta
257 1849 519 1899 disputatione
557 1849 689 1888 ludere
727 1849 890 1898 placuit,
935 1849 1021 1887 illos
1062 1852 1256 1899 ingenium
1297 1864 1390 1891 suae
1431 1856 1655 1902 provinciae
1692 1854 1873 1894 imitari.“

83 1908 131 1945 Et
161 1909 199 1945 in
231 1913 324 1946 nota
346 1907 517 1946 secunda
539 1908 587 1945 ad
617 1905 870 1960 „Somnium“
906 1907 1102 1958 adscripta
1123 1908 1286 1958 legitur:
1322 1911 1487 1963 „Exstat
1520 1913 1621 1962 apud
1653 1926 1712 1951 me
1745 1914 1877 1953 charta

83 1971 286 2016 pervetuS,
318 1972 387 2004 tua
417 1965 583 2004 Besolde
615 1978 731 2004 manu
764 1972 941 2013 exarata,
976 1978 1062 2004 cum
1094 1967 1222 2005 theses
1255 1980 1284 2006 c.
1322 1974 1373 2007 ‘20
1409 1970 1454 2008 de
1486 1971 1720 2010 coelestibus
1752 1985 1877 2022 appa-

81 2025 214 2062 rentiis
247 2026 285 2061 in
316 2024 429 2062 Luna
461 2036 507 2062 ex
538 2025 633 2062 meis
667 2024 995 2074 disputationibus
1027 2038 1061 2063 a.
1099 2029 1219 2064 1593.
1254 2029 1495 2077 concepisses
1528 2041 1669 2078 easque
1701 2030 1750 2068 D.
1783 2031 1875 2068 Vito

83 2082 269 2130 Miillero,
313 2088 405 2121 tunc
437 2083 742 2132 disputationum
774 2082 1130 2133 philosophicarum
1163 2084 1355 2124 ordinario
1388 2087 1573 2136 praesidi,
1612 2088 1876 2138 disputaturus

85 2140 131 2178 de
163 2142 222 2188 iis,
255 2142 287 2178 si
320 2142 403 2191 ipse
436 2142 654 2188 annuisset,
699 2141 954 2179 exhibuisses.
1017 2141 1103 2190 Quo
1136 2143 1292 2191 quidem
1325 2149 1494 2194 tempore
1525 2145 1726 2184 Plutarchi
1760 2158 1878 2196 opera

84 2199 179 2236 mihi
220 2198 391 2237 nondum
434 2201 520 2237 visa
562 2204 682 2237 erant.
744 2199 888 2237 Postea
925 2199 1043 2237 incidi
1084 2202 1121 2237 in
1159 2201 1321 2239 Luciani
1363 2203 1481 2241 libros
1519 2203 1703 2242 historiae
1747 2216 1874 2252 verae,

83 2268 220 2306 graece
252 2258 428 2307 scriptos,
461 2269 558 2306 quos
591 2269 663 2307 ego
694 2257 848 2295 libellos
879 2258 972 2295 mihi
1001 2257 1138 2307 delegi,
1171 2265 1213 2296 ut
1244 2259 1415 2309 linguam
1438 2261 1686 2309 addiscerem,
1721 2263 1877 2311 adjutus

81 2315 324 2364 Jucunditate
356 2315 642 2354 audacissimae
673 2315 844 2354 fabulae.
906 2316 1017 2354 Haec
1048 2317 1140 2354 mihi
1173 2318 1296 2367 prima
1327 2319 1431 2358 fuere
1465 2322 1631 2369 vestigia
1663 2322 1808 2359 itineris
1840 2323 1876 2358 in

83 2373 246 2421 Lunam,
280 2375 558 2423 posterioribus
590 2375 828 2424 temporibus
862 2375 1044 2412 affectati.
1087 2374 1235 2413 Graetii
1267 2378 1430 2425 primurn
1462 2390 1496 2415 a.
1524 2383 1646 2417 1595.
1680 2379 1876 2417 Plutarchi

82 2431 257 2470 libellum
288 2444 373 2469 sum
404 2438 540 2470 nactus
573 2444 697 2481 exque
731 2444 775 2470 eo
796 2432 946 2481 Pragae
968 2444 1069 2471 anno
1095 2437 1216 2471 1604.
1240 2434 1362 2472 multa
1393 2437 1430 2472 in
1462 2435 1639 2486 Opticam
1673 2435 1874 2475 transtuli“

84 2491 163 2534 (cfr.
190 2492 321 2528 voLII.
349 2504 382 2537 p.
403 2493 471 2528 270
489 2494 565 2537 ss).
628 2489 718 2528 Jam
752 2490 913 2528 eandem
944 2492 1068 2541 ipsam
1101 2491 1400 2541 disputationem
1433 2494 1532 2531 alius
1564 2507 1718 2544 quoque
1751 2497 1877 2545 operis

86 2559 242 2585 causam
275 2554 312 2587 et
343 2549 488 2587 fontem
519 2549 636 2586 fuisse
670 2548 875 2586 verisimile
916 2554 991 2596 est,
1037 2550 1140 2599 quod
1172 2550 1364 2600 Keplerus
1406 2552 1546 2590 fautori
1578 2565 1648 2590 suo
1682 2553 1876 2591 Wakhero

86 2605 132 2643 de
164 2606 442 2644 Waekhenfels
474 2607 703 2656 composuit.
745 2607 888 2644 Scribit
919 2609 1039 2645 enirn:
1075 2608 1266 2655 „Condidi
1299 2610 1336 2646 in
1368 2610 1488 2659 ipsius
1519 2610 1758 2662 (Waekheri)
1786 2623 1878 2660 gra—

83 2665 176 2702 tiam
219 2665 492 2702 astronomiam
534 2676 697 2712 novam,
740 2666 851 2713 quasi
893 2677 958 2714 pro
1003 2667 1067 2712 iis,
1113 2668 1179 2715 qui
1217 2667 1253 2703 in
1298 2666 1408 2705 Luna
1446 2667 1645 2715 habitant,
1687 2669 1879 2719 planeque

83 2722 361 2772 geographiam
392 2722 605 2761 lunarem.“
670 2721 819 2770 Quibus
852 2723 898 2760 de
932 2725 1111 2773 operibus
1143 2724 1237 2761 nihil
1269 2725 1344 2763 fere
1376 2731 1515 2772 restat,
1556 2739 1670 2776 quain
1704 2727 1808 2776 quod
1840 2729 1876 2764 in

92 2778 344 2833 „Somnium“
378 2792 489 2818 suum
519 2781 675 2829 recepit.

223 2838 443 2877 Redeamus
487 2838 536 2876 ad
575 2837 731 2887 Kepleri
774 2839 990 2887 magistros.
1054 2839 1113 2876 De
1153 2838 1389 2877 Lieblero
1434 2841 1529 2878 nihil
1567 2853 1731 2891 usquam
1774 2843 1876 2893 apud

78 2895 295 2946 -Keplerum
328 2897 505 2935 occurrit.
567 2896 756 2943 Cognitae
787 2901 876 2933 sunt
909 2902 946 2934 et
978 2896 1061 2944 ejus
1086 2897 1290 2948 „Epitome
1322 2898 1591 2948 philosophiae
1622 2901 1809 2939 naturalis
1832 2914 1876 2940 ex

87 2952 320 2993 Aristotele“
355 2960 393 2992 et
425 2961 500 2992 tres
525 2954 689 2991 Liebleri
716 2953 950 2991 Aristotelici
983 2954 1266 3003 disputationes
1301 2955 1373 3006 „de
1398 2955 1579 3004 Anima“,
1613 2959 1722 3007 cujus
1745 2959 1873 2998 theses

88 3012 267 3050 defensae
298 3018 387 3050 sunt
417 3024 518 3050 anno
555 3013 678 3050 1593.
709 3023 732 3048 a
763 3011 1001 3060 Wolfgango
1033 3017 1070 3049 et
1102 3012 1302 3050 Ludovico
1336 3013 1381 3051 de
1405 3014 1680 3063 HohenfeIder,
1713 3018 1876 3066 quibus-

87 3081 172 3109 cum
204 3071 396 3119 fratribus,
430 3083 475 3109 ex
506 3069 627 3108 nobili
659 3069 838 3107 Austriae
868 3080 1006 3120 genere
1038 3072 1142 3118 ortis,
1174 3075 1211 3109 et
1242 3072 1279 3108 in
1311 3071 1510 3111 academia
1543 3078 1579 3112 et
1610 3079 1746 3124 postea
1778 3087 1876 3126 quo-
