2126 3388
875 168 931 204 De
941 188 945 190 v
956 168 1103 215 Kepleri
1129 168 1274 205 familia.
1886 172 1969 216 941

173 287 268 324 sisse
301 289 338 324 et
369 285 416 324 de
448 286 691 324 matrimonio
723 286 860 324 iterum
890 288 1059 327 ineundo
1100 291 1227 339 egisse
1259 289 1423 328 videtur.
1486 288 1614 338 Quum
1653 295 1780 329 autem
1813 291 1970 342 Kepleri

173 343 351 382 Lincium
384 344 664 393 demigratione
698 344 746 382 ad
778 346 926 383 irritum
947 359 1006 385 res
1029 349 1245 395 cecidisset,
1279 349 1392 386 amici
1416 348 1641 387 Lincienses
1673 350 1819 399 majore
1839 349 1968 388 studio

173 401 301 440 denuo
334 403 368 440 ci
402 402 662 441 conditionem
694 411 994 453 prospexerunt,
1028 418 1104 444 non
1137 408 1264 444 minus
1298 419 1414 456 quam
1446 406 1624 445 undecim
1658 409 1873 458 virginibus
1908 411 1968 446 vi-

173 459 309 499 duisve
348 460 397 498 ad
438 462 724 499 matrimonium
766 464 1056 502 commendatis.
1120 465 1248 514 Atque
1292 476 1377 503 cum
1420 467 1593 515 inprimis
1630 466 1789 516 Kepleri
1830 468 1967 514 amica,

171 530 269 556 uxor
310 519 474 557 Batonis
516 519 562 557 de
605 519 873 570 Staremberg,
917 525 1019 559 omni
1062 535 1181 572 opera
1218 524 1424 571 niteretur,
1472 526 1553 561 viro
1595 524 1768 563 solitario
1808 526 1968 563 alteram

175 588 333 615 uxorem
365 577 575 624 adducere,
616 583 811 626 postremo
853 581 1004 618 mulieri
1044 593 1226 631 prospere
1267 587 1537 620 successerunt
1578 582 1718 621 studia.
1781 582 1969 632 Quamvis

174 637 276 673 enim
318 637 498 686 privigna
536 635 706 684 Regina,
751 649 849 684 quae
892 650 993 677 anno
1039 644 1147 678 1608
1183 652 1268 677 cum
1310 640 1428 677 Ehem
1473 639 1642 689 quodam
1683 644 1968 680 matrimonium

171 695 331 742 inierat,
365 707 387 732 a
419 695 561 743 nuptiis
594 706 679 731 cum
712 693 799 741 illa,
847 708 961 743 quani
995 698 1280 735 commendavit
1310 697 1613 747 Starembergia,
1658 702 1781 737 acrius
1814 701 1969 739 dissua-

171 751 278 790 deret
309 755 359 800 (v.
378 765 405 790 s,
429 766 464 799 p.
483 755 580 799 809),
614 757 742 790 tamen
772 752 963 802 Kepierus
997 755 1087 792 dum
1120 762 1221 793 esset
1250 756 1505 804 Ratisbonae,
1539 768 1653 805 quam
1686 759 1723 794 in
1754 760 1887 797 urbem
1919 760 1968 797 ab

170 811 400 859 imperatore
424 816 586 847 vocatus
620 814 714 858 erat,
748 816 789 847 ut
821 811 867 849 de
891 813 1135 851 instituendis
1168 815 1294 851 Fastis
1318 813 1565 863 Gregorianis
1593 815 1783 864 judicium
1814 818 1968 865 faceret,

170 868 365 918 plebejam
396 868 514 906 filiam
546 868 620 905 sibi
654 868 859 917 despondit
883 870 1100 909 Susannam
1132 871 1364 920 Reittinger,
1398 872 1641 922 Efferdingae
1680 874 1816 924 opifice
1856 888 1969 914 arcu-

168 927 274 964 ]areo
308 926 530 974 oriundam,
565 926 767 965 educatam
799 928 837 964 in
858 927 949 966 ludo
973 942 995 966 a
1017 930 1303 979 Starembergia
1326 929 1612 969 educandarum
1635 934 1825 982 virginum
1852 945 1968 973 causa

169 986 359 1024 instituto.
424 986 516 1023 Erat
552 990 682 1023 autem
724 990 761 1023 et
792 990 919 1025 aetate
952 992 989 1025 et
1019 988 1141 1026 forma
1173 989 1330 1036 florens,
1375 995 1412 1027 et
1453 990 1676 1039 simpliciter
1708 991 1889 1040 educata,
1932 998 1969 1031 et

170 1055 256 1081 cum
291 1043 468 1082 modesta
503 1048 606 1081 esset
637 1044 870 1092 minimeque
906 1046 1132 1094 ambitiosa,
1174 1046 1222 1085 ad
1260 1047 1298 1084 id
1330 1048 1497 1086 maxime
1537 1048 1697 1097 idonea,
1738 1056 1779 1087 ut
1809 1050 1967 1100 Kepleri

169 1103 290 1139 vitam
323 1101 647 1151 simplicissimam
673 1102 943 1150 jucundiorem
975 1109 1011 1141 et
1042 1105 1261 1143 hilariorem
1292 1105 1479 1145 redderet.
1538 1106 1691 1156 Nuptiis
1735 1109 1839 1146 brevi
1879 1114 1968 1158 post

168 1160 280 1198 factis
316 1160 508 1210 Keplerus
541 1160 716 1198 Lincium
758 1160 869 1199 rediit
911 1173 997 1199 cum
1028 1174 1165 1210 uxore,
1206 1175 1372 1212 quacum
1413 1176 1536 1213 usque
1575 1166 1622 1202 ad
1661 1171 1822 1204 mortem
1856 1179 1965 1205 suam

167 1218 410 1257 felicissimos
441 1219 675 1257 matrimonii
709 1231 830 1257 annos
861 1222 1021 1269 peregit,
1055 1233 1140 1259 cum
1169 1221 1299 1259 liberis
1331 1234 1377 1260 ex
1408 1224 1532 1272 priore
1555 1225 1797 1262 matrimonio
1828 1227 1968 1275 genitis

168 1283 290 1316 mater
321 1282 423 1316 esset
454 1277 593 1326 altera,
628 1283 666 1316 et
697 1279 782 1327 ipsa
812 1284 960 1328 septem
992 1279 1135 1318 liberos
1168 1280 1308 1329 ederet,
1342 1292 1504 1329 quorum
1527 1286 1691 1330 quatuor
1712 1285 1810 1332 patri
1831 1296 1967 1333 super-

168 1337 277 1375 stites
308 1336 474 1374 fuerunt.

307 1394 432 1433 Lincii
463 1394 656 1443 Keplerus
688 1395 737 1433 ab
769 1406 870 1432 anno
907 1399 1014 1434 1612
1048 1408 1170 1445 usque
1204 1396 1254 1435 ad
1286 1408 1428 1435 annum
1454 1402 1560 1435 1626
1594 1403 1771 1437 versatus
1803 1404 1881 1447 est,
1914 1401 1968 1438 ita

171 1451 349 1501 quidem,
381 1458 423 1490 ut
452 1453 616 1490 multum
646 1455 829 1503 temporis
861 1455 899 1490 in
932 1455 1130 1492 itineribus
1169 1461 1206 1493 et
1244 1455 1409 1505 publicis
1443 1462 1479 1494 et
1510 1458 1671 1505 privatis
1714 1464 1967 1497 consumeret.

169 1511 248 1549 Iter
279 1511 434 1560 quidem
467 1523 568 1550 anno
595 1516 701 1550 1613
725 1512 980 1550 Ratisbonam
1002 1513 1146 1551 factum
1169 1514 1284 1551 modo
1309 1516 1628 1563 memoravimus3
1660 1518 1815 1565 saepius
1838 1522 1967 1555 autem

173 1569 363 1607 Viennam
405 1575 442 1608 et
483 1570 670 1619 Pragam,
723 1575 765 1608 ut
808 1570 854 1608 dc
901 1570 1039 1609 studiis
1082 1573 1161 1609 suis
1212 1574 1433 1622 imperatori
1477 1579 1514 1611 et
1556 1574 1785 1612 consiliariis
1829 1575 1966 1613 aulicis

174 1628 364 1667 rationem
396 1627 594 1675 redderet,
629 1628 690 1667 vel
724 1634 766 1666 ut
798 1629 1002 1667 consilium
1034 1635 1258 1680 suppeteret
1291 1633 1326 1667 in
1359 1632 1474 1669 rebus
1504 1631 1554 1669 ad
1586 1632 1714 1670 studia
1745 1645 1816 1671 sua
1846 1635 1966 1683 perti-

178 1687 371 1735 nen-tibus,
404 1692 566 1725 vocatus
599 1692 675 1734 est,
708 1689 912 1736 pecuniam
946 1699 1100 1738 quoque
1133 1689 1182 1726 ad
1215 1689 1384 1728 edendas
1420 1689 1693 1739 Ephemeridas
1727 1696 1764 1729 ct
1794 1691 1967 1730 Tabulas

176 1744 448 1795 Rudolphinas
479 1747 738 1783 necessariam
771 1747 853 1795 ipse
885 1748 1017 1796 petiit;
1059 1747 1160 1796 quod
1195 1759 1280 1785 cum
1314 1750 1575 1797 impetrasset,
1611 1751 1692 1798 ipse
1724 1750 1772 1787 ad
1806 1762 1850 1788 ea
1881 1751 1968 1789 loca

172 1803 368 1853 profectus
400 1809 474 1850 est,
520 1815 596 1853 quo
629 1806 906 1842 numerationis
945 1816 1064 1843 causa
1103 1805 1305 1855 delegatus
1339 1812 1418 1844 erat
1450 1806 1779 1858 (Norimbelgam,
1822 1809 1968 1847 Passa—

173 1862 304 1909 vium,
348 1861 663 1911 Campodunum,
697 1862 1008 1912 Memmingam).
1071 1864 1184 1902 Anno
1218 1865 1355 1903 deinde
1391 1869 1496 1902 1617
1541 1872 1718 1914 matrem,
1762 1879 1861 1916 quae
1893 1868 1968 1905 ali-

173 1925 360 1968 quantum
382 1922 564 1970 temporis
589 1921 712 1959 Lincii
733 1921 836 1971 apud
857 1921 977 1959 filium
1001 1927 1153 1960 versata
1175 1924 1296 1961 invito
1320 1935 1364 1961 eo
1388 1922 1542 1961 domum
1564 1923 1740 1972 redierat,
1764 1931 1806 1962 ut
1826 1925 1967 1964 adver-

175 1979 287 2016 sariis
319 1980 398 2016 suis
429 1980 515 2028 ipsa
548 1980 730 2027 obstaret,
763 1979 867 2017 filius
900 1985 955 2018 est
988 1986 1141 2018 secutus
1173 1982 1211 2017 in
1235 1981 1620 2031 Wiirttembergiam,
1653 1988 1694 2020 ut
1726 1995 1907 2032 praesens
1931 1991 1967 2022 et

174 2036 331 2086 adjutus
363 2038 412 2074 ab
435 2039 569 2075 amicis
591 2037 787 2086 (Besoldo,
821 2037 988 2088 Hillero)
1016 2039 1113 2088 juris
1142 2041 1274 2088 peritis
1306 2042 1437 2078 matris
1474 2042 1725 2079 temeritatem
1749 2043 1966 2091 corrigeret.

314 2095 414 2132 Tum
446 2097 484 2133 in
518 2108 636 2134 causa
667 2102 840 2135 materna
873 2099 1001 2135 omnia
1034 2098 1178 2146 optime
1211 2110 1252 2136 se
1285 2100 1548 2148 composuisse
1570 2105 1675 2136 ratus
1696 2100 1872 2138 Lincium
1905 2113 1967 2139 re-

174 2152 243 2191 diit
274 2152 324 2191 ad
356 2165 473 2203 opera
505 2156 782 2202 astronomica,
826 2167 925 2204 quae
966 2156 1019 2193 ibi
1052 2156 1276 2205 imperfecta
1312 2157 1533 2206 reliquerat.
1595 2157 1671 2195 Sed
1714 2170 1830 2207 quum
1864 2171 1965 2197 anno

176 2215 302 2249 1620.
344 2217 496 2261 praeter
538 2214 758 2262 opinionem
800 2213 849 2251 ad
888 2214 1060 2263 pejorem
1101 2221 1249 2264 partem
1281 2227 1340 2253 res
1373 2217 1570 2264 vertisset,
1616 2215 1830 2266 Septembri
1863 2217 1964 2255 idem

172 2271 309 2308 iterum
341 2272 379 2307 in
411 2271 779 2321 Wiirttembergiam
810 2273 883 2310 iter
913 2272 1016 2312 fecit.
1063 2273 1200 2311 Finem
1233 2275 1323 2311 anni
1359 2278 1467 2312 1620
1502 2279 1538 2312 et
1570 2286 1712 2312 annum
1747 2279 1852 2313 1621
1887 2276 1965 2314 fere

177 2339 330 2366 omnem
363 2340 448 2367 cum
480 2331 612 2367 matris
653 2341 770 2368 causa
801 2331 838 2366 in
870 2332 996 2380 patria
1039 2336 1272 2379 versaretur,
1314 2332 1499 2369 familiam
1533 2332 1770 2372 Ratisbonae
1809 2334 1964 2383 reliquit

175 2392 365 2435 cunctam,
399 2393 563 2437 excepta
593 2390 762 2426 maxima
794 2388 874 2427 filia
896 2389 1086 2437 Susanna,
1122 2402 1219 2439 quae
1252 2402 1393 2440 genero
1415 2391 1537 2429 Ehem
1569 2392 1714 2430 amissa
1745 2403 1862 2430 uxore
1884 2392 1964 2431 Re-

172 2446 264 2494 gina
294 2457 354 2484 res
387 2445 619 2485 domesticas
651 2452 885 2497 procuraret.

312 2503 435 2552 Quem
468 2510 596 2543 autem
629 2511 810 2543 eventum
843 2507 929 2555 ipsa
960 2517 1078 2544 causa
1109 2506 1299 2553 habuerit,
1330 2507 1411 2556 jam
1444 2519 1559 2558 supra
1582 2508 1723 2546 dietum
1757 2513 1826 2547 est.
1878 2509 1964 2548 Hoc

173 2573 291 2598 unum
324 2562 441 2600 liceat
471 2563 584 2601 nobis
616 2563 775 2602 addere:
807 2563 1000 2614 Keplerus
1032 2566 1070 2600 in
1103 2564 1244 2603 libellis
1279 2564 1324 2602 de
1357 2565 1430 2603 hac
1463 2578 1580 2604 causa
1613 2568 1764 2616 seriptis
1796 2567 1884 2605 inde
1915 2569 1963 2606 ab

172 2630 273 2657 anno
311 2624 416 2658 1616
451 2627 600 2669 praeter
622 2621 913 2659 Austriacorum
937 2621 1111 2659 ordinum
1135 2625 1344 2661 astronomi
1366 2624 1520 2661 titulum
1543 2636 1692 2674 semper
1712 2625 1959 2676 subscripsit:

175 2677 241 2726 „S⁶
275 2677 387 2716 Caes.
418 2677 640 2727 Majestatis
672 2679 1020 2728 mathematicus“,
1053 2682 1162 2718 annis
1196 2693 1286 2719 vero
1322 2686 1448 2729 1620,
1486 2687 1591 2720 1621
1629 2682 1850 2731 „quondam
1882 2684 1962 2721 Im-

175 2740 395 2786 peratorum
428 2736 625 2787 Rudolphi
657 2742 693 2775 et
724 2737 916 2776 Matthiae
947 2737 1284 2776 mathematicus“.
1348 2738 1461 2787 Quod
1494 2741 1575 2778 sine
1608 2740 1726 2777 dubio
1758 2741 1847 2779 ideo
1880 2743 1963 2781 fac-

172 2798 253 2831 tum
286 2800 361 2842 est,
395 2799 437 2832 ut
467 2797 592 2845 precis
623 2806 718 2834 suae
750 2797 1020 2834 auctoritatem
1054 2797 1315 2845 confirmaret,
1357 2809 1474 2846 quum
1507 2797 1573 2836 illo
1605 2803 1776 2848 tempore
1811 2806 1962 2849 „astro-

171 2863 310 2890 nomus
342 2854 638 2903 imperatorius“
681 2864 757 2891 non
800 2855 925 2891 minus
968 2855 1136 2901 valeret,
1180 2866 1295 2903 quam
1335 2855 1437 2905 apud
1469 2866 1539 2893 nos
1572 2858 1637 2905 qui
1679 2864 1745 2894 aut
1776 2859 1958 2909 principis

172 2915 240 2948 aut
270 2910 425 2961 publico
465 2911 625 2950 consilio
658 2912 830 2951 interest.
891 2911 1123 2950 Ferdinandi
1167 2918 1295 2950 antem
1326 2914 1566 2963 imperatoris
1604 2915 1759 2952 titulum
1790 2917 1959 2955 nondum

171 2968 411 3007 subscribere
444 2971 592 3020 potuit,
626 2981 712 3007 cum
744 2969 923 3008 defuncto
957 2969 1123 3007 Matthia
1158 2974 1220 3010 10.
1253 2971 1394 3008 Martio
1432 2976 1558 3019 1619,
1591 2972 1859 3012 Ferdinandus
1891 2987 1960 3014 ex—

173 3032 287 3065 eunte
311 3027 462 3065 demum
486 3039 586 3065 anno
613 3020 722 3087 1622
744 3027 954 3078 Keplerum
978 3029 1187 3066 astronomi
1213 3031 1383 3067 caesarei
1415 3031 1567 3068 nomine
1590 3036 1753 3070 ornaret.
1805 3033 1960 3072 Breit-

171 3084 456 3124 schwertus
498 3085 675 3135 quidem,
720 3087 785 3134 qui
826 3085 872 3124 de
904 3086 1061 3136 Kepleri
1103 3088 1183 3124 vita
1224 3088 1375 3137 scripsit
1406 3093 1443 3125 et
1483 3099 1640 3127 causam
1679 3092 1812 3129 matris
1849 3091 1960 3143 Kep—

171 3141 241 3181 ieri
272 3145 419 3196 primus
455 3144 545 3184 huic
577 3145 681 3184 vitae
711 3143 907 3195 adjunxit,
950 3149 988 3183 et
1024 3146 1107 3196 ipse
1146 3147 1340 3196 opinatur,
1382 3146 1541 3199 Kepleri
1582 3148 1714 3189 matris
1754 3150 1794 3189 in
1824 3150 1959 3192 Wfirt-
