2177 3408
481 142 719 180 Summarium
742 144 927 182 Historiae
950 144 1204 184 Astronomiae
1230 147 1353 184 seculo
1378 148 1474 185 XVI.
1802 148 1885 194 613

86 259 215 295 minuti
230 259 360 306 integri
377 259 652 306 completionem
672 261 850 304 deficiant,
878 263 967 298 satis
992 263 1155 308 praecise
1180 263 1478 310 disposuerimus,
1505 265 1534 300 si
1552 275 1629 300 eam
1654 266 1690 301 in
1709 267 1748 302 60
1766 267 1820 302 54¹
1840 269 1880 307 ἓξ

86 317 253 353 absolute
271 320 507 354 constitut-am
525 319 638 355 fuisse
656 320 1046 367 pronunciave1·imus“,
1072 322 1298 358 latitudinem
1318 325 1380 359 530
1397 327 1462 361 45¹.
1498 325 1656 360 Primum
1675 337 1695 361 a
1715 327 1884 370 Tychone

86 380 318 420 conspectam
345 387 424 412 esse
450 377 590 413 stellam
618 377 674 411 die
703 379 755 412 11.
780 379 993 415 Novembris
1022 391 1133 426 supra
1159 381 1293 417 dictum
1322 387 1393 426 est,
1420 384 1498 427 ipse
1526 384 1693 428 „conjicit
1716 384 1884 429 probabi-

83 433 186 468 liter“
216 434 264 475 [in
289 434 495 479 Progymn.)
524 435 640 476 „circa
665 435 898 479 novilunium,
925 438 1021 481 quod
1040 440 1072 474 5.
1093 440 1181 474 Nov.
1202 440 1362 485 contigit,
1388 441 1503 485 prima
1527 442 1697 477 habuisse
1723 443 1882 478 exordia.

82 491 176 526 Nam
201 495 283 527 ante
308 492 344 526 id
370 492 541 538 temporis
560 503 664 527 nemo
685 494 799 537 (quod
817 492 945 541 sciam)
972 496 1029 529 cui
1055 500 1132 530 tuto
1160 496 1269 531 fidere
1295 498 1402 534 liceat
1419 499 1511 535 hanc
1538 501 1883 539 animadvertebat“.

82 549 220 584 Ibidem
246 550 409 595 legimus
437 552 587 586 durasse
612 552 705 588 hanc
732 552 874 587 stellam
894 564 1008 598 usque
1034 554 1069 589 in
1087 566 1246 590 mensem
1264 557 1433 591 Martium
1451 558 1535 592 anni
1557 560 1656 594 1574.
1694 560 1752 593 Ex
1770 559 1882 603 longi-

82 608 207 642 tudine
233 614 269 643 et
294 609 484 649 latitudine
510 614 739 655 computatur
764 609 958 645 declinatio
985 611 1113 647 stellae
1139 613 1203 647 61⁰
1228 613 1283 648 59¹
1309 613 1403 657 bon,
1431 616 1596 650 ascensio
1623 621 1723 652 recta
1749 619 1790 654 ΟΟ
1815 618 1883 662 17’,

82 665 118 700 111
143 665 337 711 Progymn.
364 668 426 703 61⁰
451 667 531 711 463¹
558 673 593 703 et
617 669 657 704 0⁰
683 668 775 715 253²
824 669 932 704 Hunc
958 668 1078 703 locum
1105 671 1261 704 servavit
1288 675 1365 705 toto
1390 676 1572 716 tempore,
1601 684 1645 709 ex
1671 686 1741 719 quo
1766 676 1882 720 primo

81 730 278 768 conspecta
304 730 370 769 est,
398 725 510 766 „nihil
533 724 570 759 in
596 725 690 761 hanc
715 726 771 760 vel
795 725 895 760 illam
920 732 1081 770 partem,
1115 729 1211 772 quod
1237 728 1320 765 ullis
1346 730 1512 766 sensibus
1539 731 1702 776 dignosci
1726 739 1885 786 poterat,

79 792 237 826 unquam
263 783 504 828 digrediens“.
1563 783 1570 791 ’

216 842 436 878 Distantiam
463 842 592 878 stellae
618 853 638 877 a
664 840 776 876 Terra
799 842 984 886 inquirens
1011 843 1172 880 adhibito
1200 845 1383 882 schemate
1410 848 1515 882 simili
1540 849 1610 894 illi,
1639 851 1735 893 quod
1762 856 1883 888 exstat

79 898 150 934 vol.
178 899 255 934 VII.
280 911 316 944 p.
343 901 422 938 150,
449 904 635 945 computat
659 900 862 945 parallaxin
889 902 945 937 58³
973 903 1053 938 30¹.
1106 903 1291 946 „Tantam
1318 905 1428 950 addit,
1454 907 1644 943 habuisset
1668 909 1757 945 haec
1776 912 1881 948 stella

78 962 249 1002 aspectus
275 958 518 993 diversitatem
545 959 590 994 ab
617 969 658 994 eo
685 958 782 1003 loco,
820 970 926 1003 quem
959 970 1072 1005 prope
1098 962 1267 996 verticem
1293 963 1497 1008 obtinebat,
1529 965 1565 999 in
1592 976 1673 1001 eum
1698 968 1760 1002 ubi
1783 969 1879 1004 hori-

78 1015 176 1050 zonti
200 1016 366 1060 proxima
391 1016 699 1061 conspiciebatur,
733 1017 763 1050 si
788 1016 823 1050 in
848 1017 1012 1061 proxima
1039 1020 1263 1054 concavitate
1297 1021 1393 1055 orbis
1420 1022 1546 1056 Lunae
1581 1022 1788 1061 effulsisset.
1840 1027 1881 1061 Id

79 1078 200 1108 autem
225 1084 290 1117 per
313 1073 445 1109 multas
470 1079 506 1109 et
532 1074 722 1117 diligentes
756 1074 1044 1120 observationes,
1078 1077 1193 1112 factas
1226 1078 1408 1121 exquisito
1444 1082 1480 1113 et
1503 1080 1646 1116 minime
1679 1082 1799 1118 fallaci
1824 1084 1879 1120 in-

82 1136 299 1177 strumento,
332 1132 465 1167 salsum
497 1132 708 1168 invenimus.
764 1133 867 1169 Unde
902 1134 1094 1178 concludo,
1132 1135 1226 1170 hanc
1254 1136 1394 1171 stellam
1421 1137 1525 1182 longe
1551 1150 1662 1184 supra
1688 1141 1880 1186 sphaeram

56 1190 242 1234 uun-arem
266 1191 303 1225 in
328 1191 406 1235 ipso
434 1190 534 1226 coelo
553 1190 672 1226 locum
699 1192 861 1226 obtinere
886 1192 994 1238 idque
1018 1198 1120 1229 tanto
1146 1194 1336 1230 intervallo
1363 1207 1383 1230 a
1402 1196 1523 1241 Terra,
1551 1203 1591 1232 ut
1617 1200 1882 1236 semidiameter

76 1248 211 1283 Terrae
244 1259 317 1282 non
351 1249 485 1284 habeat
516 1255 684 1294 respectu
715 1249 794 1294 ejus
828 1251 1034 1286 sensibilem
1069 1254 1328 1299 quantitatem3
1363 1255 1458 1290 unde
1484 1256 1589 1296 haec,
1609 1258 1712 1292 stella
1737 1259 1773 1293 in
1799 1259 1878 1304 ipso

77 1307 179 1342 coelo
206 1307 262 1341 vel
287 1308 324 1341 in
350 1313 477 1343 octavo
511 1307 597 1341 orbe
632 1318 711 1342 cum
736 1307 886 1352 reliquis
911 1309 1010 1354 fixis,
1043 1310 1099 1344 vel
1132 1311 1167 1344 in
1201 1313 1364 1355 proxime
1391 1314 1474 1349 huic
1509 1314 1680 1359 subjectis
1713 1317 1879 1362 sphaeris

76 1366 330 1401 constituetur.
382 1364 486 1409 Quod
512 1371 631 1401 autem
658 1377 730 1400 uon
754 1366 790 1400 in
817 1367 902 1401 orbe
927 1368 1080 1411 alicujus
1106 1368 1335 1413 planetarum
1362 1372 1506 1417 existat,
1533 1374 1617 1408 hinc
1642 1378 1754 1419 patet,
1781 1376 1878 1419 quod

76 1423 175 1459 nullo
201 1425 337 1459 minuto
363 1423 407 1458 ab
433 1433 476 1458 eo
502 1423 600 1469 loco,
636 1424 671 1459 in
698 1435 767 1468 quo
793 1425 946 1468 primum
973 1435 1051 1460 eam
1077 1427 1346 1473 conspeximus,
1380 1434 1479 1465 motu
1510 1432 1658 1476 proprio
1683 1443 1878 1478 progressa

73 1483 130 1527 sit,
158 1482 254 1527 quod
278 1482 356 1517 fieri
388 1483 597 1527 oportebat,
631 1483 661 1518 si
686 1483 722 1516 in
747 1482 869 1526 aliquo
895 1484 1124 1528 planetarum
1157 1485 1244 1519 orbe
1279 1492 1392 1533 esset3
1427 1494 1631 1524 moveretur
1656 1491 1751 1525 enim
1776 1496 1877 1527 motu

74 1541 188 1585 ipsius
215 1541 310 1575 orbis
335 1540 527 1586 peculiaris
561 1546 687 1576 contra
711 1541 816 1585 primi
840 1542 984 1577 mobilis
1009 1543 1206 1587 rationem,
1239 1545 1306 1579 nisi
1332 1547 1368 1581 in
1394 1548 1508 1583 altero
1543 1549 1708 1593 polorum
1735 1550 1877 1585 orbium

74 1599 223 1635 secundi
247 1599 388 1634 mobilis
415 1599 628 1643 quiesceret.
679 1599 761 1634 Toti
787 1600 880 1634 enim
911 1601 1016 1636 orbes
1050 1603 1205 1647 propriis
1240 1603 1335 1648 polis
1368 1606 1523 1640 revoluti
1555 1617 1619 1641 sua
1654 1607 1878 1644 circumdant

75 1660 194 1696 sidera
219 1659 276 1693 vel
301 1658 345 1693 ab
371 1657 442 1693 illis
468 1658 771 1702 circumaguntur.
823 1658 900 1693 Nisi
925 1660 1004 1703 quis
1030 1665 1212 1704 receptam
1235 1672 1255 1695 a
1281 1662 1510 1709 philosophis
1546 1670 1581 1699 et
1613 1666 1874 1702 mathematicis

74 1718 290 1755 sententiam
321 1727 451 1761 negare
484 1716 568 1752 velit
602 1716 771 1760 solasque
809 1717 933 1751 stellas
966 1717 1122 1753 immotis
1155 1719 1303 1754 orbibus
1339 1722 1503 1756 convolvi
1536 1723 1650 1767 (quod
1677 1723 1875 1759 absurdum

74 1780 140 1822 est)
166 1786 340 1812 asserere.
387 1776 480 1810 Hinc
512 1775 691 1818 sequitur,
726 1775 818 1810 hanc
845 1775 986 1810 stellam
1011 1787 1082 1811 non
1108 1788 1187 1812 esse
1224 1778 1382 1823 aliquam
1407 1780 1626 1824 peculiarem
1653 1787 1875 1817 cometarum

73 1836 247 1881 speciem,
280 1845 348 1870 1100
381 1834 530 1878 quodvis
565 1833 662 1868 aliud
695 1834 840 1878 igneum
872 1839 1072 1876 meteoron,
1108 1836 1197 1871 haec
1231 1837 1325 1871 enim
1358 1838 1476 1873 omnia
1508 1839 1640 1873 nonin
1666 1839 1745 1883 ipso
1773 1842 1874 1877 coelo

73 1900 304 1940 generantur,
330 1894 394 1929 sed
419 1892 515 1927 infra
540 1893 680 1927 Lunam
705 1893 740 1926 111
766 1893 952 1937 superiore
977 1894 1069 1929 aeris
1094 1895 1239 1937 regione
1265 1896 1443 1939 existunt,
1479 1903 1519 1931 ut
1545 1909 1667 1933 omnes
1693 1904 1874 1936 testantur

70 1954 291 2000 philosophi,
318 1954 387 1988 nisi
413 1953 492 1997 quis
525 1963 604 1987 cum
630 1951 888 1986 Albumassare
915 1956 1076 1987 statuere
1102 1953 1203 1993 velit,
1230 1960 1388 1989 cometas
1414 1966 1486 1991 non
1511 1957 1547 1990 in
1574 1961 1655 1992 aere
1681 1958 1744 1992 sed
1771 1958 1871 1994 coelo

73 2016 184 2050 nasci.
229 2014 334 2058 Quod
360 2024 404 2048 an
429 2012 507 2047 fieri
525 2011 652 2056 possit,
679 2009 782 2045 nobis
803 2010 961 2044 nondum
981 2015 1134 2055 constat,
1161 2011 1223 2046 sed
1241 2012 1318 2047 Deo
1339 2012 1446 2048 dante
1466 2014 1672 2059 aliquando,
1700 2017 1730 2050 si
1746 2022 1872 2052 nostra

75 2079 196 2109 aetate
223 2073 352 2117 aliquis
379 2070 559 2107 exstiterit
585 2073 736 2113 cometa,
763 2068 840 2112 ejus
864 2069 917 2102 rei
943 2069 1192 2105 certitudinem
1217 2071 1472 2115 inquiremus.“

211 2132 375 2166 Eundem
401 2129 477 2164 fere
503 2128 647 2163 modum
673 2126 821 2162 adhibet
846 2127 970 2171 Tycho
995 2128 1031 2164 in
1060 2129 1433 2173 „progymnasmatis“
1462 2136 1502 2166 ut
1528 2132 1749 2176 comprobet,
1776 2134 1872 2169 omni

71 2189 249 2235 parallaxi
274 2189 433 2224 caruisse
457 2187 551 2222 hanc
577 2186 736 2227 stellam,
770 2191 949 2230 apparatu
974 2196 1058 2220 vero
1091 2186 1231 2221 adscito
1262 2187 1370 2232 longe
1401 2190 1538 2232 majore
1565 2194 1601 2224 et
1626 2201 1713 2226 usus
1738 2191 1871 2226 instru-

68 2248 197 2283 mentis
223 2247 329 2291 longe
355 2245 605 2281 subtilioribus
630 2245 665 2278 in
693 2243 954 2279 constituendis
979 2243 1133 2278 fixarum
1158 2243 1258 2289 locis,
1285 2256 1365 2280 cum
1393 2248 1523 2291 quibus
1542 2253 1727 2294 comparat
1752 2249 1870 2284 locum

71 2307 196 2341 stellae
220 2315 345 2341 novae.
394 2305 449 2339 De
475 2308 696 2339 cometarum
732 2311 815 2336 vero
853 2301 932 2335 loco
970 2301 1062 2336 haec
1087 2301 1136 2337 ibi
1161 2305 1393 2347 pronunciat:
1436 2306 1626 2347 „Cometae
1660 2307 1869 2342 nullatenus

69 2365 163 2399 infra
186 2364 338 2403 Lunam,
366 2369 404 2397 ut
428 2368 501 2398 tam
529 2362 589 2397 diu
614 2361 718 2396 nobis
743 2360 1063 2406 peripateticorum
1087 2361 1246 2403 arguties
1273 2367 1309 2396 et
1334 2364 1536 2407 plausibilis
1564 2365 1781 2409 conjectatio
1806 2366 1868 2400 im-

70 2422 202 2467 posuit,
229 2422 453 2466 coalescunt‚
481 2421 544 2456 sed
570 2431 608 2454 re
634 2430 718 2454 vera
742 2420 776 2453 in
803 2419 882 2463 ipso
910 2419 1056 2454 aethere
1081 2425 1290 2465 versantur,
1324 2427 1364 2455 ut
1390 2423 1622 2466 sequentibus
1648 2423 1748 2458 libris
1774 2425 1868 2459 circa

69 2491 144 2524 003,
171 2479 233 2524 qui
257 2480 430 2524 proximis
455 2481 595 2524 aliquot
611 2480 713 2514 annis
731 2482 987 2523 apparuerunt,
1014 2477 1278 2513 evidentissime
1304 2480 1566 2521 convincemus,
1593 2482 1756 2517 omnibus
1775 2493 1868 2527 quac

65 2540 102 2574 in
128 2539 347 2574 contrarium
378 2538 507 2573 adduci
540 2539 698 2582 poterint
731 2537 879 2572 semotis
911 2536 1146 2570 obstaculis.“
1207 2537 1301 2571 Huic
1333 2537 1376 2572 de
1404 2544 1622 2574 cometarum
1655 2539 1734 2574 loco
1760 2539 1868 2584 longe

66 2609 178 2642 supra
202 2597 343 2632 Lunam
367 2597 485 2641 posito
511 2597 724 2632 theoremati
749 2596 894 2631 innixus
920 2594 1105 2629 contendit
1133 2594 1294 2635 ,coelum
1319 2605 1398 2629 esse
1416 2596 1691 2640 liquidissimum
1709 2600 1744 2630 et
1761 2597 1866 2631 raris-

68 2657 196 2690 simum
221 2653 402 2698 nullisque
428 2654 573 2688 orbibus
599 2654 755 2688 realibus
775 2653 883 2698 (quod
902 2657 955 2687 tot
968 2653 1045 2695 jam
1071 2653 1201 2688 seculis
1218 2653 1363 2697 plurimi
1380 2654 1714 2698 philosophantium
1731 2653 1866 2689 frustra

71 2713 228 2749 credulis
254 2712 531 2757 persuaserunt)
557 2716 794 2756 compactum,
820 2721 934 2755 neque
960 2715 1079 2745 tamen
1106 2711 1162 2745 ob.
1178 2712 1213 2745 id
1240 2722 1320 2746 cum
1346 2715 1429 2746 aere
1455 2711 1663 2747 elementari
1689 2713 1795 2755 (quae
1821 2713 1865 2747 de

68 2772 160 2815 ignis
196 2771 374 2806 elemento
406 2769 499 2804 infra
530 2769 670 2804 Lunam
703 2770 877 2803 collocato
911 2773 984 2803 tam
1018 2769 1078 2803 diu
1109 2769 1341 2804 Aristotelica
1374 2769 1499 2804 schola
1530 2775 1685 2813 nugatur
1715 2781 1864 2814 prorsus

72 2831 254 2874 fabulosa,
288 2829 345 2863 vel
369 2829 448 2873 ipsa
472 2827 724 2862 refractionum
750 2827 911 2862 exilitas.
943 2827 972 2860 si
997 2827 1086 2860 nihil
1111 2832 1313 2871 praeterea,
1349 2827 1435 2861 satis
1462 2837 1641 2871 superque
1674 2829 1866 2873 convincit)

68 2894 218 2924 naturae
245 2887 405 2932 ejusdem
431 2891 466 2921 et
492 2886 715 2921 substantiae
741 2888 858 2920 esse“.
899 2885 1036 2919 Locum
1062 2895 1175 2919 novae
1192 2884 1317 2919 stellae
1343 2895 1452 2929 supra
1478 2885 1622 2920 Saturni
1649 2885 1863 2927 „altissimas

69 2946 360 2982 convolutiones“
398 2943 603 2990 ponendum
636 2952 732 2986 esse,
768 2941 966 2976 certissime
1003 2941 1241 2977 demonstrari
1270 2952 1379 2987 posse
1406 2943 1590 2979 contendit
1615 2943 1738 2988 Tycho
1768 2944 1863 2986 „sive

66 2993 322 3040 Ptolemaicam
347 3003 486 3038 orbium
511 3001 720 3037 coelestium
746 2999 1017 3044 dispositionem
1044 3011 1123 3035 cum
1149 3011 1272 3035 eorum
1298 3000 1406 3045 juxta
1430 3001 1661 3037 Aristotelem
1684 3002 1861 3048 realitate,

67 3074 90 3098 a
114 3072 185 3106 qua
209 3061 318 3096 etiam
343 3060 520 3096 sententia
536 3059 781 3094 Ptolemaeum
798 3059 915 3104 ipsum
934 3062 970 3094 et
985 3057 1178 3102 plerosque
1202 3064 1342 3094 veteres
1362 3070 1432 3093 non
1450 3058 1680 3094 abhorruisse
1697 3064 1859 3105 apparet,

68 3118 357 3165 assumserimus,
383 3118 458 3154 sive
483 3118 590 3153 etiam
616 3116 897 3163 Copernicanam
915 3116 1009 3155 circa
1025 3120 1144 3153 motus
1162 3116 1296 3152 Terrae
1314 3116 1548 3152 anniversarii
1565 3116 1859 3175 speculationem,
