2157 3398
269 164 352 208 646
674 159 912 198 Summarium
936 159 1118 197 Historiae
1142 159 1393 196 Astronomiae
1420 160 1542 197 seculo
1567 161 1661 196 XVI.

269 288 424 329 quantae
450 286 532 318 sunt
558 281 655 326 apud
678 282 776 315 vos.“
826 279 910 322 His,
942 289 1034 323 quae
1061 278 1206 313 Octobri
1230 279 1314 314 anni
1341 280 1429 315 1587
1457 279 1671 322 scripserat,
1705 279 1898 314 Novembri
1923 290 2060 315 correc-

267 344 402 379 tionem
429 341 528 377 addit
552 339 816 382 Rothmannus,
843 348 908 382 pro
935 337 1198 372 semidiametro
1217 337 1348 372 Terrae
1367 336 1626 382 sexagesimam
1652 337 1903 372 semidiametri
1921 343 2061 381 partem

265 411 332 447 pro
358 399 544 435 altitudine
563 397 655 431 aeris
672 396 881 431 sumendam
906 405 984 430 esse
1003 399 1038 430 et
1056 395 1199 430 schema
1224 396 1274 430 ita
1299 396 1565 440 corrigendum,
1591 399 1631 430 ut
1648 395 1711 429 BD
1738 395 1869 430 lineam
1886 396 1951 430 HL
1968 396 2062 431 infra

268 462 393 503 tangat
419 457 455 490 in
480 456 511 490 A
536 456 751 498 (Rothmanni
778 457 1011 487 correctionem
1036 454 1092 494 fig.
1122 456 1173 487 15.
1203 457 1337 497 punctis
1363 455 1574 497 notavimus).
1606 474 1642 478 ——

404 513 592 549 Peculiare
620 512 662 547 de
687 512 932 546 instrumentis
965 511 1038 546 suis
1065 511 1176 546 edidit
1201 511 1323 556 Tycho
1350 522 1461 555 opus,
1488 511 1698 555 inscriptum
1723 511 1983 547 Astronomiae
2007 513 2062 547 in-

266 577 455 610 stauratae
481 569 717 611 Mecham‘ea,
743 569 1009 614 VVandesburgi
1030 569 1129 604 1598.
1163 569 1425 604 Describuntur
1450 570 1687 604 instrumenta
1712 579 1859 603 numero
1878 569 1932 609 ⁶21,
1961 579 2061 603 enar-

267 631 352 665 ratis
372 629 476 664 simul
494 628 599 663 rebus
620 628 747 671 quibus
765 627 1000 661 inservierant
1026 627 1267 672 observandis,
1294 628 1480 672 relatoque
1504 632 1675 672 tempore,
1701 639 1771 674 quo
1797 628 2064 672 excogitaverat

267 690 388 735 Tycho
407 698 499 723 nova
517 698 579 721 seu
598 686 849 722 emendaverat
867 686 1062 720 inveterata
1079 686 1328 721 instrumenta.
1364 687 1405 721 In
1424 697 1519 721 num.
1539 688 1570 729 2,
1601 686 1820 730 „quadrante
1847 686 2061 721 orichalcico

267 746 516 791 azimuthali“,
545 756 615 789 quo
642 756 727 779 usus
756 749 810 779 est
834 745 869 779 in
897 745 1206 779 observationibus
1233 750 1393 779 cometae
1426 744 1508 778 anni
1538 745 1643 788 1575,
1676 748 1820 788 practer
1844 744 1952 778 Nonii
1978 745 2061 779 sub-

272 805 480 840 divisionem
508 803 810 848 deprehendimus
837 802 934 836 illam
961 803 1074 847 ipsius
1100 803 1300 847 Tychonis:
1336 803 1465 847 singuli
1497 803 1608 836 totius
1637 802 1845 845 quadrantis
1871 802 2004 845 gradus
2028 799 2067 836 in

267 875 372 899 senas
396 862 593 908 particulas
620 873 729 906 supra
757 866 791 896 ct
815 861 907 895 infra
927 862 1141 905 dividuntur,
1169 871 1260 906 quae
1287 866 1320 895 et
1340 861 1438 905 ipsae
1458 871 1522 904 per
1540 861 1652 894 lineas
1677 860 1938 895 transversales
1957 860 2062 894 alter-

266 922 378 957 natim
404 921 529 956 ductas
554 921 590 954 in
616 920 708 954 dena
735 919 935 963 aequaliter
960 919 1129 953 distantia
1160 924 1294 963 puncta
1321 919 1454 953 divisae
1480 918 1621 962 singula
1652 918 1788 952 minuta
1823 918 1979 953 discreta
2005 929 2063 952 ex-

269 981 403 1015 hibent.
456 978 587 1022 „Cujus
620 977 802 1013 divisionis
835 977 1091 1011 demonstratio
1126 977 1211 1012 licet
1243 977 1278 1011 in
1312 977 1506 1011 rectilineis
1538 976 1882 1020 parallelogrammis
1917 976 2061 1020 proprie

270 1038 477 1078 conveniat,
514 1036 745 1070 nihilominus
772 1035 975 1069 arcualibus
1011 1036 1117 1069 etiam
1149 1035 1251 1070 lineis
1272 1036 1306 1069 in
1333 1041 1406 1070 tam
1438 1035 1521 1070 exili
1555 1034 1762 1078 intervallo,
1800 1034 1896 1078 quod
1922 1046 1942 1069 a
1967 1034 2062 1069 linea

269 1102 366 1132 recta
392 1097 442 1130 ita
467 1101 506 1130 ut
531 1096 590 1129 vix
618 1095 751 1129 sentias
778 1093 914 1138 differt,
951 1095 1206 1130 convenienter
1239 1095 1475 1139 applicatur.“
1528 1093 1631 1127 Hanc
1665 1092 1875 1127 divisionem
1912 1092 2000 1127 alios
2025 1093 2061 1126 in

272 1156 462 1191 Germania
489 1154 554 1188 sibi
581 1152 787 1188 attribuisse
813 1152 975 1196 queritur
1001 1153 1141 1196 Tycho,
1178 1163 1285 1197 quam
1313 1152 1455 1195 quidem
1481 1161 1567 1185 suae
1594 1150 1689 1185 domi
1715 1154 1944 1194 conspectam
1969 1150 2061 1184 Wit-

265 1214 396 1250 tichius
418 1224 487 1247 una
507 1223 585 1247 cum
604 1210 886 1255 pinnacidiorum
905 1210 1043 1244 ratione
1063 1210 1230 1245 Cassellis
1249 1209 1460 1254 patefecerit
1479 1212 1513 1242 et
1531 1208 1622 1242 forte
1641 1209 1747 1242 etiam
1772 1219 1839 1252 pro
1859 1218 1923 1243 sua
1943 1208 2066 1242 vendi—

265 1272 406 1307 taverit.
455 1271 563 1305 Num.
589 1270 621 1303 i.
648 1272 900 1302 sextantem
929 1268 1178 1302 altitudinibus
1204 1268 1456 1303 inservientem
1482 1266 1722 1310 excogitatum
1748 1277 1828 1300 esse
1855 1277 1884 1300 6.
1906 1277 1937 1300 a.
1961 1267 2060 1309 1578,

266 1330 353 1365 licet
375 1330 434 1364 alii
468 1334 595 1373 postea
630 1327 706 1370 ejus
744 1327 987 1361 inventionem
1022 1327 1090 1360 sibi
1112 1325 1326 1369 'arrogarint
1352 1326 1560 1370 formaeque
1594 1327 1828 1361 variationem
1854 1327 2064 1362 nonnullam

267 1388 481 1423 effinxerint.
509 1388 614 1421 Num.
636 1388 666 1420 ἱ).
686 1384 917 1429 quadrans
944 1384 1126 1419 muralis
1154 1385 1245 1427 [sive
1264 1384 1507 1429 Tychonicus)
1527 1385 1684 1429 perbelle
1704 1396 1857 1420 excusus
1885 1389 1955 1430 est3
1981 1374 2063 1420 con-

267 1448 467 1492 spiciuntur
492 1447 756 1487 observatores,
785 1443 935 1486 scribae,
962 1443 1160 1487 horologia,
1187 1443 1264 1487 ipse
1290 1444 1413 1487 Tycho
1440 1443 1598 1486 adstans,
1627 1444 1729 1487 quasi
1754 1443 1917 1479 indicans
1944 1445 2061 1490 sociis,

269 1505 353 1550 quid
380 1504 640 1539 observandum
667 1504 723 1538 sit.
769 1503 890 1543 „Hanc
917 1501 1073 1544 effigiem
1099 1512 1227 1545 magna
1253 1501 1399 1536 solertia
1426 1502 1605 1546 expressit
1623 1501 1780 1536 Thomas
1801 1502 2061 1548 Gemperlinus,

270 1564 379 1606 idque
404 1567 477 1596 tam
504 1566 763 1605 competenter,
791 1565 829 1594 ut
855 1560 912 1593 vix
940 1559 1088 1594 similior
1108 1560 1182 1593 dari
1208 1560 1357 1604 possit*
1394 1560 1434 1593 In
1454 1559 1521 1594 hac
1541 1559 1633 1594 sicut
1658 1560 1694 1594 in
1713 1560 1793 1594 aliis
1813 1571 1904 1604 quae
1922 1562 2063 1606 Tycho-

269 1622 323 1656 nis
348 1620 512 1654 referunt
538 1620 694 1663 effigiem
718 1618 851 1654 tabulis
879 1618 1100 1661 conspicitur
1121 1617 1312 1660 singularis
1333 1616 1508 1660 quaedam
1534 1617 1674 1651 narium
1699 1618 1824 1660 forma,
1851 1620 1903 1653 ita
1928 1625 1967 1654 ut
1984 1630 2063 1663 per-

270 1678 435 1722 spicuum
461 1678 517 1719 sit,
544 1677 749 1711 inferiorem
767 1681 905 1721 partem
935 1682 1009 1710 arte
1029 1675 1183 1718 quadam
1203 1675 1380 1718 superiori
1399 1674 1543 1709 affixam
1563 1685 1654 1720 esse,
1682 1676 1779 1719 quod
1796 1676 1890 1710 idem
1906 1681 2064 1712 testatur

266 1740 537 1771 monumentum
564 1736 757 1780 Tychonis,
784 1735 880 1780 qnod
908 1745 990 1769 aere
1016 1733 1211 1769 conflatum
1237 1734 1272 1767 in
1299 1733 1387 1767 aede
1413 1733 1587 1775 Pragensi
1613 1732 1830 1768 collocatum
1856 1739 1922 1769 est.
1973 1735 2063 1769 Con-

266 1798 353 1837 stat,
375 1793 500 1837 juveni
527 1793 690 1837 Tychoni
714 1793 903 1829 Rostockii
922 1804 1013 1828 anno
1036 1794 1123 1828 1566
1150 1792 1383 1827 commoranti
1410 1793 1445 1826 in
1464 1791 1659 1826 certamine
1685 1792 1861 1836 singulari
1885 1797 2062 1829 nocturno

268 1863 378 1888 nasus
404 1857 543 1896 partem
570 1852 773 1887 inferiorem
807 1852 1005 1887 abscissam
1042 1861 1131 1886 esse.
1180 1850 1377 1885 Philander
1414 1850 1457 1884 de
1482 1849 1668 1884 Weistritz
1700 1850 1735 1884 in
1768 1851 1841 1884 vita
1867 1851 2060 1896 Tychonis,

267 1922 374 1955 quam
400 1922 444 1945 cx
470 1911 592 1955 lingua
618 1911 754 1945 Danica
782 1910 875 1945 Olufi
902 1910 1029 1954 Bangii
1057 1910 1091 1943 in
1117 1909 1357 1953 germanicam
1383 1910 1489 1943 vertit
1516 1910 1660 1955 (1756),
1696 1910 1823 1955 refert,
1850 1909 2058 1956 Tychonem

268 1969 464 2004 abscissam
490 1980 598 2003 nasus
625 1974 763 2013 partem
792 1980 835 2002 ex
862 1980 948 2003 auro
976 1975 1011 2003 et
1036 1972 1184 2011 argento
1219 1966 1410 2002 conflatam
1438 1974 1474 2002 et
1499 1968 1680 2003 coloribus
1714 1969 1759 2003 ad
1783 1974 1947 2004 naturam
1971 1970 2060 2004 tinc-

265 2032 340 2062 tam
363 2027 577 2071 restituisse,
607 2027 761 2062 addens:
791 2028 923 2068 „Wi1h.
950 2027 1157 2069 Jansonius,
1186 2026 1248 2060 der
1272 2026 1337 2059 mit
1363 2025 1441 2059 dem
1468 2026 1592 2071 Tycho
1618 2028 1638 2060 2
1658 2027 1768 2062 Jahre
1794 2028 1972 2073 umgieng,
1998 2028 2062 2062 hat

269 2086 435 2126 erzahlet,
461 2086 544 2121 dass
563 2086 685 2131 Tycho
712 2085 857 2120 allezeit
884 2087 962 2120 eine
988 2085 1108 2120 kleine
1135 2085 1328 2119 Schachtel
1354 2084 1428 2119 voll
1452 2085 1516 2119 mit
1532 2086 1633 2120 Leim
1660 2086 1747 2120 oder
1766 2085 1872 2120 Salbe
1898 2086 1966 2131 bey
1984 2086 2059 2121 sich

266 2149 359 2189 trug,
385 2145 521 2180 welche
547 2156 585 2179 cr
610 2143 754 2179 allezeit
779 2145 965 2187 brauchte,
994 2143 1059 2177 aus
1082 2143 1138 2178 die
1164 2144 1259 2178 Nase
1284 2156 1327 2178 zu
1354 2144 1515 2180 salbe11“.

403 2204 457 2238 De
492 2203 801 2238 observationibus
834 2204 908 2238 suis
944 2204 1012 2238 hoc.
1044 2204 1113 2238 fert
1148 2203 1270 2247 Tycho
1300 2202 1495 2245 judicium:
1539 2202 1636 2245 Quas
1669 2202 1871 2247 Lipsiisgin
1904 2204 2062 2246 pueritia

266 2260 530 2307 (issa—1509)
549 2262 680 2306 peregi,
707 2261 861 2306 pueriles
889 2267 924 2296 ct
951 2262 1076 2297 dubias
1101 2261 1284 2306 appellare
1304 2261 1417 2295 soleo.
1452 2260 1549 2303 Quas
1567 2271 1651 2295 vero
1669 2268 1797 2306 postea
1817 2263 2060 2305 (1569-1576

266 2320 452 2364 Augustae
470 2319 739 2355 Vindelicorum
758 2325 792 2355 et
809 2321 844 2354 in
862 2321 996 2364 Dania)
1023 2320 1177 2364 adeptus
1204 2329 1300 2362 sum,
1323 2319 1503 2363 juveniles
1523 2324 1557 2353 et
1575 2320 1803 2355 mediocriter
1829 2331 1867 2356 se
1886 2322 2060 2357 habentes

272 2390 373 2415 voco,
425 2379 564 2414 Tertias
590 2383 728 2421 antem,
756 2389 846 2422 quas
871 2378 1103 2423 postmodum
1129 2377 1349 2420 Uraniburgi
1376 2377 1612 2412 exactissimis
1637 2378 1708 2413 illis
1733 2378 1980 2415 instrumentis
2007 2381 2056 2415 di-

268 2449 413 2473 mensus
440 2448 517 2473 sum
537 2437 800 2481 (ww—1597)
826 2436 956 2476 viriles,
982 2440 1077 2470 ratas
1105 2440 1140 2469 ct
1166 2436 1384 2469 certissimas
1411 2435 1555 2479 appello
1582 2440 1617 2470 et
1642 2446 1782 2471 censeo.
1833 2437 1969 2480 Quibus
1997 2440 2057 2474 ob-

268 2496 528 2531 servationibus
555 2496 644 2530 haec
671 2506 707 2529 se
735 2495 898 2529 effecisse
923 2494 1126 2539 praedicat:
1155 2493 1247 2529 Solis
1274 2498 1309 2527 et
1326 2494 1449 2528 Lunae
1476 2494 1637 2530 theorias
1664 2506 1702 2530 se
1728 2497 1938 2532 emendasse
1964 2508 2059 2532 erro-

269 2565 398 2598 resque
422 2555 582 2598 priorum
608 2554 825 2597 correxisse,
860 2553 1012 2587 fixarum
1039 2554 1119 2587 loca
1145 2563 1283 2586 summa
1308 2557 1345 2586 et
1370 2551 1551 2587 infallibili
1584 2555 1815 2590 accuratione
1839 2555 2057 2591 verificasse.

266 2613 442 2647 Theoriae
476 2611 568 2647 Solis
595 2617 630 2647 et
654 2613 780 2646 Lunae
812 2613 882 2646 hoc
915 2615 1054 2645 tantum
1089 2611 1132 2644 ad
1159 2610 1418 2654 perfectionem
1450 2611 1595 2656 deesse,
1633 2613 1730 2656 quod
1755 2614 1872 2647 omnia
1899 2613 2060 2648 nondum

267 2671 431 2716 pluribus
457 2672 587 2708 seculis
614 2673 784 2717 adaptata
812 2678 846 2705 ct
872 2670 1131 2705 universaliora
1155 2670 1297 2704 reddita
1331 2670 1417 2715 sint3
1453 2671 1489 2704 in
1514 2670 1596 2704 fixis
1632 2670 1809 2705 sideribus
1841 2671 1930 2705 nihil
1962 2671 2060 2707 aliud

269 2729 478 2775 desiderari,
517 2741 623 2775 quam
648 2736 688 2765 ut
715 2741 835 2765 eorum
861 2734 981 2763 motus
1008 2728 1221 2763 universalis
1247 2728 1408 2763 redditus
1435 2730 1599 2764 omnibus
1624 2729 1795 2764 mundani
1820 2729 1897 2763 aevi
1924 2730 2054 2765 seculis

267 2787 477 2831 adaptetur,
510 2794 545 2824 et
578 2794 617 2824 ut
643 2787 911 2824 observationes
937 2791 1105 2821 accurate
1130 2786 1364 2822 instituantur
1393 2789 1430 2822 in
1454 2788 1587 2822 Terrae
1618 2787 1840 2822 meridionali
1872 2792 1994 2833 parte3
2029 2788 2059 2823 si

272 2845 350 2888 quis
375 2846 444 2880 hoc
471 2857 560 2890 opus
588 2847 770 2891 suscipere
796 2845 832 2880 in
858 2850 976 2880 mente
1002 2844 1150 2888 habeat,
1178 2854 1233 2888 se,
1260 2855 1330 2888 quo
1357 2845 1473 2880 minus
1499 2845 1738 2880 instrumenta
1764 2850 1800 2880 et
1824 2846 1960 2881 auxilia
1985 2847 2056 2882 huc

271 2902 508 2937 conducentia
536 2904 791 2947 subministret,
818 2913 889 2937 non
916 2903 1195 2938 detrectaturum
1223 2913 1315 2939 esse.
1366 2904 1405 2937 In
1430 2904 1585 2947 planetis
1611 2904 1700 2938 nihil
1725 2903 1823 2938 aliud
1852 2905 2058 2946 „exantlan-

269 2960 371 2994 dum“
400 2966 537 2996 restare
563 2966 677 3005 putat,
706 2973 812 3006 quam
837 2966 878 2996 ut
903 2961 1004 3002 haec,¹
1035 2970 1128 3004 quae
1154 2961 1248 2996 circa
1265 2961 1506 3005 longitudines
1525 2966 1560 2996 et
1577 2961 1786 2996 latitudines
1805 2966 1914 3006 atque
1939 2963 2058 2997 omnia

268 3018 339 3052 huc
363 3019 579 3062 pertinentia
605 3020 710 3054 aliter
737 3031 774 3054 se
800 3020 955 3063 habere,
983 3029 1086 3063 quam
1112 3019 1231 3052 ferant
1256 3020 1409 3054 usitatae
1435 3020 1597 3063 tabulae,
1633 3019 1811 3058 accuratis
1839 3020 2058 3056 observatio-

268 3075 371 3110 nibus
392 3076 467 3120 jam
492 3076 587 3111 ultra
611 3076 654 3111 25
681 3088 793 3112 annos
819 3078 970 3113 coelitus
999 3077 1160 3112 deductis
1186 3077 1411 3122 exploratum
1429 3083 1464 3112 et
1483 3078 1717 3112 constitutum
1742 3077 1820 3121 ipse
1846 3077 1995 3120 habeat,
2020 3078 2056 3112 in

269 3143 380 3169 novos
413 3138 448 3170 et
473 3138 715 3180 competentes
741 3145 896 3170 canones
920 3135 1067 3170 redacta
1091 3134 1249 3170 numeris
1282 3139 1521 3179 exponantur,
1569 3134 1669 3179 Quae
1693 3134 1772 3182 ipse
1795 3135 1953 3171 nondum
1977 3145 2056 3182 per-
