2126 3388
897 155 1000 193 1617.
1028 155 1132 196 1618.
1817 158 1902 203 851

107 276 294 312 Austriae:
323 273 419 313 Cum
450 274 670 313 laboriosae
701 285 778 313 non
809 275 936 313 minus
968 287 1088 325 quam
1117 280 1342 316 sumtuosae
1383 277 1460 315 sint
1500 275 1688 317 editiones
1718 277 1904 328 hujusce·

107 331 224 380 modi,
258 344 304 371 ex
335 345 412 371 una
443 338 551 383 parte
589 333 780 384 solitudo,
823 344 869 371 ex
901 333 1022 373 altera
1053 337 1179 374 tenuis
1219 348 1279 374 res
1317 347 1425 383 mea,
1469 336 1696 376 difficillima
1732 336 1906 376 fecerunt

107 392 295 440 principia
325 393 533 442 pepigique
563 393 794 430 necessitate
826 392 1048 442 compulsus
1080 405 1167 432 cum
1198 394 1413 444 bibliopola
1433 394 1675 445 Augustano,
1708 399 1751 433 ut
1772 407 1905 434 exem-

105 448 211 499 plum
232 449 430 499 Epitomes
452 450 567 499 huJus
590 450 719 488 ederet
740 451 820 488 suis
841 452 1044 499 sumtibus,
1069 451 1172 501 quod
1195 458 1233 491 et
1254 464 1295 491 se
1323 453 1514 491 facturum
1535 455 1679 504 recepit
1708 458 1746 493 et
1767 454 1905 504 Epito-

107 519 194 545 men
226 507 327 546 hanc
358 508 612 546 nundinarum
645 508 1024 547 Francofurtensium
1056 510 1235 560 catalogo
1266 515 1356 550 ante
1379 511 1476 550 duos
1495 512 1661 563 amplius
1692 523 1813 551 annos
1843 513 1907 550 in-

107 567 238 604 seruit.
273 565 525 604 Commodum
550 571 679 604 autem
698 569 919 617 supervenit
946 568 1058 606 nobis
1081 569 1359 620 typographus,
1382 581 1458 619 quo
1481 575 1681 620 praesente
1703 570 1796 609 mihi
1819 582 1907 609 cor-

106 625 274 662 rectione
297 627 377 675 typi
400 631 437 664 et
457 625 659 675 multiplici
682 625 890 664 relectione
911 627 1064 676 speravi
1093 638 1153 665 me
1182 628 1412 677 perfectiora
1434 633 1471 666 et
1492 628 1754 668 emendatiora
1777 630 1906 668 omnia

108 682 380 721 exhibiturum.
424 683 544 732 Atqui
577 688 710 721 contra
741 683 956 734 bibliopola
978 696 1086 722 meus
1118 688 1284 733 gravari,
1317 686 1421 735 quod
1453 686 1576 725 Lincii
1599 693 1747 725 sumtus
1776 692 1905 727 essent

108 740 273 778 faciendi
308 746 344 779 et
376 742 542 790 maj0res
576 747 612 779 et
643 743 863 791 importuno
895 741 994 790 loco,
1027 754 1154 791 neque
1186 747 1314 782 tamen
1337 746 1528 783 remittere
1560 745 1653 782 mihi
1673 747 1904 795 pactionem,

106 811 232 848 neque
267 800 343 848 juri
382 811 452 836 suo
494 799 539 837 de
580 799 713 837 libello
756 799 983 838 excudendo
1033 802 1276 849 renunciare,
1334 802 1555 852 factumque
1596 805 1906 843 cunctationibus

107 858 236 904 variis,
270 863 312 895 ut
343 857 438 896 haec
471 857 592 896 solius
625 857 823 896 doctrinae
855 858 1078 908 sphaericae
1110 859 1228 897 editio
1260 871 1331 898 nec
1370 862 1601 911 inciperetur
1631 867 1720 900 ante
1751 864 1906 913 sesqui-

110 927 252 953 annum
285 928 308 953 a
340 917 518 965 pactione
550 921 683 954 nostra
716 921 753 954 et
783 918 937 966 incepta
968 916 1068 954 ultra
1090 929 1233 954 annum
1264 918 1427 956 alterum
1458 919 1683 967 traheretur,
1716 921 1906 970 adeoque,

107 975 180 1011 nisi
211 978 358 1025 partem
390 979 586 1012 sumtuum
618 975 700 1024 ipse
741 974 1050 1025 suppeditassem
1090 986 1306 1026 operasque
1348 989 1464 1026 quam
1496 979 1604 1027 potui
1636 979 1906 1018 commodissi-

107 1044 190 1071 mas
222 1031 505 1080 conduxissem,
539 1032 764 1083 imperfecta
795 1034 1004 1071 etiamnum
1037 1038 1204 1072 exstaret
1234 1034 1364 1073 editio.

246 1112 354 1154 1618.
401 1113 557 1151 Mortua
599 1113 678 1152 filia
724 1114 945 1153 Catharina.
1007 1114 1151 1164 Scripsi
1195 1119 1233 1153 et
1273 1115 1386 1154 edere
1426 1117 1537 1167 coepi
1568 1116 1905 1159 Harmoniam.

108 1172 183 1211 Die
217 1175 254 1212 8.
276 1171 410 1210 Martii
442 1174 571 1210 animo
604 1178 791 1223 concepta
821 1174 1017 1223 proportio
1049 1178 1266 1224 temporum
1297 1174 1579 1224 periodicorum
1612 1176 1661 1214 ad
1687 1178 1908 1228 proportio-

109 1243 197 1269 nem
228 1230 535 1277 intervallorum,
569 1231 630 1269 die
668 1235 730 1271 15.
763 1231 859 1280 Maji
892 1231 1042 1270 calculo
1075 1232 1327 1282 comprobata
1359 1237 1428 1271 est.

243 1298 461 1332 Harmoniae
492 1296 584 1331 liber
609 1297 668 1332 IV.
696 1308 725 1333 c.
758 1297 865 1332 finem
899 1298 984 1332 anni
1016 1308 1172 1333 excusus
1199 1302 1263 1333 est.
1304 1295 1349 1332 In
1369 1295 1468 1334 libro
1492 1296 1539 1344 V,
1573 1299 1696 1335 scribit
1728 1300 1908 1345 Keplerus

107 1354 270 1390 Blancho
305 1355 404 1391 initio
439 1356 572 1391 mensis
605 1357 833 1402 Decembris,
870 1354 977 1392 tarde
999 1353 1297 1404 progrediuntur
1320 1365 1481 1403 operae3
1505 1357 1636 1405 accipe
1657 1355 1718 1393 hic
1739 1356 1905 1405 primum

108 1411 195 1459 ejus
226 1410 361 1448 folium
393 1412 511 1461 idque
544 1423 630 1449 cum
670 1411 893 1462 bibliopolis
937 1414 1190 1451 communica.
1252 1411 1442 1450 Tradetur
1480 1417 1602 1451 totum
1636 1425 1733 1463 opus
1765 1413 1910 1452 biblio-

108 1468 220 1519 polae
254 1469 568 1508 Francofurtensi
610 1470 920 1520 distraheturque
964 1472 1064 1509 inter
1103 1469 1356 1521 bibliopolas,
1400 1472 1464 1520 qui
1502 1476 1638 1522 postea
1672 1473 1838 1522 pretium
1870 1472 1908 1509 in

108 1529 335 1565 immensum
368 1528 584 1567 intendunt.
627 1529 712 1566 Non
746 1530 954 1567 connivere
986 1541 1157 1580 possum,
1191 1535 1233 1566 ut
1263 1529 1470 1567 recudatur
1492 1541 1588 1580 opus
1614 1532 1652 1566 in
1673 1529 1800 1577 Italia,
1832 1541 1909 1568 non

111 1585 321 1624 divenditis
355 1589 413 1635 iis,
446 1599 546 1637 quae
579 1592 732 1626 exstant
763 1589 804 1625 in
837 1586 1057 1635 Germania,
1091 1588 1164 1624 nisi
1196 1599 1255 1625 me
1288 1588 1413 1636 ipsum
1446 1589 1643 1638 impensis,
1677 1600 1773 1637 quas
1795 1600 1909 1637 mag—

107 1656 177 1681 nas
209 1647 405 1692 sustineo,
449 1648 601 1696 privare
642 1646 771 1684 velim.
833 1645 1074 1693 Praestaret,
1114 1646 1195 1695 jam
1227 1647 1357 1683 statim
1392 1658 1458 1697 per
1488 1652 1720 1685 mercatores
1751 1646 1910 1685 Italicos

108 1702 278 1752 aliquem
320 1716 520 1742 numerum
566 1707 603 1741 in
644 1704 801 1743 Italiam
841 1704 1056 1755 deportari,
1100 1704 1361 1743 intercedente
1400 1710 1601 1755 praesente
1640 1706 1805 1756 pecunia
1842 1708 1910 1743 aut

107 1763 315 1812 sponsione
348 1762 499 1801 idonea.
533 1785 587 1791 -

249 1835 290 1869 In
316 1834 387 1869 fine
419 1835 501 1869 libri
525 1835 567 1870 V.
593 1833 812 1869 Harmoniae
837 1834 1007 1892 legimus·
1041 1831 1276 1870 Absolutum
1311 1836 1370 1870 est
1399 1831 1474 1870 hoc
1506 1844 1603 1883 opus
1626 1831 1687 1870 die
1712 1835 1779 1871 27.
1794 1831 1906 1882 Maji‚

107 1892 258 1930 revisus
292 1903 384 1929 vero
416 1891 513 1929 liber
538 1891 583 1930 V.
615 1892 785 1935 (interim
818 1890 936 1928 dum
940 1890 995 1954 iq
1005 1902 1056 1939 eo
1089 1892 1172 1941 typi
1204 1889 1519 1941 progrediuntur)
1556 1895 1621 1930 19.
1643 1890 1757 1928 Febr.
1785 1894 1909 1929 1619.

245 1957 300 1992 De
334 1957 543 2001 sculpendis
575 1957 698 2001 figuris
733 1957 790 1992 ad
804 1945 1039 1992 Harmoniam
1072 1957 1337 2002 pertinentibus
1372 1958 1445 2002 egit
1475 1957 1657 2002 Keplerus
1690 1967 1756 2002 per
1786 1957 1910 1993 literas

109 2016 257 2060 (partim
291 2015 513 2060 deperditas)
551 2027 629 2051 cum
656 2015 878 2051 Schickardo
910 2026 974 2060 per
1007 2025 1148 2051 menses
1174 2014 1406 2062 Januarium,
1441 2016 1629 2062 Martium,
1656 2015 1850 2052 Octobrem
1875 2020 1912 2052 et

107 2074 356 2109 Decembrem.

245 2132 518 2176 Prognosticum
553 2133 589 2167 in
616 2136 729 2167 annos
755 2133 848 2168 ‘1618
874 2136 909 2167 et
935 2133 1025 2168 1619
1053 2131 1133 2178 (cfr.
1161 2132 1230 2167 vol.
1257 2133 1284 2167 Ι.
1316 2144 1351 2176 p.
1379 2132 1444 2168 431
1476 2133 1543 2176 ss.)
1578 2131 1708 2167 obtulit
1731 2132 1913 2177 Keplerus

111 2191 294 2227 ordinibus
323 2190 524 2232 Lincianis,
558 2191 619 2235 qui
645 2201 709 2235 pro
738 2190 958 2232 „dedicirten
984 2190 1054 2225 vnd
1081 2191 1271 2225 verehrten
1299 2190 1492 2225 Calender“
1521 2190 1680 2235 Keplero
1708 2191 1743 2228 d.
1770 2192 1801 2227 5.
1827 2191 1910 2226 Jan.

112 2251 156 2286 50
179 2249 335 2284 florenos
362 2257 629 2285 concesserunt.
649 2269 691 2273 —
712 2248 837 2283 Sidera
864 2248 1078 2284 observabat
1097 2248 1212 2283 Lincii
1239 2248 1363 2283 diebus
1390 2248 1567 2284 continuis
1585 2259 1606 2283 a
1624 2250 1655 2283 1.
1676 2249 1774 2293 Sept.
1799 2259 1914 2295 usque

111 2308 156 2342 ad
181 2307 289 2342 finem
314 2308 415 2353 anni3
442 2311 601 2343 cometae
626 2312 702 2342 tum
728 2312 802 2341 tres
828 2307 864 2342 in
890 2307 990 2342 coelo
1017 2311 1274 2352 apparuerunt.
1302 2306 1458 2341 Primum
1486 2307 1674 2352 conspexit
1692 2306 1727 2344 d.
1750 2308 1781 2343 1.
1801 2307 1911 2352 Sept„

113 2367 309 2402 secundum
336 2368 368 2402 d.
397 2368 452 2404 520.
478 2367 581 2412 Now,
608 2367 752 2401 tertium
781 2366 837 2400 die
863 2367 920 2403 29.
947 2366 1172 2401 Novembris.
1206 2365 1275 2401 Per
1291 2365 1414 2400 literas
1443 2366 1514 2409 egit
1532 2365 1712 2410 Keplerus
1731 2365 1800 2400 hoc
1818 2376 1911 2401 anno

111 2436 192 2461 cum
210 2425 342 2460 Pisano
371 2425 414 2460 de
440 2425 580 2470 opticis,
609 2436 688 2459 cum
709 2425 893 2468 Mingonio
915 2426 958 2468 (v.
978 2427 1019 2470 s.)
1047 2426 1090 2460 de
1109 2424 1261 2469 salari03
1289 2424 1495 2468 Mingonius
1513 2435 1635 2459 mense
1653 2425 1751 2459 Maio
1770 2424 1909 2459 scribit:

112 2511 264 2523 ......
293 2484 452 2526 „Poterit
487 2484 691 2518 Dominatio
727 2483 857 2518 Vestra
886 2483 1001 2517 Lincii
1040 2484 1105 2518 loo
1130 2481 1166 2517 fl.
1193 2483 1376 2528 recipere,
1411 2492 1519 2526 quos,
1555 2487 1639 2527 post
1672 2482 1804 2517 multos
1839 2493 1910 2516 am-

112 2543 208 2577 bitus
234 2548 269 2577 et
293 2553 420 2587 preces
447 2553 467 2577 a
494 2552 634 2577 camera
665 2541 782 2576 aulica
809 2541 853 2576 ad
879 2542 1094 2576 austriacam
1127 2541 1329 2585 projectus,
1363 2541 1507 2575 tandem
1535 2551 1556 2574 a
1580 2540 1752 2575 ministris
1784 2539 1912 2575 salium

110 2601 147 2635 in
172 2611 323 2645 magnae
355 2600 530 2635 amicitiae
561 2604 597 2634 et
627 2601 761 2644 gratiae
794 2599 935 2643 signum
966 2599 1097 2642 recepi.
1146 2599 1187 2633 In
1218 2603 1344 2633 nostra
1374 2599 1456 2633 aula
1481 2598 1548 2632 dea
1579 2597 1784 2633 nummonia
1819 2597 1907 2633 satis

113 2664 284 2702 angustas
317 2658 426 2692 habet
459 2668 585 2693 manns
619 2663 654 2692 et
684 2668 850 2702 voraces,
885 2657 935 2691 ita
967 2662 1006 2692 ut
1031 2656 1224 2700 aliquando
1251 2659 1333 2691 ante
1364 2656 1606 2700 receptionem
1631 2659 1820 2690 evanescat
1843 2654 1900 2690 vel

114 2719 322 2753 absumatur
348 2715 574 2751 beneficium.
623 2713 856 2759 Exemplaria
881 2714 1109 2757 (Calendarii)
1137 2713 1271 2754 omnia,
1308 2724 1399 2757 quae
1424 2713 1510 2747 mihi
1542 2713 1756 2755 transmisit,
1790 2712 1912 2757 recepi

115 2780 152 2811 et
175 2776 209 2811 S.
235 2774 286 2811 Μ.
313 2780 348 2809 et
373 2774 522 2818 reliquis
549 2774 673 2808 aulicis
700 2773 909 2817 consignavi
936 2772 1078 2807 nomine
1104 2772 1207 2806 Dom.
1233 2771 1398 2806 Vestrae.
1417 2790 1459 2795 —-
1478 2770 1543 2804 His
1569 2769 1678 2804 Junio
1703 2769 1803 2805 addit
1820 2769 1911 2805 Min-

117 2834 263 2878 gonius:
300 2832 476 2868 Pecunias
503 2833 725 2876 scripserunt
753 2836 963 2874 quaestores
990 2841 1054 2874 pro
1083 2829 1214 2864 salario
1243 2829 1379 2873 aulico,
1415 2828 1518 2872 cujus
1544 2828 1675 2862 solutio
1702 2827 1796 2872 apud
1821 2827 1911 2863 istos

117 2901 280 2927 camerae
304 2890 486 2925 ministros
511 2889 667 2924 habetur
691 2900 756 2934 pro
782 2889 936 2923 maxima
962 2889 1088 2933 gratia.
1130 2888 1184 2922 Eo
1212 2886 1429 2930 devenimus,
1458 2890 1497 2920 ut
1522 2885 1753 2930 promeritam
1776 2895 1910 2920 merce-

118 2949 199 2984 dem
225 2948 471 2984 adscribamus
496 2947 672 2982 beneficio
678 2974 796 2982 .....
845 2946 953 2982 Dolui
979 2957 1023 2980 ex
1048 2945 1156 2980 corde
1191 2945 1286 2988 quod
1310 2945 1354 2980 D.
1380 2944 1424 2980 V.
1453 2954 1494 2978 eo
1529 2943 1776 2988 angustiarum
1802 2942 1911 2978 fuerit

115 3006 279 3051 redacta,
314 3011 354 3041 ut
386 3006 431 3041 ad
461 3016 582 3050 regem
606 3004 757 3048 Angliae
790 3009 825 3040 et
858 3010 1001 3040 exteros
1035 3002 1201 3039 statuerit
1236 3003 1479 3038 transmittere
1512 3011 1603 3046 opus
1636 3000 1909 3046 imprimendum

118 3065 373 3110 (Harmoniam)
399 3070 465 3100 etc.
493 3064 568 3108 (cfr.
594 3063 664 3097 vol.
689 3063 732 3099 V.
758 3075 794 3108 p.
821 3065 890 3106 57).
945 3063 1089 3098 Literae
1115 3061 1263 3106 Kepleri
1294 3060 1339 3095 ad
1369 3060 1593 3104 Mingonium
1626 3060 1767 3096 desunt.
1822 3060 1908 3095 Cum

118 3123 248 3170 Remo,
276 3123 413 3169 Crusio,
437 3121 595 3158 Besoldo
621 3125 657 3158 et
678 3121 807 3157 comite
831 3121 978 3157 Alerani
1003 3120 1187 3166 (Blancho)
1218 3118 1414 3164 disputavit
1438 3118 1615 3164 Keplerus
1648 3117 1692 3155 de
1715 3117 1910 3155 Harmonia.

1569 3175 1635 3213 55*
