2157 3398
216 130 303 176 600
623 123 860 163 summarium
885 121 1068 160 Historiae
1092 118 1345 159 Astronomiae
1371 118 1494 158 seculo
1518 118 1616 157 XVI,

217 250 364 281 densitas
390 249 491 287 aeris,
524 256 591 277 non
623 247 657 276 in
683 255 748 286 quo
773 254 833 275 005
859 253 990 284 sumus,
1027 243 1084 274 sed
1114 242 1173 283 qui
1196 242 1311 283 procul
1339 251 1357 272 3
1382 242 1478 272 nobis
1512 242 1616 271 abest.
1642 257 1686 264 —-
1711 239 1798 271 Solis
1824 249 1943 281 corpus
1968 241 2010 271 ad

215 297 351 328 Terram
376 294 620 335 proportionem
648 293 756 330 habet,
791 300 878 332 quae
905 288 991 332 1663
1018 286 1169 330 partibus
1194 289 1234 318 ad
1261 299 1374 330 unum,
1401 288 1524 319 Terrae
1551 287 1726 317 dimetiens
1751 287 1792 317 ad
1817 288 1932 318 Lunae
1957 287 2010 317 di-

216 344 405 373 metientem
436 350 519 382 quae
547 343 597 370 est
622 340 661 369 17
690 338 731 368 ad
756 339 775 369 ὃ
799 338 896 369 ratio.
922 354 965 359 —
991 335 1126 367 Cometa
1157 338 1206 365 est
1235 336 1353 374 globus
1378 336 1413 365 in
1438 333 1529 365 coelo
1557 335 1779 373 constitutus,
1815 334 1873 375 qui
1891 343 1912 363 a
1931 333 2008 365 Sole

217 389 425 420 illuminatus
459 387 606 425 videtur,
645 388 677 415 et
703 385 780 415 dum
804 383 888 414 radii
913 385 1104 421 transeunt,
1131 382 1251 412 barbae
1277 385 1333 412 aut
1358 381 1479 412 caudae
1505 377 1645 418 effigiem
1668 379 1822 413 formant,
1874 378 2012 411 Coelum

219 439 268 466 est
292 435 458 465 sideribus
483 433 645 473 pluribus,
672 431 727 462 sed
752 440 819 461 non
839 430 1015 460 admodum
1042 428 1164 467 densis,
1189 429 1335 468 plenum,
1361 437 1447 469 quae
1466 436 1539 458 cum
1565 427 1618 456 ae'r
1635 426 1785 457 siccesoit
1808 429 1841 457 et
1864 429 2012 456 attenua-

217 488 280 520 tur,
305 482 357 511 rel
383 481 481 510 etiam
506 479 580 508 aliis
607 487 645 508 ex
671 478 779 508 causis
805 475 908 507 oculis
933 475 1054 505 nostris
1080 484 1114 505 se
1140 475 1330 513 subjiciunt.
1379 474 1556 504 Moventur
1583 474 1729 503 comet-ae
1753 473 1880 512 triplici
1899 476 2008 503 motu:

219 528 252 568 1)
279 529 320 558 ab
347 527 469 557 oriente
494 526 528 554 in
553 524 775 564 occidentem,
809 522 900 553 velut
932 522 1038 552 sidera
1064 521 1174 551 omnia
1198 522 1344 560 reliqua,
1374 522 1407 550 in
1441 521 1485 551 24
1510 520 1616 557 horis;
1652 520 1683 556 2)
1702 520 1749 566 *ab
1783 519 1953 549 occidente
1976 520 2013 549 in

223 575 393 612 orientem,
420 572 519 612 paulo
544 571 620 611 plus
647 571 796 600 minusve
821 572 913 609 parte
938 577 1005 598 una
1030 568 1123 606 coeli,
1150 567 1190 597 ad
1215 566 1467 598 similitudinem
1494 566 1650 606 Veneris3
1680 566 1712 606 3)
1731 565 1910 596 secundum
1935 565 2014 595 lati-

217 621 364 651 tudinem
396 619 551 656 maxime,
585 620 622 647 ut
655 615 845 646 incredibili
876 615 1043 645 celeritate
1076 613 1173 644 modo
1208 614 1249 644 ad
1274 615 1427 653 boream,
1459 612 1556 642 modo
1593 611 1634 642 ad
1667 614 1814 642 austrum
1854 611 2012 646 ferantur,

219 666 330 697 Gauda
355 673 482 705 semper
507 663 550 693 ad
575 673 717 702 unguem
742 665 869 703 partem
897 661 966 691 Soli
992 661 1178 702 oppositam
1211 661 1358 700 respicit.
1406 659 1560 689 Movetur
1585 661 1714 689 cometa
1743 657 1836 689 velut
1860 657 2015 699 splendor

218 713 383 754 quispiam
418 712 452 740 in
477 714 549 740 rota
574 713 664 739 rotae
698 712 810 744 motu,
847 718 912 749 quo
938 707 976 738 fit
1001 711 1037 738 ut
1071 716 1198 747 semper
1228 708 1269 737 ab
1303 707 1428 736 oriente
1462 706 1497 735 10
1524 705 1727 735 occidentem
1751 704 1890 743 feratur,
1926 705 2015 744 quod

218 768 314 789 omne
339 756 465 788 coelum
492 757 603 786 taliter
629 757 742 796 fertur,
768 765 835 785 non
861 764 989 795 semper
1014 758 1123 784 tamen
1141 754 1180 783 ab
1201 753 1370 784 occidente
1394 753 1429 782 10
1447 753 1618 792 orientem,
1645 752 1803 791 quoniam
1825 761 1898 782 cum
1914 751 2016 781 fuerit

217 807 251 835 in
279 805 388 845 coelo,
415 805 508 842 cujus
532 803 667 843 plancta
691 802 891 844 retrocedat,
918 802 1083 841 fueritque
1108 801 1143 829 in
1169 810 1205 830 ea
1231 800 1318 830 orbis
1343 803 1450 840 parte,
1483 807 1568 839 quae
1593 800 1706 828 contra
1731 798 1899 836 signorum
1924 798 2014 828 ordi-

222 861 297 882 nem
321 850 434 890 fertur,
461 854 602 880 cometes
629 853 744 879 contra
768 849 935 887 signorum
962 848 1109 878 ordinem
1134 850 1200 876 tam
1226 846 1283 876 diu
1308 846 1504 887 movebitur,
1532 854 1630 886 quam
1656 844 1714 874 diu
1739 847 1771 874 et
1793 845 1928 884 planeta
1952 847 2016 878 etc.

355 906 410 940 De
435 904 744 949 aequinoctiorum
769 904 1068 949 planetarumque
1092 901 1246 936 motibus
1271 902 1362 936 haec
1387 904 1578 935 occurrunt
1594 899 1724 944 partim
1749 899 1912 943 obscura,
1936 910 2016 944 par-

172 965 178 971 '
224 965 289 999 tim
314 963 467 999 insulsa:
495 965 630 996 Coelum
655 975 722 995 non
746 968 896 996 movetur
920 965 986 994 nisi
1011 963 1190 994 secundum
1208 966 1329 1002 partes
1371 962 1445 992 Poli
1464 970 1550 1003 vero,
1577 961 1635 1002 qui
1661 960 1829 1001 quiescere
1854 960 2017 1000 videntur,

223 1024 291 1044 non
317 1023 389 1043 vere
415 1013 607 1053 quiescunt,
644 1012 700 1042 sed
725 1015 757 1042 et
780 1012 847 1052 ipsi
871 1013 1063 1048 moventur,
1090 1013 1120 1040 et
1146 1010 1194 1040 vis
1219 1009 1290 1050 illa,
1317 1018 1401 1050 quae
1426 1009 1461 1037 in
1486 1008 1638 1038 maximis
1664 1009 1712 1037 est
1738 1007 1887 1047 circulis,
1919 1008 2017 1048 quasi

222 1060 369 1091 defluens
403 1063 433 1090 et
469 1069 542 1089 cum
575 1058 705 1089 defluxu
737 1056 797 1088 1110
832 1059 958 1088 coelum
990 1058 1099 1097 ipsum
1132 1057 1338 1096 circumagit.
1388 1054 1440 1086 Ob
1466 1054 1501 1084 id
1526 1055 1587 1085 sub
1614 1063 1695 1084 zona
1726 1053 1849 1083 torrida
1874 1052 2020 1092 plurima

225 1111 257 1137 et
280 1107 479 1147 perfectiora
503 1108 714 1143 generanturg
740 1103 831 1135 velut
857 1105 944 1134 enim
969 1104 1098 1133 animae
1123 1103 1173 1133 vis
1198 1103 1233 1132 in
1260 1102 1373 1142 corde,
1399 1102 1445 1131 ita
1468 1102 1503 1130 10
1528 1100 1637 1130 medio
1664 1097 1785 1131 circulo
1813 1103 1845 1130 et
1868 1098 1959 1130 velut
1982 1101 2018 1131 in

219 1154 351 1183 cerebro
383 1152 584 1192 sapientiae,
618 1152 665 1181 ita
695 1153 729 1181 in
760 1154 862 1184 astro.
912 1149 1115 1191 sphaerulae
1147 1152 1256 1178 autem
1292 1148 1363 1179 dari
1393 1157 1459 1178 non
1492 1149 1649 1188 possunt,
1687 1147 1845 1187 qnoniam
1879 1146 2019 1178 Veneris

220 1197 400 1240 sphaerula
425 1198 467 1228 ad
494 1201 638 1228 centrum
664 1196 785 1227 Terrae
811 1200 908 1236 atque
942 1196 1080 1226 inferius
1105 1195 1300 1236 perveniret.
1351 1195 1566 1235 Accipiamus
1598 1194 1774 1223 manifesta
1805 1202 1865 1233 pro
1892 1202 2018 1235 suppo-

219 1247 308 1276 sitis:
336 1244 423 1276 Solis
449 1244 577 1274 medius
603 1247 722 1283 motus,
748 1253 928 1284 apogaeum
954 1246 986 1272 et
1009 1242 1211 1282 perigaeum,
1240 1241 1354 1271 eadem
1380 1244 1458 1271 sunt
1483 1250 1556 1271 cum
1581 1240 1642 1279 his,
1668 1249 1754 1281 quae
1772 1242 1850 1269 sunt
1867 1239 2019 1280 Veneris,

220 1292 343 1332 Solque
368 1293 439 1329 ipse-
465 1299 594 1330 semper
618 1291 679 1320 sub
706 1291 862 1330 ecliptica
887 1290 996 1319 octavi
1024 1289 1111 1318 orbis
1130 1288 1284 1327 defertur,
1310 1288 1401 1317 illius
1420 1288 1620 1317 mutationes
1638 1286 1859 1327 undequaque
1878 1285 2020 1317 referens

221 1340 256 1368 in
288 1337 497 1376 longitudine
532 1336 788 1377 latitudineque.
837 1335 1075 1376 Anticiparunt
1106 1338 1216 1364 autem
1249 1335 1462 1375 aequinoctia
1493 1342 1621 1374 semper
1640 1333 1697 1370 *ab
1730 1333 1825 1362 annis
1849 1334 1919 1364 400
1944 1336 2020 1364 ante

222 1384 391 1415 Christum
417 1392 521 1424 usque
547 1383 587 1412 ad
613 1383 862 1422 Albategnium,
890 1383 946 1422 qui
964 1382 1073 1412 fioruit
1099 1382 1193 1410 311015
1220 1382 1287 1412 900
1312 1384 1389 1420 post
1406 1379 1583 1418 Christum,
1611 1388 1739 1420 semper
1757 1380 1919 1420 augendo,
1944 1382 2022 1420 post

219 1430 457 1471 Albategnium
490 1433 598 1459 autem
629 1430 871 1471 anticiparunt,
911 1428 968 1459 sed
993 1427 1187 1458 minuendo.
1235 1429 1274 1458 In
1306 1430 1420 1457 octavo
1453 1430 1563 1456 autem
1596 1426 1674 1456 orbe
1705 1430 1879 1456 moventur
1904 1425 2021 1457 stellae

218 1477 397 1507 secundum
423 1477 591 1514 signorum
617 1476 774 1515 ordinem,
806 1477 854 1505 ita
880 1479 916 1505 nt
940 1476 975 1505 in
1003 1476 1067 1505 100
1094 1475 1188 1503 annis
1214 1472 1380 1514 particula
1407 1482 1472 1503 una
1500 1475 1675 1513 superent.
1707 1471 1765 1502 sed
1790 1475 1902 1503 tamen
1928 1473 2019 1503 inae-

219 1522 372 1563 qualiter.
422 1522 572 1552 Mox-etur
597 1526 734 1552 octavus
760 1523 848 1552 orbis
875 1525 966 1552 motu
998 1521 1232 1560 trepidationis
1259 1521 1298 1550 ab
1325 1520 1451 1550 oriente
1484 1521 1516 1549 10
1545 1518 1750 1550 occidentem
1774 1528 1833 1559 per
1857 1520 2020 1549 antarcti-

220 1579 303 1608 cum,
329 1569 515 1607 regrediens
541 1569 576 1598 in
602 1569 759 1599 orientem
785 1578 844 1609 per
863 1568 1132 1608 septentrionem,
1177 1566 1258 1597 Cum
1275 1567 1377 1604 igitur
1395 1569 1506 1596 motus
1531 1568 1621 1596 totus
1647 1565 1690 1595 sit
1715 1565 1759 1595 ad
1785 1566 2021 1607 consequentia

220 1617 403 1656 signorum,
437 1624 568 1645 necesse
604 1618 652 1645 est
683 1614 797 1645 stellas
829 1624 941 1645 omnes
972 1615 1011 1644 ab
1038 1614 1150 1643 Ariete
1184 1614 1225 1643 ad
1252 1612 1415 1643 Cancrum
1449 1613 1553 1653 magis
1587 1612 1627 1642 ab
1661 1612 1863 1652 aequinoctii
1898 1611 2021 1642 circulo

220 1662 377 1691 removeri
403 1662 446 1692 ad
471 1662 607 1691 boream
631 1662 794 1702 nobisque
827 1661 1114 1702 appropinquare,
1147 1669 1230 1700 quae
1263 1668 1338 1689 vero
1372 1662 1447 1690 sunt
1478 1660 1519 1689 ab
1547 1658 1643 1688 initio
1670 1656 1788 1688 Cancri
1821 1658 1864 1688 ad
1901 1659 2023 1689 Librae

219 1709 369 1749 initium,
402 1709 645 1738 transferuntur
669 1707 712 1737 ad
738 1708 939 1748 aequinoctii
971 1705 1127 1737 circulum
1155 1716 1175 1736 a
1200 1707 1362 1747 nobisque
1387 1705 1560 1744 recedunt,
1592 1713 1678 1746 quae
1712 1705 1751 1734 ab
1778 1705 1875 1735 initio
1901 1705 2022 1735 Librae

220 1754 263 1784 ad
288 1754 539 1795 Capricornum,
573 1754 731 1785 recedunt
755 1755 798 1784 ab
824 1754 1028 1795 aequinoctii
1054 1753 1176 1783 circulo
1202 1753 1245 1782 ad
1270 1753 1507 1794 antarcticum,
1533 1750 1682 1792 reliquae
1707 1759 1725 1780 a
1751 1749 1954 1792 Capricorno
1981 1752 2022 1782 ad

217 1802 315 1831 finem
348 1801 493 1831 Piscium
527 1801 567 1830 ad
601 1802 851 1841 aequinoctium
885 1800 1156 1841 appropinquant
1190 1802 1221 1829 et
1253 1799 1293 1828 ad
1324 1808 1395 1831 nos.
1447 1799 1485 1828 In
1517 1799 1585 1829 900
1610 1798 1712 1836 igitur
1743 1798 1859 1839 annis,
1898 1799 2022 1839 quibus

219 1848 355 1877 celerius
380 1847 492 1887 fertur,
521 1849 562 1878 13
588 1851 701 1887 partes
728 1850 871 1886 superat.
899 1848 918 1877 9
946 1846 1080 1886 quidem
1098 1849 1188 1875 motu
1207 1846 1352 1885 proprio,
1377 1847 1398 1876 4
1416 1845 1662 1886 trepidationis,
1690 1853 1886 1884 semperque
1911 1847 2023 1875 motus

219 1894 354 1923 celerior
379 1894 506 1932 evadit,
542 1896 577 1923 ut
603 1903 675 1923 cum
702 1903 720 1923 a
745 1894 890 1924 sectione
917 1891 1067 1923 orientali
1093 1893 1133 1922 ad
1160 1893 1378 1922 antarcticum
1404 1892 1523 1926 fertum
1557 1891 1634 1921 dum
1665 1900 1740 1920 vero
1773 1891 1812 1920 ab
1839 1891 2021 1921 antarctico

219 1939 262 1968 ad
295 1941 497 1970 occidentem
529 1940 562 1970 in
597 1941 663 1971 900
689 1939 762 1969 31115
795 1940 905 1978 aunis,
942 1940 983 1969 13
1016 1939 1169 1978 partibus
1203 1938 1369 1968 similibus
1405 1940 1513 1967 motus
1544 1940 1703 1978 perpetuo
1739 1936 1865 1967 tardior
1897 1937 2020 1970 evadit,

221 1984 317 2024 Quod
344 1987 372 2016 si
396 1987 445 2016 ita
471 1990 528 2025 est,
558 1996 690 2017 necesse
717 1989 765 2016 est
790 1995 873 2016 anno
902 1987 992 2017 1800
1017 1994 1170 2023 magnam
1197 1984 1413 2015 mutationem
1438 1985 1605 2014 facturum
1630 1993 1700 2014 esse
1731 1984 1765 2012 10
1793 1981 1917 2014 Christi
1942 1985 2024 2024 lege,

220 2033 376 2071 quoniam
403 2034 511 2073 capita
536 2036 685 2063 motuum
712 2033 817 2063 octavi
845 2034 932 2063 orbis
957 2041 1023 2062 non
1050 2032 1157 2062 solum
1183 2032 1218 2060 in
1237 2032 1411 2061 contrariis
1429 2031 1511 2060 locis
1529 2032 1634 2067 erunt,
1661 2029 1718 2060 sed
1737 2030 1902 2060 contrario
1921 2030 2020 2061 modo

220 2080 411 2111 movebunt.
454 2079 592 2109 Necesse
618 2083 665 2110 est
683 2080 793 2118 etiam,
819 2079 1032 2119 aequinoctia
1057 2079 1237 2118 anticipare
1254 2077 1368 2107 eodem
1387 2077 1511 2115 ordine,
1537 2076 1696 2117 qnoniam
1715 2074 1771 2107 Sol
1790 2079 1915 2107 motum
1938 2078 2024 2108 hunc

221 2125 384 2158 observat,
411 2143 454 2147 -
479 2125 575 2155 Luna
598 2129 728 2166 praeter
754 2126 773 2156 3
799 2129 906 2155 motus
933 2124 1019 2157 Solis
1045 2126 1064 2155 ⁶2
1091 2123 1173 2155 alios
1200 2124 1313 2161 habet,
1347 2127 1496 2154 movetur
1527 2126 1636 2152 autem
1661 2121 1845 2163 aequaliter
1868 2124 1903 2152 10
1932 2124 2021 2154 orbis

220 2170 386 2208 signorum
413 2171 526 2201 ordine
552 2173 673 2202 circulo
700 2181 817 2210 magno
845 2173 1034 2212 eclipticam
1059 2174 1210 2210 secante,
1244 2172 1337 2208 cujus
1364 2170 1434 2209 poli
1459 2179 1478 2199 a
1501 2170 1589 2210 polis
1616 2168 1787 2208 eclipticae
1813 2167 1852 2199 5⁰
1877 2169 2022 2212 distant3

221 2221 367 2247 movetur
402 2218 542 2248 circulus
567 2219 595 2248 is
622 2219 663 2248 ab
692 2219 814 2249 oriente
847 2219 882 2248 in
914 2218 1128 2250 occidentem,
1179 2217 1251 2247 Hoc
1284 2216 1407 2247 circulo
1440 2217 1495 2257 fit,
1529 2219 1568 2245 ut
1598 2215 1796 2256 quandoque
1831 2216 1927 2247 Luna
1960 2217 2021 2247 sub

222 2261 387 2306 ecliptica,
416 2264 612 2304 quandoque
637 2263 768 2303 longius
794 2274 898 2306 usque
924 2265 967 2295 ad
993 2263 1031 2295 5⁰
1055 2263 1224 2304 procedat.
1274 2263 1384 2293 Motus
1403 2272 1477 2293 vero
1505 2264 1576 2301 ejus
1602 2265 1650 2292 est
1677 2261 1720 2291 ad
1746 2263 1914 2300 signorum
1941 2273 2021 2294 con-

222 2311 393 2349 sequentia
423 2320 481 2351 per
508 2311 569 2342 13⁰
596 2310 669 2352 11¹,
701 2312 870 2352 perigenm
903 2315 1013 2342 autem
1049 2314 1080 2340 et
1113 2319 1276 2351 apogeum
1314 2313 1425 2340 contra
1458 2309 1699 2339 successionem
1733 2308 1795 2339 11⁰
1822 2308 1889 2342 12¹.
1939 2308 2023 2340 Cum

221 2365 296 2386 vero
323 2355 379 2387 Sol
403 2357 502 2387 ferme
526 2361 619 2398 parte
653 2367 721 2388 una
752 2359 876 2388 feratur
897 2360 997 2396 juxta
1029 2358 1195 2395 signorum
1230 2356 1395 2397 ordinem,
1431 2356 1580 2396 sequitur
1612 2357 1649 2384 ut
1679 2353 1765 2385 Solis
1796 2355 1903 2386 media
1932 2355 2024 2386 linea

222 2411 348 2442 semper
371 2403 457 2433 inter
482 2404 606 2434 Lunam
633 2408 664 2434 et
689 2405 794 2444 ipsius
820 2414 983 2444 apogeum
1010 2404 1181 2436 consistat.
1205 2421 1247 2426 —-
1273 2403 1464 2443 Superiores
1484 2399 1665 2442 (planetae)
1692 2410 1805 2432 omnes
1823 2403 1884 2432 hoc
1901 2403 2023 2439 habent

222 2457 403 2488 commune,
431 2452 466 2479 ut
490 2453 616 2480 tantum
642 2450 794 2481 recedant
818 2456 908 2481 motu
928 2450 1123 2490 anomaliae,
1150 2453 1312 2490 quantum
1331 2447 1389 2480 Sol
1412 2448 1640 2490 perambulat:
1666 2448 1715 2477 ita
1740 2448 1830 2488 quod
1855 2458 1928 2479 cum
1947 2452 2024 2479 sunt

222 2495 431 2537 velocissimi,
459 2499 535 2526 sunt
553 2495 622 2527 Soli
640 2497 754 2535 juncti,
774 2507 845 2527 cum
863 2498 1006 2527 1113111010
1022 2496 1260 2534 regrediuntur,
1280 2498 1355 2526 sunt
1373 2494 1443 2526 Soli
1461 2495 1607 2535 oppositi
1626 2494 1845 2536 videnturque
1870 2497 2022 2537 maJ‘ores,

221 2542 317 2580 quasi
343 2541 585 2582 descenderint,
613 2543 688 2573 dum
714 2547 791 2573 sunt
815 2544 943 2573 veloces
962 2546 993 2573 et
1014 2542 1057 2572 ad
1075 2541 1185 2573 Solem
1211 2541 1389 2580 accedunt,
1426 2542 1536 2579 exigui
1570 2541 1670 2570 etiam
1696 2550 1808 2571 versus
1835 2539 2022 2581 eclipticam

223 2587 385 2630 fernntur3
419 2598 492 2619 cum
518 2599 592 2619 vero
618 2590 651 2619 in
678 2590 764 2620 Solis
790 2590 944 2629 opposito
971 2590 1071 2619 ferme
1097 2592 1194 2630 sunt,
1227 2590 1267 2618 ab
1295 2589 1449 2627 ecliptica
1474 2587 1631 2618 recedunt
1656 2596 1872 2629 magnamque
1897 2588 2022 2618 habent

223 2631 438 2664 latitudinem.
491 2635 578 2665 Mars
602 2639 714 2665 tamen
739 2635 915 2666 australior
939 2638 975 2666 fit
1001 2644 1099 2676 quam
1124 2634 1286 2673 borealis,
1323 2634 1404 2665 adeo
1430 2637 1468 2664 ut
1493 2634 1668 2664 discrimen
1704 2635 1747 2664 sit
1770 2635 1913 2675 partium
1939 2634 2021 2665 dua-

225 2687 296 2707 rum
321 2689 393 2709 cum
412 2681 581 2720 dodrante,
609 2685 722 2723 estque
748 2683 777 2712 ei
803 2683 837 2712 id
854 2683 1032 2723 peculiare,
1060 2682 1147 2720 quod
1165 2691 1223 2722 per
1241 2681 1323 2711 duos
1341 2680 1481 2711 circulos
1507 2681 1650 2722 feratur,
1677 2689 1785 2721 neque
1809 2681 1897 2711 enim
1922 2690 2022 2722 super

226 2724 339 2754 eodem
376 2731 483 2757 centro
516 2728 580 2758 duo
613 2729 724 2766 magni
750 2728 862 2759 circuli
888 2732 1034 2759 secantes
1060 2728 1163 2766 magis
1187 2728 1221 2758 in
1247 2737 1314 2758 una
1340 2737 1441 2768 quam
1474 2728 1510 2758 in
1541 2727 1610 2757 alia
1640 2729 1734 2766 parte
1759 2727 1913 2757 inclinari
1938 2736 2019 2766 pos-

227 2773 311 2800 sunt.
358 2771 538 2804 Mercurius
573 2778 603 2804 et
635 2775 746 2805 Venus
779 2776 904 2805 habent
933 2775 1074 2805 similem
1103 2773 1190 2805 Solis
1224 2775 1329 2805 motui
1361 2783 1510 2814 annoque
1542 2782 1608 2803 uno
1635 2773 1806 2804 circuitum
1830 2771 2019 2813 perficiunt.

228 2815 271 2844 At
297 2825 368 2846 cum
393 2817 489 2848 Luna
519 2821 552 2849 in
586 2830 696 2851 mense
731 2821 782 2852 bis
807 2822 951 2852 maxima
985 2822 1105 2862 bisque
1138 2822 1275 2850 minima
1306 2823 1461 2861 apparet,
1495 2821 1545 2850 ita
1576 2819 1756 2850 Mercurius
1790 2822 1839 2849 ter
1872 2821 1905 2849 in
1931 2829 2018 2850 30οο

228 2863 347 2901 major,
380 2865 478 2893 semel
510 2867 614 2895 minor
643 2867 792 2909 videtur,
827 2877 903 2898 nam
935 2868 970 2897 in
997 2867 1146 2898 Geminis
1181 2872 1211 2897 et
1238 2868 1339 2898 Libra
1363 2870 1396 2897 et
1420 2867 1568 2907 Aquario
1594 2865 1799 2896 velocissime
1833 2866 1952 2907 fertur,
1987 2869 2020 2897 et

229 2908 256 2937 si
282 2909 448 2946 contingat
472 2920 490 2939 a
508 2910 582 2941 Sole
606 2915 774 2953 removeri,
801 2914 994 2944 distantiam
1011 2915 1191 2944 maximam
1216 2914 1343 2954 implet,
1369 2914 1403 2942 10
1426 2912 1536 2944 Ariete
1561 2921 1638 2943 vero
1663 2912 1820 2942 minimus
1838 2915 1869 2941 et
1893 2912 2018 2954 tardus,

230 2954 326 2993 quasi
359 2954 393 2983 in
419 2964 565 2995 apogaeo
590 2961 684 2991 esset.
734 2959 814 2990 Cum
839 2961 940 2998 igitur
963 2961 1013 2990 ita
1037 2961 1099 3002 sit,
1133 2969 1239 2999 neque
1265 2959 1438 2991 eccentrici
1468 2968 1575 3000 neque
1606 2958 1744 2999 epicycli
1772 2967 1842 2988 esse
1866 2961 2018 2998 possunt,

229 2998 415 3030 fabulosum
439 3011 513 3032 vero
539 3003 598 3041 sit,
625 3003 752 3035 Terram
779 3010 872 3036 tanto
898 3008 1024 3047 impetu
1050 3007 1145 3037 nobis
1171 3007 1394 3037 nescientibus
1413 3006 1598 3046 circumagi,
1623 3007 1661 3034 ut
1679 3003 1878 3044 Gopernicus
1903 3005 2016 3047 tradit,

230 3054 335 3086 neque
359 3047 592 3079 homoeentriei
622 3051 733 3092 orbes,
758 3051 844 3092 polis
873 3052 917 3084 ad
947 3056 1052 3084 rectos
1083 3053 1288 3094 constitutis,
1325 3052 1548 3093 satisfaciant,
1584 3053 1621 3082 ut
1651 3050 1879 3082 Fracastorius
1910 3055 2016 3095 putat,
