2126 3388
179 143 266 191 984
881 141 964 176 Vita
987 140 1011 176 J
1013 138 1138 174 oannis
1162 139 1320 187 Kepleri.

178 263 276 301 nihil
306 263 368 300 hic
400 265 458 300 est
490 258 729 307 addendum,
775 271 892 307 quum
924 270 1022 308 pene
1055 269 1188 296 omnes
1221 256 1408 307 epistolae
1439 257 1489 295 ad
1530 259 1617 306 ipsa
1646 257 1776 295 studia
1804 257 1965 307 Kepleri

180 321 453 368 chronologica
489 319 720 367 pertineant.
784 316 1038 365 Criigerus
1079 315 1217 355 deinde
1259 327 1360 353 anno
1406 319 1528 353 1609.
1567 314 1777 364 Keplerum
1817 316 1966 354 adierat

182 379 386 428 „quamvis
418 376 464 413 de
494 375 592 412 facie
624 375 842 423 ignotum“,
876 374 995 412 allato
1028 373 1238 412 excusandi
1271 384 1390 410 cansa
1419 372 1543 422 Papio
1575 372 1679 410 illius
1711 375 1859 421 amico;
1896 372 1965 412 sed

179 448 279 474 anno
313 436 463 472 demum
499 435 620 470 1615.
654 444 677 469 a
709 432 880 480 Keplero
914 434 950 469 ei
978 443 1206 481 responsum
1240 436 1316 477 est,
1360 430 1556 468 Straussio
1597 437 1776 468 monente
1808 431 1965 480 Criigeri

179 492 380 542 discipulo.
442 490 540 527 Tum
571 489 776 539 Keplerus,
810 495 1018 538 postquam
1050 502 1091 527 se
1126 489 1171 527 de
1202 488 1443 537 negligentia
1475 490 1678 526 excusavit
1709 493 1747 526 et
1777 489 1965 537 majorem

177 553 230 589 rei
263 550 416 598 culpam
450 550 486 585 in
519 548 754 585 domesticas
785 559 876 584 suas
909 559 968 585 res
1001 546 1164 585 contulit
1195 552 1232 584 et
1263 548 1299 582 in
1333 546 1652 595 demigrationem
1694 546 1761 583 illo
1794 552 1965 596 tempore

177 621 223 646 ex
243 608 370 656 Praga
392 606 569 644 Lincium
601 606 754 651 factam,
790 605 947 654 Criigeri
980 605 1274 654 quaestionibus
1304 603 1469 642 libenter
1502 606 1671 653 acceptis
1703 604 1864 642 eundem
1893 604 1965 642 ad-

178 667 364 712 hortatur,
398 669 439 701 ut
471 664 693 701 inchoatum
725 664 925 701 literarum
948 665 1217 701 commercium
1240 674 1355 711 quam
1389 662 1683 711 diligentissime
1710 663 1964 710 continuaret,

177 735 293 772 quam
325 722 630 760 admonitionem
664 721 726 759 ille
757 723 927 758 maximo
959 721 1104 770 gaudio
1136 726 1292 759 secutus
1324 724 1393 758 est.
1446 721 1561 758 Brevi
1595 721 1764 757 amicitia
1794 724 1872 757 tam
1904 721 1966 757 in-

175 784 269 819 tima
301 780 404 818 facta
436 785 505 827 est,
537 785 581 817 ut
612 791 689 816 non
721 778 836 816 modo
869 780 1000 817 studia
1031 779 1312 829 pertractanda,
1344 777 1464 816 libros
1487 778 1655 816 edendos
1677 779 1774 815 inter
1796 790 1836 815 se
1859 789 1966 816 com-

176 839 434 885 municarent,
475 838 544 876 sed
577 839 693 875 etiam
726 849 859 876 omnes
890 849 950 875 res
983 837 1237 884 domesticas,
1281 837 1364 874 sive
1396 838 1583 885 pecuniae
1616 837 1838 885 angustias,
1881 837 1965 874 sive

175 898 382 934 liberorum
415 901 548 933 natum
582 901 619 934 et
649 902 831 942 mortem,
875 897 957 933 sive
990 896 1087 933 alias
1130 907 1189 933 res
1230 906 1298 944 per
1328 894 1461 932 literas
1503 899 1727 941 tractarent,
1770 895 1824 931 ita
1855 898 1898 931 ut
1927 894 1964 931 in

175 954 372 993 Maestlini
403 954 531 991 locum
563 953 755 1002 Criigerus
788 955 1019 991 successisse
1052 953 1256 992 videretur.
1310 951 1384 1000 Qui
1417 964 1533 1000 quum
1567 965 1634 1002 per
1666 951 1814 1000 aliquot
1845 963 1966 990 annos

178 1013 374 1051 silentium
407 1017 601 1058 servaret,
635 1017 879 1050 astronomus
911 1011 1105 1049 Remum
1136 1013 1285 1049 interim
1319 1010 1490 1058 adierat,
1532 1022 1700 1059 quocum
1729 1021 1806 1047 non
1838 1011 1964 1048 minus

181 1075 315 1120 aperte
349 1070 395 1108 de
427 1070 565 1107 studiis
597 1070 677 1107 suis
710 1070 883 1118 scripsit,
929 1069 1061 1107 addito
1095 1069 1289 1118 quondam
1331 1068 1376 1106 de
1410 1068 1589 1106 diuturno
1622 1068 1780 1116 Criigeri
1812 1068 1966 1106 silentio

179 1129 254 1167 hoc
281 1129 392 1177 joco:
439 1129 582 1180 „etiam
615 1128 806 1176 Cru'gerus
839 1139 945 1164 meus
984 1134 1025 1165 ut
1060 1128 1214 1165 vetulus
1255 1138 1377 1175 equus
1417 1128 1453 1162 in
1499 1127 1674 1164 lacunam
1716 1126 1962 1175 p1·ocubuit.“

179 1187 256 1225 Sed
279 1198 379 1224 anno
400 1189 523 1226 1623.
541 1185 792 1235 epistolarum
815 1187 1082 1223 commercium
1105 1187 1242 1223 iterum
1266 1184 1562 1233 diligentissime
1582 1189 1777 1233 receptum
1799 1185 1967 1222 maxima

178 1257 224 1283 ex
266 1249 375 1293 parte
418 1244 466 1281 ad
508 1244 713 1293 Epitomen
757 1247 794 1281 et
838 1248 1008 1281 cometas
1049 1245 1244 1292 pertinuit.
1278 1243 1366 1289 (Cfr.
1392 1245 1471 1280 Vol.
1498 1246 1558 1280 VI.
1585 1257 1620 1290 p.
1646 1246 1691 1280 23
1715 1255 1764 1280 ss.
1787 1245 1866 1280 Vol.
1893 1245 1970 1280 VII.

178 1306 274 1351 pfi3
289 1306 380 1349 seq.)
423 1302 615 1351 Criigerus
647 1303 798 1350 scripsit
832 1301 954 1350 Aprili
982 1306 1110 1349 1623,
1142 1307 1299 1351 petens:
1334 1306 1400 1350 „tu
1433 1303 1491 1340 vir
1521 1302 1798 1340 humanissime
1818 1312 1970 1339 resum-

178 1366 260 1398 tum
290 1360 364 1398 hoc
395 1362 558 1409 primum
590 1359 789 1398 literarum
821 1360 988 1397 officium
1020 1372 1067 1398 ne
1100 1359 1295 1407 fastidies,
1340 1359 1408 1397 sed
1445 1361 1579 1409 paucis
1618 1359 1850 1409 respondere
1882 1358 1970 1407 dig-

179 1419 281 1456 neris
316 1419 364 1456 ob
398 1430 639 1456 communem
671 1416 897 1456 U1·aniam.“
944 1418 1016 1455 Cui
1047 1419 1235 1467 epistolae
1258 1417 1366 1456 Julio
1399 1430 1529 1456 mense
1561 1430 1585 1456 a
1606 1418 1776 1467 Keplero
1807 1428 1970 1466 respon-

179 1489 264 1514 sum
296 1481 372 1514 est:
410 1475 522 1525 „Quo
553 1477 678 1525 magis
711 1487 780 1513 nos
814 1476 991 1514 omnibus
1015 1476 1162 1514 deliciis
1193 1476 1373 1514 literariis
1406 1476 1549 1525 spoliat
1570 1476 1714 1514 bellum
1737 1475 1970 1514 Germaniae

176 1535 496 1581 funestissimum,
539 1534 613 1572 hoc
643 1533 737 1571 mibi
778 1535 965 1583 gratiores
1006 1534 1111 1572 suere
1153 1538 1244 1571 tuae
1274 1534 1428 1581 literae,
1471 1536 1694 1572 memoriam
1733 1534 1968 1579 deliciarum,

176 1592 295 1631 veluti
329 1592 522 1641 quondam
546 1593 709 1641 Epicuro
740 1593 980 1640 gravissimis
1013 1592 1150 1630 calculi
1184 1591 1380 1630 doloribus
1407 1592 1604 1638 afflictam,
1636 1592 1730 1630 mihi
1763 1594 1818 1630 sic
1847 1591 1968 1629 fatum

176 1652 324 1700 patriae
356 1653 523 1700 gementi
556 1650 787 1699 doloresque
822 1655 859 1687 et
880 1656 1003 1688 metus
1034 1650 1300 1699 impendentes
1328 1650 1646 1699 perhorrescenti‚
1679 1663 1725 1688 ex
1756 1650 1969 1698 longinquo

177 1709 414 1747 refricantes.
476 1708 628 1746 Blande
659 1720 718 1745 me
751 1707 944 1746 demulcet
976 1714 1126 1745 tuarum
1159 1708 1355 1746 literarum
1386 1708 1520 1755 lectio,
1553 1709 1692 1758 dignus
1725 1709 1880 1746 omnino
1915 1720 1968 1755 es,

182 1768 243 1805 cui
277 1768 445 1804 vicissim
477 1767 645 1816 benigne
678 1771 715 1804 et
747 1766 908 1804 delicate
940 1767 1118 1804 faciani.“
1164 1766 1207 1802 In
1239 1778 1424 1816 responso
1457 1767 1580 1815 (Sept.
1617 1766 1743 1816 1623)
1777 1766 1970 1814 Criigerus

180 1830 294 1874 rogat
325 1825 555 1874 Keplerum,
597 1837 644 1862 ne
678 1830 848 1872 apertam
881 1836 1037 1862 suarum
1082 1826 1305 1874 opinionum
1337 1837 1359 1862 a
1391 1824 1638 1874 Keplerianis
1671 1825 1969 1873 discrepantium

181 1883 481 1932 explicationem
514 1895 628 1932 aegre
660 1883 794 1929 ferret,
830 1882 1036 1931 „incolumi
1079 1883 1151 1920 hoc
1182 1894 1332 1932 semper
1370 1881 1481 1920 licuit
1512 1883 1733 1930 amicitia“‚
1777 1882 1970 1931 simulque

181 1942 229 1978 ab
263 1953 307 1978 eo
339 1941 607 1979 renovandum
639 1946 677 1978 ct
709 1941 1012 1978 continuandum
1045 1943 1180 1990 prioris
1213 1942 1408 1978 amicitiae
1440 1946 1583 1979 statum
1619 1943 1740 1991 petit,
1783 1940 1887 1990 quod
1923 1951 1989 1978 00-

179 2002 302 2047 magis
344 2011 385 2036 se
425 2004 668 2049 speraturum
700 1999 851 2046 scribit,
896 1999 1001 2047 quod
1040 1999 1232 2048 Keplerus
1273 1999 1427 2045 dixerit,
1476 1999 1600 2049 Papio
1642 2004 1793 2036 mortuo
1839 2000 1967 2048 ipsum

181 2054 422 2108 (Criigerum)
454 2059 492 2094 in
526 2057 735 2095 Germania
769 2057 1061 2105 septentrionali
1093 2069 1178 2096 esse
1210 2069 1340 2105 unum,
1376 2068 1540 2106 quocum
1574 2057 1620 2096 de
1652 2057 1790 2095 studiis
1821 2057 1970 2106 episto-

178 2115 301 2153 larum
334 2117 603 2153 commercium
635 2115 778 2153 habere
809 2116 945 2164 possit.

320 2173 452 2211 Refert
482 2173 675 2223 Keplerus
705 2178 930 2222 recuperato
963 2174 1087 2211 amico
1118 2173 1198 2211 fata
1229 2185 1300 2211 sua
1331 2184 1398 2222 per
1429 2184 1550 2211 annos
1582 2173 1802 2222 proximos,
1834 2173 1966 2222 matris

183 2243 340 2270 causam
371 2231 563 2271 sorensem
605 2237 643 2269 et
675 2242 775 2280 quae
807 2233 952 2269 interea
990 2222 1193 2281 profecerit
1233 2233 1270 2268 in
1301 2231 1433 2269 literis.
1496 2231 1693 2280 Epistolae
1733 2230 1821 2269 inde
1853 2230 1968 2269 datae

182 2295 220 2328 et
257 2294 440 2339 acceptae
480 2294 570 2328 sunt
609 2301 732 2338 usque
772 2289 821 2326 ad
863 2301 1005 2327 annum
1047 2294 1168 2327 1626.
1222 2289 1414 2338 Keplerus
1455 2294 1633 2327 accurate
1672 2288 1880 2338 respondet
1918 2288 1967 2326 ad

183 2348 342 2396 Crijgeri
375 2350 625 2396 quaestiones
658 2347 704 2385 de
738 2349 854 2384 variis
885 2348 1004 2386 rebus
1036 2348 1316 2394 astronomicis,
1349 2347 1518 2385 referens
1550 2346 1685 2394 simul,
1718 2359 1817 2395 quae
1850 2358 1968 2396 opera

182 2406 344 2444 ediderit
377 2418 554 2455 quaeque
586 2404 736 2444 edenda
766 2407 803 2442 in
834 2407 1034 2454 proposito
1065 2406 1220 2452 habeat,
1253 2407 1350 2455 petit
1383 2406 1566 2451 vicissim,
1601 2411 1642 2442 ut
1663 2406 1809 2443 amicus
1840 2406 1967 2454 ipsum

182 2465 220 2500 in
254 2463 403 2501 calculo
435 2470 610 2502 motuum
641 2463 884 2512 planetarum
918 2463 1098 2512 adjuvet:
1135 2475 1246 2515 „cum
1281 2463 1453 2501 desertus
1485 2465 1557 2500 sim
1580 2476 1603 2501 a
1624 2465 1740 2501 sociis
1773 2463 1965 2510 omnibus,

184 2533 270 2560 cum
291 2521 523 2560 Maestlinus
556 2523 799 2559 consenuerit
829 2533 900 2559 nec
932 2522 1022 2559 ullis
1054 2522 1242 2559 machinis
1274 2521 1336 2559 vel
1370 2520 1419 2559 ad
1450 2522 1603 2559 unicam
1636 2520 1841 2570 epistolam
1871 2521 1968 2559 scri-

180 2579 345 2618 bendam
367 2579 471 2628 adigi
493 2581 626 2630 possit,
650 2580 899 2618 vehementer
920 2581 990 2617 abs
1011 2585 1048 2617 te
1070 2584 1172 2629 peto,
1196 2581 1251 2617 uti
1274 2592 1333 2616 me
1356 2579 1488 2628 aliqua
1509 2581 1635 2618 oneris
1655 2584 1764 2629 parte
1786 2579 1967 2617 subleves

183 2638 552 2687 observationesque
573 2638 816 2687 planetarum
836 2637 1097 2676 Ptolemaicas
1119 2643 1197 2675 tam
1221 2650 1266 2676 ex
1289 2638 1411 2686 ipsius
1433 2638 1589 2685 tabulis,
1623 2649 1738 2686 quam
1761 2649 1805 2675 ex
1828 2637 1968 2675 Prute-

181 2696 276 2733 nicis
309 2701 551 2745 computatas
584 2697 633 2733 ad
664 2708 725 2734 me
757 2693 914 2733 mittas“
950 2703 1022 2734 etc.
1075 2696 1229 2733 Petenti
1253 2695 1436 2744 Criigero,
1473 2695 1756 2748 „tabellarium,
1790 2696 1821 2732 si
1842 2699 1965 2744 potes,

185 2765 381 2801 nunquam
412 2754 487 2792 huc
517 2754 636 2792 literis
669 2765 835 2791 vacuum
859 2752 1048 2802 dimitte“‚
1082 2753 1281 2803 respondit
1302 2753 1518 2802 Keplerus:
1555 2752 1614 2805 „O
1637 2753 1786 2790 nullum
1807 2754 1965 2802 gravius

184 2812 485 2861 probrosiusque
516 2812 611 2850 mihi
642 2824 815 2860 unquam
847 2812 1067 2861 impendeat
1098 2813 1316 2850 servitium!
1358 2812 1481 2849 Pareo
1515 2823 1603 2850 ecce
1624 2823 1809 2861 perquam
1829 2810 1967 2848 lubens

184 2869 465 2918 epistolamque
497 2876 602 2908 tuam
634 2883 657 2908 a
689 2870 794 2907 calce
825 2875 957 2908 retexo
990 2875 1027 2908 et
1058 2883 1081 2908 a
1112 2872 1249 2919 capite,
1281 2871 1429 2918 gratiae
1462 2881 1628 2919 namque
1660 2874 1864 2917 utrumque
1895 2869 1967 2905 ob-

185 2926 309 2964 sident
342 2927 486 2965 aditum
493 2958 637 2968 .....
693 2928 911 2976 Epistolam
942 2933 1048 2966 tuam
1081 2928 1129 2965 ad
1161 2928 1366 2976 Nagelium
1390 2927 1680 2977 (cahbalistam)
1713 2926 1848 2974 aliqua
1880 2937 1966 2964 cum

184 2985 240 3020 ira
268 2984 365 3032 legi,
412 2986 509 3025 adeo
551 2991 587 3023 te
620 2986 877 3035 negligentem
917 2997 1001 3024 esse
1032 2986 1158 3024 famae
1191 2986 1417 3035 decorisque
1459 2986 1538 3032 tui,
1583 2986 1650 3034 qui
1681 2995 1766 3021 cum
1797 2983 1966 3032 palmam

184 3040 257 3077 hoc
287 3046 466 3091 temporis
498 3045 673 3082 obtineas
705 3045 893 3081 acuminis
915 3043 1190 3090 mathematici,
1223 3055 1300 3082 non
1322 3055 1494 3082 reserves
1517 3043 1837 3081 existimationem
1859 3046 1965 3080 tuam

185 3108 370 3138 censurae
401 3102 530 3152 potius
561 3113 734 3141 mearum
764 3101 1090 3151 lucubrationum,
1123 3101 1192 3141 sed
1223 3103 1262 3139 in
1295 3106 1488 3141 certamen
1519 3100 1594 3140 hoc
1624 3099 1967 3141 lutulentissimum
