2126 3388
938 177 1040 216 1618.
1800 173 1885 219 859

85 299 253 339 dictione
285 299 379 337 mihi
408 299 483 338 hoc
515 298 664 347 dicere,
708 302 883 351 „cetera,
925 297 972 337 de
1005 299 1147 348 quibus
1179 298 1348 347 rogasti,
1390 297 1532 336 rectius
1564 308 1631 346 per
1661 294 1884 334 schedulam

85 358 348 410 expedientur,
383 370 498 408 quam
531 363 618 409 post
650 358 798 395 abitum
830 363 938 395 tuum
961 360 1136 407 proxima
1159 358 1364 395 occasione
1394 352 1632 406 mittam“*).
1684 354 1785 393 Hinc
1813 365 1884 403 ego

84 430 193 468 spem
225 418 406 466 concepi,
447 417 527 455 sore
569 422 610 454 ut
642 416 758 465 Dign.
792 416 879 453 Tua
911 417 1094 454 scriberet
1126 417 1174 456 Ι),
1206 416 1261 454 M.
1293 414 1472 461 Hizlero,
1515 415 1728 463 rogavique
1760 414 1885 463 ipsum

85 476 204 514 semel
236 481 353 524 atque
386 477 535 521 iterum,
569 474 716 513 nihilne
748 475 818 513 abs
852 475 970 524 Dign.
1003 474 1090 512 Tua
1120 475 1318 512 literarum
1358 473 1588 523 accepisset,
1633 473 1774 522 quibus
1812 474 1886 510 mei

85 535 197 573 fieret
234 533 412 571 mentio?
464 534 561 571 Cum
592 534 710 581 igitur
748 533 846 570 nihil
889 533 967 571 tale
1005 535 1198 583 acciperet
1239 533 1293 572 M.
1333 531 1534 576 Hizlerus,
1579 543 1624 569 ex
1664 531 1737 568 hoc
1770 531 1886 579 Dign.

86 593 197 631 Tuae
229 592 382 630 silentio
416 593 582 641 conjeci,
617 592 734 638 Dign.
767 592 891 629 Tuam
924 597 1129 642 propterea
1160 592 1415 636 abstinuisse,
1461 590 1550 638 quia
1584 591 1615 627 si
1649 589 1741 638 quid
1773 591 1887 627 etiam

85 651 331 690 scribendum
363 655 465 689 esset
497 650 546 688 ad
579 650 625 687 D.
658 649 858 687 Hizlerum
891 650 936 688 de
968 651 1043 688 hoc
1075 649 1309 688 exclusionis
1341 649 1520 696 negotio,
1554 647 1592 685 id
1623 648 1716 685 mihi
1748 647 1888 686 adver-

87 722 172 748 sum
206 721 330 758 eoque
361 711 555 758 ingratum
585 709 755 746 futurum
788 710 1090 754 existimaverit,
1132 709 1224 756 quia
1256 720 1317 746 sc.
1361 706 1520 744 videbat
1552 718 1597 744 ex
1631 719 1715 744 mea
1747 706 1890 744 scheda

87 769 291 817 Tubingae
324 768 373 806 ad
405 779 446 805 se
477 769 606 813 missa,
642 778 702 804 me
734 766 837 804 nolle
870 767 1010 817 depelli
1039 767 1087 804 ab
1113 768 1338 816 exceptione
1361 777 1447 803 mea
1470 770 1601 803 contra
1623 765 1760 802 librum
1785 765 1889 802 Cou-

92 826 260 866 cordiae.
322 825 523 876 Perpeude
557 826 802 863 occasionem
836 825 1020 874 querelae
1055 830 1092 863 et
1125 836 1315 875 cognosce
1348 825 1527 869 obsecro,
1562 823 1668 861 illam
1700 823 1889 861 immode-

88 890 188 924 stam
219 896 294 923 non
328 885 459 931 fuisse,
492 896 563 922 nec
594 885 753 935 petiisse
785 884 917 922 literas
950 885 1061 932 quasi
1094 883 1142 921 ad
1175 896 1234 922 me
1266 885 1393 933 ipsum
1426 881 1659 929 exarandas,
1700 882 1766 920 sed
1799 894 1890 932 pro-

88 945 227 983 fectam
260 955 345 982 esse
377 955 424 982 ex
456 944 584 981 auimo
617 944 762 988 saucio,
795 948 999 993 propterea
1032 941 1135 991 quod
1167 954 1234 992 spe
1268 942 1392 979 excidi
1424 941 1724 980 intercessionis.

229 1001 344 1051 Quod
376 1003 492 1051 igitur
524 1000 652 1039 dolere
684 1006 721 1039 te
754 1002 831 1047 ais,
865 1001 970 1050 quod
1001 1001 1270 1039 auxiliatorem
1303 1001 1491 1050 excipiam
1526 1000 1652 1037 verbis
1684 1000 1890 1037 acerbissi-

90 1063 183 1100 mis:
216 1062 466 1099 acerbitatem
499 1072 571 1109 ego
603 1059 749 1098 nullam
780 1071 1029 1109 recognosco,
1063 1071 1163 1109 quae
1197 1059 1341 1096 directa
1373 1060 1423 1096 sit
1451 1059 1492 1095 in
1524 1057 1568 1095 R.
1604 1058 1720 1106 Dign.
1753 1058 1889 1105 Tuam,

92 1125 132 1159 at
163 1120 281 1158 talem
313 1121 468 1157 omnino
501 1119 752 1157 acerbitatem
784 1118 925 1165 fateor,
972 1131 1049 1167 qua
1083 1119 1201 1156 animi
1244 1120 1318 1155 mei
1352 1116 1460 1155 dolor
1502 1118 1752 1166 exprimatur,
1797 1128 1891 1154 con-

93 1184 228 1229 ceptus
261 1191 307 1217 ex
338 1179 612 1215 ratihabitione
645 1177 760 1226 hujus
791 1189 901 1215 meae
934 1177 1180 1215 exclusionis.
1232 1176 1272 1215 Si
1304 1176 1404 1214 falsa
1436 1177 1636 1226 imputavi,
1668 1186 1743 1212 non
1772 1186 1891 1213 renuo

92 1237 230 1289 plecti3
274 1238 332 1275 sin
366 1249 476 1284 vera,
511 1235 614 1286 quod
648 1236 795 1274 scilicet
826 1235 1016 1283 theologi,
1055 1237 1120 1284 qui
1152 1234 1339 1273 formulae
1372 1233 1602 1273 concordiae
1633 1235 1891 1280 subscribunt,

91 1297 238 1334 saciant
282 1307 327 1334 ex
361 1295 400 1334 S.
435 1295 568 1333 Coena
609 1300 794 1332 tesseram
833 1294 1200 1345 particularissimae
1238 1293 1342 1330 illius
1381 1293 1653 1340 confessionis,
1698 1304 1798 1341 quae
1838 1298 1894 1330 est

93 1354 371 1405 comprehensa
404 1355 441 1391 iu
473 1354 572 1391 libro
606 1353 866 1399 Concordiae,
899 1353 965 1391 illa
998 1353 1177 1402 equidem
1207 1352 1421 1401 theologis,
1466 1353 1530 1400 qui
1563 1363 1602 1389 se
1635 1356 1737 1389 recte
1769 1351 1894 1388 facere

92 1414 344 1459 arbitrantur,
378 1413 570 1451 acerbitas
603 1417 670 1449 aut
704 1412 948 1462 exprobratio
981 1412 1100 1450 videri
1133 1423 1210 1448 non
1244 1411 1376 1457 debet,
1420 1415 1486 1448 aut
1518 1412 1549 1447 si
1580 1410 1771 1448 acerbitas
1802 1410 1896 1460 ipsis

92 1472 266 1519 videtur,
311 1476 474 1522 possunt
517 1483 601 1509 eam
644 1472 717 1521 ipsi
750 1472 950 1518 mitigare,
983 1469 1240 1509 concedentes
1273 1469 1365 1506 mihi
1399 1469 1626 1507 beneficium
1660 1468 1773 1516 illud,
1818 1479 1894 1516 quo

92 1530 264 1581 gaudent
305 1530 478 1581 plerique
517 1529 702 1567 laicorum
745 1529 999 1580 simplicium,
1043 1531 1107 1578 qui
1148 1540 1223 1567 non
1254 1529 1440 1577 jubentur
1478 1527 1728 1565 subscribere.
1793 1526 1894 1575 Quid

92 1601 210 1641 pecco
250 1601 341 1640 prae
381 1588 485 1626 illis?
536 1587 770 1626 Stultescere
809 1594 977 1638 oportet,
1021 1588 1163 1636 inquis.
1225 1588 1363 1633 Facio,
1407 1588 1558 1636 quoties
1601 1585 1649 1623 ad
1691 1597 1801 1623 sacra
1833 1597 1893 1623 me

92 1659 296 1699 compono,
331 1647 508 1686 valedico
541 1648 645 1684 omni
677 1647 843 1684 acumini
876 1646 1033 1684 humani
1068 1647 1225 1694 ingenii.
1288 1645 1363 1684 Cur
1395 1657 1472 1683 non
1503 1651 1545 1682 ut
1575 1643 1738 1694 simplex
1770 1644 1893 1682 laicus

92 1707 283 1758 recipior?
335 1705 375 1744 Si
407 1706 481 1744 boc
513 1705 705 1754 theologis
738 1710 872 1743 movet
901 1707 1176 1755 suspicionem,
1209 1704 1313 1753 quod
1343 1716 1481 1742 recuso
1503 1704 1756 1750 subscribere,
1791 1702 1895 1751 quod

92 1778 170 1805 non
203 1767 297 1804 facit
327 1764 490 1814 simplex
521 1764 665 1802 laicus:
709 1763 881 1812 theologi
921 1764 1013 1801 mihi
1044 1765 1149 1814 prius
1182 1764 1443 1814 suspicionem
1476 1767 1655 1809 movent,
1699 1761 1802 1811 quod
1835 1773 1894 1800 me

88 1826 228 1876 jubent
259 1824 511 1870 subscribere,
546 1835 630 1861 cum
662 1834 738 1860 non
767 1823 933 1872 jubeant
962 1822 1104 1861 laicum
1137 1823 1366 1871 simplicem.
1427 1821 1663 1871 Simplicitas
1695 1831 1773 1858 non
1805 1832 1895 1869 per·-

92 1885 256 1922 mittitur
288 1884 335 1928 ei,
368 1894 391 1920 a
423 1893 501 1931 quo
529 1881 720 1930 judicium
751 1882 977 1931 requiritur,
1011 1881 1114 1930 quod
1146 1881 1211 1918 ille
1244 1886 1405 1919 testetur
1435 1878 1728 1918 subscribendo.
1790 1878 1894 1917 Sub-

93 1943 251 1992 scriptio
288 1942 568 1991 praesupponit
611 1940 968 1989 comprobationem
1007 1942 1177 1978 omnium
1221 1944 1258 1977 et
1288 1938 1550 1988 singulorum,
1593 1949 1692 1987 quae
1734 1939 1893 1976 suntin

93 2002 192 2040 libro
222 2001 449 2050 perscripta.
513 1999 635 2047 Atqui
676 1998 800 2037 multa
838 2004 929 2036 sunt
967 2010 1042 2036 non
1086 1998 1229 2036 directe
1269 1998 1507 2047 dogmatica,
1553 2009 1652 2046 quae
1687 2008 1761 2034 non
1796 2008 1894 2045 opus

94 2065 152 2100 est
184 2059 427 2098 subscribere
458 2059 532 2095 nisi
574 2057 702 2104 illum,
745 2058 810 2106 qui
844 2058 1137 2095 concionabitur
1167 2057 1333 2107 populo,
1366 2062 1408 2094 ut
1440 2062 1625 2095 caveatur
1656 2055 1825 2093 schisma
1856 2056 1894 2092 in

94 2118 271 2158 ecclesia.
335 2117 432 2155 Sunt
464 2118 581 2155 etiam
612 2117 793 2165 plurima,
825 2117 862 2152 in
896 2117 1036 2165 quibus
1070 2116 1189 2153 dubia
1221 2121 1278 2153 est
1311 2117 1565 2162 constructio,
1599 2114 1739 2152 dubiae
1770 2115 1895 2164 parti-

94 2177 205 2216 culae
236 2176 447 2223 relativae3
480 2175 527 2213 de
561 2176 700 2223 quibus
733 2176 764 2212 si
797 2186 992 2224 quaeram,
1027 2176 1201 2213 curiosus
1232 2174 1399 2221 habeor,
1433 2175 1463 2211 si
1495 2185 1570 2211 non
1607 2185 1802 2222 quaeram,
1834 2174 1895 2222 ig-

92 2248 203 2283 noro,
238 2236 302 2284 qui
335 2235 452 2283 igitur
483 2234 737 2272 subscribam.
800 2232 950 2282 Collegi
983 2233 1116 2271 talium
1150 2232 1352 2271 dubiorum
1379 2237 1430 2271 60
1464 2244 1509 2270 ex
1542 2232 1704 2270 articulo
1738 2231 1784 2269 de
1805 2243 1895 2281 per-

93 2307 190 2334 sona
221 2294 374 2333 Christi.
436 2293 523 2330 Non
563 2292 724 2341 impedit:
761 2303 821 2330 me
853 2292 950 2330 haec
981 2293 1220 2341 ignorantia,
1265 2293 1471 2341 quominus
1514 2291 1617 2328 bona
1659 2291 1895 2329 conscientia

93 2355 242 2404 possim
276 2352 578 2397 communicare,
619 2363 704 2389 cum
737 2350 931 2388 sufficiant
964 2351 1083 2388 verba
1115 2350 1256 2388 Christi
1287 2350 1502 2388 Bibliorum
1535 2350 1668 2387 brevia
1701 2354 1738 2388 et
1769 2359 1894 2398 pauca

92 2423 274 2450 numero:
308 2416 349 2448 at
380 2410 542 2459 impedit
573 2421 646 2457 me,
678 2413 721 2448 ut
751 2421 830 2447 non
862 2409 1025 2448 debeam
1059 2409 1323 2457 subscribere,
1355 2415 1398 2446 ut
1428 2420 1476 2446 ne
1508 2407 1642 2446 videar
1672 2409 1893 2446 auctoritati

91 2473 223 2522 potius
255 2469 498 2507 subscribere
531 2480 647 2517 quarn
679 2468 849 2506 veritati.

183 2550 186 2552 ψ
232 2528 412 2577 Celebrat
442 2527 489 2565 R.
522 2527 639 2576 Dign.
672 2527 759 2564 Tua
790 2542 888 2565 κατα
918 2530 1028 2565 &som
1058 2538 1184 2564 meam
1216 2526 1254 2562 in
1287 2526 1524 2563 astronomia
1546 2525 1818 2573 cognitionem,
1851 2528 1894 2560 ut

94 2585 171 2627 κατ’
209 2585 320 2636 ἄρσιν
351 2585 588 2635 theologiam
620 2584 713 2623 mihi
744 2590 872 2634 neget.
924 2583 1083 2623 Utinam
1126 2587 1241 2622 etiam
1280 2583 1386 2620 illius
1419 2584 1765 2628 oblivisceremini;
1804 2593 1892 2618 nam

92 2645 248 2684 videtur
278 2644 347 2681 illa
377 2644 489 2681 vobis
522 2645 707 2681 incentivi
745 2643 833 2681 loco
873 2655 957 2682 esse
996 2643 1045 2681 ad
1077 2655 1138 2680 me
1175 2647 1397 2691 suspectum
1439 2641 1670 2679 faciendum.
1736 2639 1892 2688 „Quare

91 2716 168 2743 non
212 2703 298 2741 vult
336 2701 607 2740 subscribere?
656 2702 844 2740 Nimirum
885 2703 977 2750 quia
1013 2702 1293 2739 astronomicas
1336 2699 1573 2738 subtilitates
1613 2701 1651 2736 in
1694 2698 1894 2746 theologia

93 2759 285 2812 quaerit.“
341 2759 513 2797 Obsecro
535 2762 683 2809 parcite
704 2760 817 2797 vobis
849 2761 956 2809 ipsis,
988 2771 1036 2797 ne
1058 2761 1249 2797 insontem
1282 2758 1345 2796 hic
1376 2770 1462 2796 curn
1494 2757 1718 2795 exclusione
1748 2757 1892 2805 punia-

91 2823 154 2861 tis.
214 2821 302 2859 Non
345 2818 542 2856 subtilitas
586 2823 644 2856 est
685 2819 850 2866 ingenii,
893 2818 960 2855 sed
1004 2818 1224 2855 aestimatio
1265 2816 1464 2854 charitatis
1505 2816 1695 2853 fraternae
1728 2816 1783 2862 (in
1817 2826 1892 2864 qua

91 2879 189 2918 nulli
220 2877 456 2928 parcendum
488 2881 547 2914 est
578 2876 781 2925 acumini),
827 2876 930 2924 quod
975 2887 1065 2922 eos,
1110 2877 1174 2924 qui
1215 2886 1300 2912 cum
1340 2875 1572 2922 antiquitate
1610 2873 1823 2922 loquuntur
1854 2879 1891 2911 et

92 2941 412 2986 argumentantur
443 2934 553 2985 (quid
586 2936 686 2972 enim
720 2946 805 2972 cum
837 2935 1070 2982 antiquitate
1092 2934 1234 2970 sentiat
1256 2933 1432 2980 quisque,
1466 2932 1575 2970 Deus
1596 2935 1893 2981 καρδιογνωστης

88 2994 264 3048 judicet),
298 2995 481 3033 damnare
512 2993 617 3040 nolo,
650 2992 718 3031 sed
750 2992 839 3030 illos
870 2994 1001 3042 potius
1023 2990 1219 3040 loquendo
1242 2992 1394 3037 imitari,
1428 3001 1543 3039 quam
1565 2990 1768 3028 formulam
1797 3001 1891 3028 con-

230 3131 261 3176 ἢ
287 3134 348 3165 His
373 3131 626 3164 Hafenrefferus
652 3131 846 3172 adscripsit:
880 3139 939 3170 ego
968 3130 1159 3170 exspectavi
1185 3129 1293 3170 ipsius
1317 3127 1446 3169 literas,
1482 3138 1522 3161 ne
1547 3138 1707 3161 novarum
1733 3129 1890 3172 scriptio-

92 3191 172 3214 num
194 3182 331 3213 initium
354 3179 508 3213 facerem.
