2126 3388
215 220 328 266 1026
892 215 975 252 Vita
998 214 1149 253 Joannis
1175 216 1332 263 Kepleri.

213 338 427 378 Harmonia
467 336 582 373 etiam
625 335 662 370 in
701 344 867 381 errores,
911 334 1053 382 quibus
1095 336 1355 373 astronomiae
1396 344 1500 371 nova
1536 333 1711 382 jacturus
1752 332 2002 372 fundamenta

212 397 419 446 implicitus
452 397 543 439 erat,
575 402 653 429 non
684 391 834 429 dubitet
865 391 1046 431 inducere
1076 392 1241 431 lectores
1273 393 1361 445 („ut
1402 396 1511 429 tanto
1550 391 1688 429 melius
1726 397 1896 439 constet,
1936 403 2002 429 cur

211 455 311 492 hanc
340 452 582 503 potissimum
614 450 718 487 viam
750 447 948 498 iverim“).
991 450 1218 500 Epitome
1250 450 1591 488 Astronomiae
1625 449 2000 499 Copernicanae

211 523 324 557 vero,
356 509 406 547 ad
437 520 552 558 quam
583 519 685 545 nune
716 508 936 554 transimus,
967 507 1007 544 id
1037 508 1156 546 habet
1185 509 1290 555 novi,
1323 507 1427 557 quod
1458 508 1496 543 in
1527 519 1574 545 ea
1603 507 1796 556 Keplerus
1827 508 2001 556 magistri

209 570 290 617 agit
319 572 448 617 partes
480 572 517 604 et
549 565 653 614 quod
683 577 835 603 summa
865 566 1010 614 ingenii
1040 567 1080 603 vi
1112 567 1401 615 excogitaverat
1439 565 1541 603 idem
1572 566 1669 603 mira
1708 564 1866 603 solertia
1904 566 2000 602 tiro-

208 628 322 664 nibus
361 623 510 662 tradere
542 624 720 661 instituit.
794 622 870 671 Qui
908 623 1005 661 liber
1044 628 1153 661 tanta
1193 624 1430 674 compositus
1471 628 1529 661 est
1570 623 1843 673 perspicuitate
1884 627 2001 671 atque

209 684 420 729 evidentia,
454 687 495 718 ut
526 683 573 718 iis
605 682 670 730 qui
704 681 788 729 ejus
821 680 867 718 de
900 680 1025 719 Marte
1047 681 1109 719 vel
1133 681 1179 719 de
1201 681 1417 719 Harmonia
1446 680 1585 718 librum
1606 681 1863 730 perlegerunt,
1895 691 2002 717 sum-

208 754 310 779 mam
343 747 498 777 moveat
531 739 842 785 admirationem,
875 750 1001 788 neque
1034 738 1191 776 dubium
1225 745 1294 788 est,
1328 740 1419 789 quin
1453 750 1498 776 ea
1528 750 1588 776 res
1620 740 1692 788 ipsi
1716 740 1812 775 mira
1832 739 1880 775 sit
1904 739 2000 782 visa,

207 801 350 849 quippe
382 799 447 846 qni
480 797 594 834 modo
623 797 713 845 Joeo
746 796 860 833 modo
892 798 992 834 serio
1024 797 1149 834 soleat
1181 796 1226 835 de
1248 802 1390 846 agnato
1414 797 1660 834 obscuritatis
1691 797 1787 833 vitio
1819 796 2000 844 conqueri

206 857 332 905 (velut
364 856 584 904 Brenggero
618 856 742 892 amico
774 855 925 892 scribit:
974 866 1116 907 „quam
1149 856 1187 892 in
1219 860 1285 892 tuo
1318 855 1421 905 stylo
1454 854 1652 892 mirificam
1685 854 1999 904 perspicuitatem

206 914 419 960 exosculor,
454 925 499 951 ea
529 912 623 949 mihi
656 912 823 950 naturali
856 914 951 949 vitio
990 924 1106 963 saepe
1140 911 1306 961 deest“).
1369 911 1470 961 Quin
1503 914 1620 950 etiam
1659 916 1767 949 tanta
1806 916 1864 949 est
1894 910 1998 948 illius

206 973 402 1022 Epitomes
435 971 690 1021 praestantia,
734 975 776 1007 ut
806 971 888 1008 sine
929 982 1069 1019 magno
1107 970 1241 1009 labore
1272 973 1310 1008 iu
1354 969 1625 1020 compendium
1657 970 1917 1007 astronomiae
1949 967 1999 1006 ad

203 1031 320 1079 hujus
352 1031 490 1067 aetatis
523 1041 633 1066 usum
665 1029 789 1078 possit
820 1029 1003 1074 converti,
1038 1033 1155 1077 atque
1186 1030 1268 1067 sine
1301 1028 1419 1066 dubio
1452 1028 1591 1076 majori
1622 1029 1708 1065 usui
1750 1027 1847 1065 foret
1878 1038 1994 1076 quam

203 1088 313 1126 multi
351 1086 541 1136 ejusmodi
581 1087 691 1133 libri,
733 1097 830 1135 quos
871 1087 1055 1135 proximis
1094 1088 1250 1136 triginta
1288 1087 1399 1124 annis
1441 1086 1586 1124 librarii
1627 1097 1769 1134 magna
1798 1085 1996 1122 hominum

204 1145 376 1184 discendi
408 1144 619 1193 cupiditate
652 1143 808 1193 impulsi
841 1143 1112 1193 vulgaverunt.
1173 1144 1218 1181 In
1251 1156 1296 1182 ea
1328 1144 1518 1182 elementa
1539 1144 1810 1190 astronomiae,
1844 1143 1996 1192 qualem

201 1204 395 1253 Keplerus
428 1214 511 1240 eam
545 1201 591 1239 de
623 1204 771 1250 integro
801 1201 1051 1249 fundaverat,
1091 1202 1395 1240 luculentissime
1435 1207 1678 1251 exponuntur
1709 1206 1747 1239 et
1776 1212 1837 1238 res
1867 1201 1916 1239 ab
1949 1212 1995 1238 eo

201 1264 381 1300 inventae
413 1261 597 1309 legesque
627 1261 676 1297 ab
700 1271 745 1297 eo
777 1265 946 1297 statutae
979 1271 1063 1297 eum
1095 1260 1246 1309 reliqna
1267 1261 1526 1298 astronomica
1557 1258 1761 1308 disciplina
1781 1263 1870 1308 apte
1902 1269 1996 1296 con-

194 1320 422 1369 junguntur.
478 1318 659 1355 Alienum
681 1330 704 1355 a
724 1322 854 1355 nostra
886 1319 1034 1355 ratione
1067 1317 1105 1354 id
1139 1329 1256 1355 unum
1287 1324 1356 1366 est,
1391 1318 1495 1366 quod
1528 1329 1612 1355 eam
1636 1317 1870 1355 catechetico
1893 1328 1997 1354 more

200 1379 428 1427 composuit,
462 1388 697 1425 quamquam
731 1375 834 1412 illius
866 1377 1050 1424 temporis
1078 1375 1287 1414 lectoribus
1310 1388 1356 1414 ea
1377 1376 1500 1414 forma
1519 1387 1768 1424 nequaquam
1789 1386 1892 1412 nova
1913 1375 1997 1412 fuit.

196 1436 303 1483 Ideo,
337 1446 454 1484 quum
493 1440 575 1471 tota
613 1435 775 1472 materia
811 1435 849 1469 in
892 1435 1212 1482 interrogationes
1249 1439 1286 1472 et
1317 1445 1503 1482 responsa
1540 1433 1750 1480 dirimatur,
1783 1445 1900 1483 saepe
1931 1443 1998 1470 ac-

199 1494 302 1541 cidit,
337 1499 377 1530 ut
410 1494 732 1541 interrogationes
764 1493 877 1528 nimis
910 1491 1024 1540 longe
1056 1498 1289 1541 repetantur.
1344 1492 1522 1530 Ceterum
1544 1490 1794 1540 plurimarum
1826 1490 2000 1539 discipli-

197 1563 332 1590 narum
375 1550 564 1588 elementa
596 1556 676 1587 tum
709 1549 845 1587 eodem
876 1549 990 1586 modo
1021 1550 1119 1586 tradi
1151 1550 1347 1598 solebant,
1381 1561 1543 1598 eamque
1575 1550 1736 1587 sormam
1768 1553 1810 1586 ut
1842 1548 2000 1598 eligeret

198 1622 316 1658 quum
346 1609 433 1646 aliis
465 1609 579 1646 rebus
611 1614 690 1645 tum
724 1619 768 1645 ea
801 1619 919 1644 eausa
939 1607 1131 1656 Keplerus
1164 1607 1316 1645 videtur
1346 1607 1536 1645 adductus
1557 1619 1658 1655 esse,
1703 1606 1807 1656 quod
1838 1608 1921 1656 ipse
1953 1618 1999 1643 ex

196 1667 394 1706 Maestlini
427 1667 525 1704 libro
549 1665 684 1704 eadem
713 1667 862 1703 ratione
885 1667 1102 1714 conscripto
1124 1666 1319 1714 quondam
1346 1667 1621 1703 astronomiam
1645 1665 1841 1703 didicerat.
1885 1663 1998 1712 Quid,

197 1725 300 1774 quod
333 1725 394 1762 vel
425 1725 527 1774 typis
558 1724 715 1773 ligneis,
749 1735 844 1772 quos
877 1723 1106 1761 Maestlinus
1127 1723 1176 1761 ad
1197 1736 1307 1761 suam
1328 1724 1531 1773 Epitomen
1554 1723 1820 1761 illustrandam
1852 1722 2000 1760 facien-

197 1784 266 1821 dos
299 1788 512 1828 curaverat,
547 1784 602 1818 uti
634 1783 670 1818 in
705 1783 833 1819 animo
865 1781 1013 1820 habuit.
1068 1782 1204 1830 Neque
1236 1793 1326 1819 vero
1360 1787 1428 1828 est,
1463 1782 1565 1830 quod
1598 1781 1816 1828 doleamus,
1849 1780 1999 1818 Maest÷

198 1842 319 1879 linum
351 1840 520 1889 Keplero
552 1841 703 1888 roganti
736 1851 802 1877 eos
833 1850 909 1876 non
941 1840 1182 1888 permisisse:
1226 1840 1300 1877 illis
1332 1841 1433 1877 enim
1471 1840 1602 1888 figuris
1639 1839 1822 1877 adhibitis
1857 1839 1918 1876 hic
1950 1837 1998 1875 ad

196 1899 401 1937 multorum
435 1900 734 1935 inveteratorum
756 1898 1016 1935 astronomiae
1050 1909 1219 1935 errorum
1252 1909 1451 1935 censuram
1485 1899 1661 1935 aberrare
1694 1902 1850 1935 coactus
1883 1901 1998 1934 esset.

196 1957 356 2006 Kepleri
387 1955 544 2005 figurae,
580 1967 815 2004 quamquam
846 1967 869 1992 a
899 1955 1140 2005 xylographo
1161 1967 1297 2004 parum
1319 1955 1518 1994 commode
1547 1967 1752 2004 expressae
1783 1955 1999 2004 partimque

196 2020 274 2052 tam
306 2013 406 2052 male
438 2013 631 2059 redditae,
666 2019 707 2050 ut
738 2013 946 2051 nonnullae
978 2013 1103 2051 lineae
1135 2019 1172 2051 et
1202 2013 1335 2051 literae
1374 2013 1422 2051 ad
1454 2015 1730 2051 sententiarum
1763 2012 1999 2051 intellectum

196 2084 352 2122 prorsus
384 2073 625 2110 necessariae
656 2083 769 2120 aegre
801 2078 1081 2120 agnoscantur,
1116 2076 1244 2109 tamen
1275 2071 1472 2109 Maestlini
1491 2071 1635 2120 figuris
1667 2070 1788 2108 multo
1821 2070 2000 2108 meliores

197 2136 234 2168 et
265 2132 433 2179 aptiores
464 2135 565 2167 sunt.
618 2129 745 2178 Atque
778 2129 850 2167 hoe
871 2129 1035 2177 aliisque
1068 2130 1234 2167 externis
1267 2131 1454 2178 epitomes
1476 2129 1734 2178 Keplerianae
1757 2130 1861 2166 vitiis
1895 2130 1999 2177 (per-

196 2194 403 2237 angustum
435 2189 535 2225 enim
568 2193 626 2225 est
657 2189 884 2236 paginarum
916 2189 1103 2236 spatium,
1137 2187 1241 2236 quod
1273 2187 1322 2225 ad
1355 2187 1551 2226 Maestlini
1584 2199 1679 2236 opus
1711 2187 1999 2224 accuratissime

196 2245 530 2285 accommodatum
561 2250 639 2292 est,
682 2245 817 2283 literae
860 2251 992 2282 tenues
1026 2251 1063 2283 et
1091 2257 1208 2294 saepe
1242 2246 1406 2294 pessime
1436 2257 1654 2294 expressae,
1688 2245 1820 2282 charta
1851 2244 1940 2281 vilis
1962 2249 2000 2282 et

197 2305 380 2342 subfusca
411 2303 473 2342 vel
506 2301 774 2353 subcaerulea)
805 2303 948 2340 factum
981 2314 1065 2341 esse
1099 2303 1268 2350 videtur,
1310 2308 1351 2340 ut
1390 2315 1516 2352 neque
1556 2309 1635 2340 tum
1674 2308 1769 2351 quot
1808 2313 1877 2351 par
1917 2307 1999 2340 erat

195 2362 360 2401 lectores
392 2366 507 2399 nacta
538 2363 604 2408 sit,
648 2366 685 2398 ct
717 2361 993 2398 recentioribus
1031 2372 1154 2410 paene
1198 2362 1332 2409 ignota
1371 2362 1567 2399 manserit.
1628 2360 1708 2399 Nos
1739 2360 1881 2398 multas
1912 2359 1998 2397 illas

195 2420 339 2469 figuras
380 2419 577 2469 pulchrius
621 2423 657 2456 et
698 2421 830 2467 purius
872 2420 1082 2467 exprimere
1126 2419 1360 2465 studuimuS,
1413 2420 1556 2468 optime
1608 2430 1678 2456 nos
1721 2418 1998 2467 adjuvantibus

196 2480 350 2527 egregio
381 2482 512 2515 nostro
544 2478 668 2514 amico
691 2476 858 2523 Kellero,
893 2477 1108 2525 professore
1138 2479 1312 2526 picturae
1342 2476 1498 2515 linearis
1530 2478 1568 2514 in
1599 2477 1734 2514 schola
1753 2475 1847 2514 reali
1870 2475 1997 2513 Stutt-

195 2537 371 2585 gartiana
413 2540 451 2573 et
483 2534 679 2583 Allgaiero
723 2540 761 2572 et
795 2534 899 2583 Sigle
943 2535 1085 2572 inclitis
1125 2534 1375 2584 xylographis
1416 2534 1728 2583 Stuttgartianis,
1773 2535 1839 2582 qui
1881 2535 1996 2571 etiam

197 2599 343 2631 ceteras
374 2593 490 2642 liujus
521 2592 608 2630 libri
640 2592 793 2630 tabulas
833 2593 937 2641 ligno
971 2593 1238 2642 exprimendas
1273 2598 1515 2630 curaverunt.
1577 2593 1711 2641 Imago
1747 2591 1859 2629 titulo
1899 2593 1996 2629 sexti

196 2651 416 2696 voluminis,
451 2650 554 2699 quod
585 2651 787 2699 Epitomen
820 2656 857 2688 et
888 2650 1073 2698 majorem
1105 2656 1253 2699 partem
1277 2650 1514 2688 Tabularum
1536 2650 1871 2699 Rudolphinarnm
1902 2660 1996 2705 con7

196 2710 310 2756 tinet,
353 2709 537 2757 adjuncta
568 2708 778 2745 seeundum
810 2708 967 2757 Kepleri
1009 2708 1204 2757 exemplar
1234 2721 1257 2746 a
1287 2708 1445 2747 Kellero
1476 2709 1692 2758 professore
1735 2707 1927 2746 delineata
1959 2711 1996 2744 et

197 2779 220 2804 a
252 2767 479 2815 Dertingero
511 2765 792 2814 Stuttgartiano
837 2765 1120 2815 chalcographo
1153 2777 1295 2804 excusa
1327 2772 1396 2804 est.

338 2825 537 2874 Epitomes
577 2829 845 2872 argumentum
882 2824 962 2872 jam
1007 2824 1085 2863 vol.
1119 2824 1187 2862 VI.
1230 2836 1319 2873 pag.
1360 2828 1497 2862 4—13
1544 2825 1740 2873 copiosius
1764 2821 1993 2868 retulimus,

200 2881 364 2930 ideoque
397 2893 727 2930 supervacaneum
761 2887 818 2919 est
849 2881 922 2919 hoc
953 2881 991 2918 id
1022 2882 1108 2919 loco
1140 2888 1324 2930 repetere.
1387 2882 1432 2919 Id
1464 2894 1583 2919 unum
1615 2882 1830 2931 adjiciatur,
1864 2891 1994 2916 earum

197 2951 334 2986 rerum,
368 2941 507 2988 quibus
539 2940 613 2978 hoc
645 2939 804 2988 Kepleri
839 2951 934 2988 opus
968 2952 991 2977 a
1025 2939 1218 2977 similibus
1261 2941 1412 2989 scriptis
1446 2946 1482 2978 et
1513 2939 1685 2988 ejusdem
1719 2943 1756 2976 et
1786 2939 1924 2986 prioris
1957 2943 1995 2975 et

198 2998 470 3046 subsequentis
502 2999 684 3046 tempor-Is
717 2997 840 3035 differt
872 2999 994 3046 iisque
1026 3003 1208 3046 praestat,
1241 3009 1318 3035 non
1349 3009 1464 3046 posse
1496 3009 1684 3035 summam
1717 2995 1874 3033 confici:
1908 3006 1992 3032 om-

199 3055 310 3091 nibus
342 3057 442 3092 enim
482 3057 655 3103 partibus
687 3067 830 3092 novum
863 3060 980 3103 atque
1017 3058 1171 3093 unicum
1204 3060 1282 3103 est,
1316 3061 1358 3093 ut
1388 3055 1547 3104 Kepleri
1580 3054 1719 3103 Optica
1750 3058 1787 3090 et
1817 3053 1914 3091 liber
1946 3053 1992 3090 de

199 3109 323 3149 Marte
355 3115 605 3160 conscriptus,
638 3113 804 3161 ideoque
837 3112 983 3150 nullam
1016 3115 1171 3151 omnino
1203 3113 1296 3151 licet
1317 3114 1644 3162 comparationem
1665 3112 1864 3148 instituere
1895 3112 1994 3149 inter

199 3167 293 3204 illud
326 3174 363 3206 et
395 3169 540 3208 debilia
573 3181 704 3208 eorum
735 3169 887 3218 studia,
921 3172 986 3218 qui
1018 3177 1085 3208 aut
1117 3175 1287 3210 veterem
1318 3172 1594 3209 astronomiam
1625 3181 1648 3207 a
1679 3170 1899 3207 restitutore
1930 3173 1992 3207 at-
