2126 3388
278 159 364 205 862
953 158 1036 194 Vita
1061 158 1083 194 J
1085 158 1212 194 oannis
1237 159 1395 205 Kepleri.

274 285 380 319 turae
412 279 657 328 loquiturque
679 289 766 315 cum
795 276 883 324 illis,
916 279 982 326 qui
1012 282 1143 315 sancte
1164 279 1392 328 scripturam
1424 282 1512 316 sunt
1532 279 1772 326 interpretati
1785 276 1837 331 ὕ),
1871 291 1938 318 seu
1960 280 2064 317 anti·

278 340 344 387 qui
375 339 451 375 sint
481 348 548 374 seu
581 337 727 383 nuperi,
761 341 802 373 ut
833 336 885 375 M.
908 337 1098 373 Antonius
1120 336 1179 373 Dc
1201 336 1390 383 Dominis,
1425 337 1491 385 qui
1522 337 1578 374 sic
1608 336 1763 373 scribit:
1799 336 1926 381 „idem
1949 337 2063 375 Chri-

276 403 370 442 stus,
405 396 515 431 vivus
547 392 674 431 adhuc
705 399 743 431 et
774 405 931 443 corpore
964 393 1152 431 duntaxat
1182 406 1259 431 non
1290 396 1427 443 spiritu
1458 395 1610 441 absens,
1643 405 1710 442 per
1741 395 1933 433 ministros
1965 397 2064 444 regit

276 453 496 498 ecclesiam,
537 462 660 499 neque
693 452 1011 500 gubernationem
1042 452 1166 489 variat
1197 457 1263 489 aut
1295 457 1420 489 mutat
1450 451 1662 501 corporalis
1692 451 1815 500 ipsius
1846 455 2065 501 praesentia

279 511 338 548 vel
382 510 576 555 absentia,
617 510 706 546 item
745 510 828 547 solo
868 521 1048 558 corpore,
1097 521 1175 546 non
1213 511 1304 547 item
1348 511 1493 557 animo,
1542 520 1666 560 neque
1707 511 1866 547 internis
1909 512 2064 549 monitis

274 575 311 606 et
343 567 512 605 consiliis
544 567 704 614 absens,
742 567 809 605 sed
850 569 986 616 spiritu
1025 578 1095 604 suo
1136 574 1323 616 perpetuo
1361 569 1585 617 praesens“.
1645 567 1732 605 Hae
1771 572 1808 606 et
1839 567 2062 617 hujusmodi

272 631 421 675 patrum
454 625 669 663 locutiones
701 631 738 663 et
770 625 957 663 dictorum
989 627 1199 674 scripturae
1230 627 1563 675 interpretationes
1584 627 1616 663 si
1649 625 1710 663 vel
1739 627 1905 664 insertae
1936 623 2066 665 essent

271 683 475 721 Formulae
509 683 746 721 Concordiae
780 689 821 721 ut
851 683 1108 730 authenticae,
1143 683 1204 721 vel
1236 685 1267 720 si
1299 683 1431 722 liceret
1468 683 1556 722 illas
1587 685 1763 733 excipere
1794 685 2063 732 subscribenti,

276 753 350 779 non
383 753 579 779 renuerem
613 748 651 778 ct
682 753 754 790 ego
786 742 1048 788 subscribere,
1093 747 1277 790 quantum
1320 753 1416 791 opus
1449 748 1507 780 est
1538 742 1778 779 subscribere
1810 742 1932 780 laico:
1974 755 2063 780 nam

272 800 538 838 damnationes
571 799 792 837 doctoribus
824 800 1089 848 relinquerem,
1122 805 1164 837 ut
1195 799 1349 837 similia.
1394 801 1446 837 At
1477 800 1755 838 subscribendo
1788 800 1879 837 mihi
1911 802 2062 849 privato

275 857 409 907 religio
442 864 500 895 est
531 858 687 906 rejicere
720 857 880 906 phrases
912 864 1082 906 patrum,
1125 859 1315 906 imputare
1352 857 1427 895 illis
1466 858 1672 907 phrasibus
1703 858 2062 906 Nestorianismum,

273 916 375 965 quod
412 920 460 954 15
493 916 633 953 seculis
665 916 759 952 nulli
792 916 942 954 illarum
973 916 1043 953 fuit
1074 917 1323 964 imputatum,
1357 916 1527 953 dividere
1560 916 1762 954 ecclesiam
1795 916 1958 964 Christi,
1991 918 2063 955 ab-

271 974 437 1012 alienare
468 974 556 1011 illos
590 973 808 1012 damnando
840 980 994 1023 propter
1025 979 1210 1023 usurpata
1232 974 1329 1012 haec
1351 974 1454 1013 dicta
1475 978 1640 1024 patrum,
1675 985 1772 1023 quos
1795 985 1865 1024 ego
1886 976 2062 1024 privatus

271 1032 456 1070 charitate
488 1033 692 1081 complecti
723 1032 844 1070 debeo
877 1034 992 1070 etiam
1024 1038 1207 1070 errantes.

409 1090 452 1127 In
484 1090 650 1140 pagellis
681 1092 776 1128 meis
809 1090 854 1128 de
877 1090 1009 1128 Coena
1031 1090 1186 1127 Domini
1219 1100 1409 1139 cognosce
1432 1101 1576 1139 quaeso
1610 1090 1871 1139 integritatem
1903 1095 1941 1128 et
1970 1091 2062 1129 facti

271 1153 311 1186 et
342 1160 478 1186 sensus
512 1150 599 1186 mei.
661 1148 876 1197 Impressae
907 1154 996 1186 sunt
1026 1148 1176 1197 Pragae
1208 1154 1297 1186 ante
1329 1147 1425 1185 duos
1456 1160 1601 1195 annos,
1634 1148 1790 1196 quando
1824 1159 1956 1186 omncs
1987 1151 2062 1186 mi-

270 1208 382 1244 nistri
414 1206 551 1253 Verbi,
593 1207 658 1255 qui
690 1212 779 1244 sunt
811 1206 954 1252 Lincii‚
997 1206 1151 1255 publice
1182 1207 1486 1254 pronunciarunt
1517 1212 1554 1244 et
1585 1205 1816 1248 addiderunt
1847 1208 1962 1245 etiam
1995 1207 2062 1245 illa

276 1265 393 1302 verba
429 1264 533 1317 „und
565 1264 696 1302 diesen
728 1264 897 1303 Zaichen
931 1264 990 1302 die
1022 1276 1060 1302 er
1090 1264 1152 1302 hie
1187 1276 1261 1301 von
1294 1264 1446 1302 Christo
1479 1264 1713 1314 empfaheff‘,
1756 1264 1873 1313 idque
1906 1277 1953 1303 ex
1982 1265 2063 1304 for—

271 1323 375 1360 mula
409 1322 594 1371 Agendae
627 1323 868 1360 Austriacae.
932 1322 1007 1360 Cur
1040 1334 1129 1371 ergo
1162 1333 1234 1370 ego
1266 1321 1332 1359 illo
1365 1328 1535 1372 tempore
1574 1322 1641 1359 illa
1685 1323 1803 1361 verba
1834 1324 2060 1371 omitterem,

271 1383 381 1430 quasi
413 1388 648 1419 correcturus
681 1380 870 1430 agendam
893 1381 1102 1430 publicam,
1136 1392 1222 1418 cum
1255 1379 1473 1418 domesticis
1496 1382 1591 1419 meis
1613 1379 1651 1417 id
1672 1381 1923 1429 inculcarem,
1958 1382 2062 1430 quod

269 1440 477 1477 audiebant
508 1440 545 1476 in
577 1439 751 1488 templo?
804 1440 851 1476 Et
873 1451 937 1476 cur
967 1440 1226 1488 suspicionem
1257 1450 1452 1476 moverem
1472 1440 1692 1488 pessimam,
1727 1439 1851 1488 qualis
1874 1439 1921 1476 R.
1945 1440 2061 1488 Dign.

269 1498 376 1535 Tuae
410 1499 591 1546 obrepsit,
625 1499 735 1546 quasi
767 1499 895 1546 posita
926 1498 1002 1534 sint
1033 1499 1070 1533 in
1102 1498 1292 1534 contrario
1325 1509 1440 1534 sensu
1474 1498 1601 1535 verbis
1632 1498 1824 1546 prioribus
1857 1503 1895 1535 et
1917 1497 2060 1535 Christi

272 1557 403 1604 ipsius,
439 1567 523 1594 cum
555 1557 704 1605 possint
736 1556 876 1593 habere
908 1567 1061 1593 sensum
1095 1557 1294 1604 optimum,
1327 1556 1404 1592 imo
1437 1567 1511 1592 non
1544 1556 1695 1604 possint
1724 1555 1867 1593 habere
1900 1556 2056 1593 malum.

267 1614 438 1651 Primum
469 1615 569 1652 enim
600 1615 631 1650 si
664 1615 828 1651 maxime
853 1615 962 1662 panis
993 1613 1056 1651 hic
1087 1615 1240 1662 signum
1264 1613 1451 1651 diceretur
1483 1615 1676 1662 corporis,
1715 1624 1801 1651 cum
1833 1615 1870 1650 in
1903 1621 2061 1652 antece-

272 1672 450 1710 dentibus
484 1674 533 1709 sit
567 1673 682 1710 etiam
715 1673 931 1710 communio
964 1671 1078 1709 realis
1111 1673 1298 1720 corporis,
1339 1673 1424 1720 quis
1458 1671 1569 1709 aliter
1610 1671 1819 1720 intelligat,
1865 1683 1980 1720 quarn
2014 1672 2060 1711 de

273 1732 391 1779 signis
424 1730 723 1768 exhibentibus?
763 1742 878 1779 quam
910 1741 980 1778 ego
1014 1729 1225 1767 doctrinam
1258 1740 1333 1766 non
1365 1730 1475 1767 hausi
1509 1731 1571 1779 (ne
1604 1741 1749 1778 quaeso
1791 1741 1852 1767 me
1884 1730 1947 1767 hic
1977 1742 2060 1768 res-

270 1801 367 1838 puas
402 1800 486 1826 cum
519 1800 604 1826 mea
635 1788 850 1838 theologia)
882 1789 954 1825 sub
986 1788 1150 1837 sphaera
1182 1787 1340 1824 fixarum
1384 1787 1512 1835 ullibi,
1555 1794 1825 1836 praeterquam
1857 1787 2060 1837 Tubingae

270 1849 307 1884 in
340 1847 569 1885 lectionibus
602 1846 845 1895 theologicis,
907 1846 1055 1895 Corpus
1087 1858 1124 1886 n.
1159 1846 1405 1884 invisibiliter
1436 1858 1618 1895 praesens
1650 1847 1760 1895 signo
1793 1845 1940 1895 indiget
1963 1848 2060 1884 visi-

270 1905 349 1952 bili,
393 1916 468 1954 quo
502 1904 695 1943 mediante
727 1906 852 1953 possit
882 1906 1060 1942 sensibus
1097 1904 1193 1942 fides
1224 1903 1305 1941 fieri
1338 1904 1383 1941 de
1417 1905 1667 1942 exhibitione.
1729 1904 1879 1942 Deinde
1907 1904 1989 1953 jam
2021 1906 2059 1941 in

272 1964 337 2001 illo
369 1963 455 2001 loco
487 1974 610 2001 sermo
645 1969 703 2001 est
735 1963 781 2000 dc
812 1962 1109 2000 manducatione
1141 1962 1334 2011 spirituali
1365 1962 1465 2008 fidei,
1499 1974 1577 2011 qua
1607 1962 1659 2009 fit,
1691 1967 1733 2000 ut
1767 1974 1989 2000 maneamus
2021 1963 2060 2000 in

272 2021 423 2059 Christo
457 2027 494 2059 et
527 2022 701 2059 Christus
734 2022 771 2058 in
803 2022 932 2058 nobis:
967 2020 1061 2058 fides
1096 2032 1184 2058 vero
1218 2020 1335 2058 habet
1366 2021 1560 2069 objectum
1593 2020 1710 2058 verba
1733 2021 1886 2068 Christi,
1919 2032 2059 2059 secun-

272 2079 362 2117 dum
394 2079 604 2117 Lutherum
635 2081 897 2128 promittentia
928 2079 1040 2116 nobis
1071 2079 1337 2117 remissionem
1371 2084 1634 2128 peccatorum,
1677 2080 1738 2116 cui
1777 2080 1952 2116 concioni
1985 2091 2058 2128 ap-

272 2150 433 2187 pensum
467 2144 524 2175 est
556 2144 677 2175 toturn
710 2143 1002 2184 sacramentum,
1035 2143 1214 2175 constans
1237 2148 1336 2185 pane
1367 2142 1405 2174 et
1437 2148 1595 2186 corpore
1617 2148 1684 2186 pro
1713 2138 1824 2185 signo
1848 2137 2056 2186 etsigi1103

273 2195 364 2233 dicit
395 2197 510 2245 igitur
551 2197 750 2244 responsio
792 2195 878 2243 illa,
920 2195 1022 2244 quod
1054 2197 1119 2244 qui
1160 2200 1198 2232 et
1242 2195 1368 2232 verbis
1400 2194 1541 2232 Christi
1582 2201 1620 2233 et
1658 2196 1887 2233 sacramenti
1927 2195 2057 2244 sigillo

272 2266 295 2291 a
327 2254 476 2292 Christo
519 2260 677 2303 accepto
721 2254 803 2303 (cur
834 2266 856 2291 a
889 2254 1058 2299 Christo,
1100 2255 1173 2291 nisi
1213 2254 1304 2301 quia
1336 2252 1508 2290 Christus
1551 2258 1625 2300 est,
1667 2254 1731 2301 qui
1773 2264 1911 2302 corpus
1950 2253 2058 2290 addit

274 2312 409 2360 pani?)
443 2312 573 2358 credit,
607 2314 638 2349 is
671 2313 707 2348 in
742 2312 893 2349 Christo
925 2317 1089 2349 maneat.
1144 2311 1226 2359 Ego
1259 2316 1359 2348 certe
1390 2322 1465 2347 non
1498 2318 1604 2360 puto,
1639 2310 1742 2359 quod
1765 2312 1838 2348 ista
1859 2313 1937 2348 sint
1963 2322 2057 2349 con-

273 2372 388 2407 traria
419 2371 701 2419 susperioribus
733 2375 770 2408 et
803 2371 928 2407 verbis
961 2369 1112 2407 Christi.
1164 2368 1241 2406 Sed
1272 2380 1383 2417 spero
1416 2374 1452 2406 te
1485 2371 1556 2406 ista
1576 2370 1860 2418 recognitnrum
1891 2380 1962 2406 nec
1983 2371 2056 2406 im-

271 2428 532 2477 probaturum.
604 2428 714 2465 Certe
756 2428 786 2464 si
819 2434 895 2465 tam
938 2428 1073 2465 attenti
1111 2427 1271 2464 fuissent
1309 2426 1504 2464 auditores
1542 2429 1657 2465 ceteri
1700 2426 1987 2478 Lineensesffl)
2019 2428 2056 2463 in

273 2487 518 2524 omissionem
550 2486 685 2523 horum
719 2486 921 2523 verborum
956 2487 1094 2523 veteris
1130 2485 1326 2534 Agendae,
1361 2496 1460 2533 quae
1483 2492 1643 2534 apparet
1666 2486 1704 2522 in
1726 2497 1873 2534 nupera
1898 2485 2059 2533 Agenda

274 2556 415 2583 excusa
447 2544 650 2592 Tubingae
682 2555 749 2592 pro
782 2545 922 2581 nostris
955 2543 1140 2590 ecclesiis,
1173 2555 1272 2591 quac
1304 2554 1405 2581 nunc
1437 2555 1482 2581 ea
1514 2550 1684 2589 utuntur,
1717 2555 1788 2592 ego
1822 2546 2055 2589 metuissem,

271 2614 318 2640 ne
351 2603 507 2640 omissio
540 2603 593 2640 rei
623 2603 808 2649 usitatae,
855 2602 964 2650 cujus
996 2602 1067 2638 fuit
1098 2613 1234 2638 sensus
1267 2602 1453 2650 optimus,
1497 2601 1722 2640 scandalum
1752 2601 1855 2651 apud
1887 2601 2056 2639 infirmos

270 2666 434 2711 pareret.

411 2718 488 2757 Sed
519 2717 659 2756 sufficit
691 2717 737 2756 de
769 2717 860 2765 hoc,
903 2718 1049 2755 utinam
1082 2718 1119 2754 in
1151 2717 1339 2766 prioribus
1373 2716 1418 2755 de
1450 2717 1621 2766 generali
1656 2717 1876 2767 praesentia
1906 2721 2053 2754 tantam

273 2777 341 2815 abs
373 2776 419 2814 R.
454 2778 567 2825 Dign.
602 2776 686 2813 Tua
718 2776 941 2814 facilitatem
974 2788 1128 2824 sperare
1159 2787 1332 2824 possem,
1368 2781 1549 2823 quantam
1575 2775 1648 2812 hic.
1691 2775 1768 2813 Sed
1797 2776 1893 2812 sorte
1924 2774 2057 2813 haeret

273 2834 400 2872 adhuc
431 2836 598 2884 suspicio
630 2835 762 2882 aliqua
795 2835 931 2872 erroris
964 2836 1063 2872 circa
1095 2845 1255 2872 coenam
1288 2833 1430 2870 domini
1465 2846 1510 2871 ex
1541 2833 1683 2871 scheda
1715 2833 1780 2870 illa
1812 2844 1907 2879 mea,
1941 2844 2055 2881 quam

275 2905 320 2930 ex
352 2892 512 2931 aedibus
544 2891 741 2930 Maestlini
774 2899 862 2930 ante
894 2904 1037 2930 annum
1068 2892 1117 2929 ad
1147 2891 1192 2932 R,
1224 2892 1340 2940 Dign.
1363 2891 1488 2929 Tuam
1519 2892 1618 2939 misi,
1650 2902 1764 2941 super
1794 2901 1870 2939 qua
1900 2892 2056 2928 memini

410 3040 442 3084 *)
468 3042 716 3073 Hafenrefferus
748 3043 783 3073 in
817 3043 978 3081 margine:
1017 3041 1178 3082 Quisquis
1204 3041 1363 3082 Keppleri
1398 3043 1535 3073 somniis
1570 3039 1671 3081 ὁμοια
1698 3041 1807 3078 λαλει,
1843 3044 1892 3071 est
1922 3044 2055 3073 sanctus

276 3086 462 3129 Scripturas
487 3091 659 3129 interpres.

411 3134 459 3177 “)
485 3136 744 3167 Hafcnrefferus:
769 3134 867 3168 Solus
893 3135 1055 3177 Keplerus
1079 3136 1234 3168 attentus,
