2126 3388
223 155 307 200 936
891 157 975 193 Vita
998 157 1021 191 J
1023 156 1147 192 oannis
1171 155 1331 201 Kepleri.

222 277 386 315 aliorum
418 287 490 324 ope
523 278 692 312 uteretur
723 278 760 311 et
790 274 1017 323 plerumque
1040 279 1108 312 aut
1128 276 1284 321 amicos,
1317 278 1384 311 aut
1414 273 1532 312 filiam
1554 273 1838 322 Margaretham
1859 274 2007 323 episto-

224 335 347 373 larum
378 333 588 371 advocaret
619 334 846 381 interpretes
878 337 916 370 et
946 334 1170 381 scriptores,
1211 333 1373 370 rariores
1405 331 1593 380 epistolae
1626 336 1692 369 aut
1722 332 1760 367 in
1791 332 1904 370 rebus
1936 345 2006 371 ne-

226 393 400 431 cessariis
435 395 502 426 aut
533 390 565 426 si
597 392 756 438 gravius
789 390 881 439 quid
913 389 1116 438 accideret,
1150 390 1198 428 ad
1231 394 1390 427 matrem
1422 402 1444 426 a
1475 389 1555 426 filio
1587 393 1676 426 sunt
1706 390 1860 427 missae.

361 448 514 496 Quanto
547 453 677 486 autem
720 448 848 485 studio
880 447 1055 486 Joannes
1087 450 1198 486 matri
1229 446 1482 494 consuluerit,
1527 459 1611 485 cum
1648 448 1910 486 funestissima
1940 448 2007 486 illa

223 507 410 556 implicita
442 510 544 543 esset
576 517 694 543 causa
726 506 896 555 capitali,
928 518 1017 555 pag.
1042 510 1120 544 361
1146 518 1196 544 SS.
1231 518 1277 543 ex
1308 511 1641 543 monumentorum
1672 504 1746 542 fide
1774 510 1812 542 et
1842 508 2007 544 auctori-

222 570 300 602 tate
332 563 506 612 pluribus
538 565 819 611 enarravimus,
859 563 1099 612 eundemque
1137 564 1396 613 promtissime
1438 565 1565 601 animo
1608 564 1736 600 omnia
1778 562 2006 612 deseruisse,

221 629 276 669 ut,
307 622 421 659 fratre
454 626 491 659 et
521 633 650 659 sorore
673 634 719 659 ex
742 627 850 671 parte
884 623 1197 660 dissentientibus
1230 627 1266 659 et
1298 622 1441 668 invitis,
1473 621 1541 658 filii
1573 622 1716 670 pietate
1748 626 1908 660 matrem
1939 622 2008 660 de-

224 679 418 727 fenderet,
462 679 624 727 ejusque
656 682 942 718 contentionem
973 682 1126 718 unicam
1158 680 1234 718 fere
1268 691 1424 718 causam
1455 680 1593 727 fuisse,
1626 690 1691 716 cur
1721 684 1910 718 tormenta
1941 686 2009 719 aut

224 749 361 786 rogum
391 742 512 774 mater
544 738 740 786 effugeret,
774 750 820 776 cx
852 738 988 776 iisdem
1020 738 1229 776 clarissime
1261 743 1421 787 apparet
1451 738 1722 776 monumentis,

360 794 419 832 De
451 795 611 844 Kepleri
643 808 728 833 cum
759 796 887 843 fratre,
918 807 1070 843 sorore,
1103 797 1245 834 sororis
1277 797 1414 833 marito
1447 795 1724 833 consuetudine
1756 800 1844 843 post
1876 797 2007 833 matris

223 865 378 892 causam
409 853 516 890 illam
548 854 775 903 capitalem,
819 855 915 891 nihil
948 856 1039 892 certi
1071 854 1253 892 traditum
1285 859 1362 892 est:
1405 853 1478 891 hoc
1518 865 1610 892 sane
1652 854 1817 891 maxime
1859 855 2007 901 mirum,

224 910 328 960 quod
348 910 493 948 Joanni
526 922 612 949 eum
633 912 800 950 Bindero
831 918 998 963 pastore,
1031 914 1173 950 sororis
1205 912 1381 961 conjuge,
1416 913 1683 949 commercium
1716 916 1816 949 esset
1845 911 2007 952 nullum.

226 969 414 1017 Quamvis
447 970 548 1006 enim
580 975 617 1007 et
648 972 730 1019 ipse
763 982 848 1008 eum
881 971 1023 1008 viseret
1055 982 1140 1008 cum
1174 972 1213 1008 in
1242 971 1367 1019 patria
1400 977 1500 1008 esset
1532 975 1690 1007 matrem
1723 971 1759 1005 in
1793 981 1910 1007 eausa
1941 982 2009 1008 ca·-

222 1026 333 1077 pitali
366 1026 591 1065 defensurus
624 1026 784 1078 (1621),
828 1035 864 1067 et
905 1029 1026 1066 filium
1068 1040 1223 1078 quoque
1255 1028 1518 1074 Ludovicum‚
1562 1030 1627 1077 qui
1669 1029 1718 1066 ab
1750 1038 1850 1065 anno
1886 1032 2006 1066 1626.

222 1096 345 1134 usque
376 1084 425 1122 ad
455 1097 598 1123 annum
633 1091 755 1127 1629.
799 1086 1012 1124 studiorum
1053 1098 1169 1124 eausa
1208 1091 1382 1125 versatus
1416 1091 1474 1123 est
1505 1086 1728 1134 Tubingae‚
1771 1085 2006 1134 admoneret,

223 1148 266 1180 ut
296 1142 420 1181 adiret
458 1145 635 1191 amitam,
679 1156 778 1193 quae
815 1145 903 1193 plus
941 1144 1061 1182 semel
1103 1145 1235 1193 aliqua
1274 1146 1440 1193 pecunia
1471 1156 1557 1181 eum
1590 1143 1758 1192 adjuvit,
1802 1149 1930 1182 tamen
1963 1144 2008 1183 de

224 1201 384 1250 Kepleri
415 1203 594 1251 propiore
617 1214 703 1240 cum
726 1203 891 1241 Bindero
914 1203 1099 1240 societate
1121 1208 1157 1240 ct
1180 1204 1408 1240 commercio
1430 1202 1524 1239 nihil
1547 1207 1783 1252 compertum
1805 1201 2007 1242 habemus.

361 1259 478 1297 Brevi
510 1265 717 1309 postquam
749 1261 940 1310 Keplerus
974 1260 1150 1298 Gratium
1182 1266 1344 1299 vocatus
1377 1258 1520 1311 (1594)
1564 1266 1602 1299 et
1643 1260 1838 1298 doctrinae
1869 1260 2010 1310 ampli-

222 1317 355 1356 tudine
387 1322 425 1355 et
454 1320 624 1356 maxima
654 1320 770 1356 animi
799 1319 1044 1368 jucunditate
1083 1319 1293 1368 permultos
1334 1319 1575 1368 comparavit
1607 1324 1644 1357 et
1675 1319 1820 1356 amicos
1852 1323 1890 1357 et
1921 1318 2010 1357 fau-

223 1382 342 1423 tores,
385 1377 494 1413 varia
536 1377 706 1414 animum
751 1377 833 1426 ejus
864 1378 1101 1415 matrimonii
1143 1377 1304 1415 consilia
1344 1378 1554 1415 subierunt.
1615 1377 1710 1414 Post
1741 1376 1863 1414 multa
1894 1378 2010 1425 igitur

223 1433 499 1483 impedimenta
531 1434 751 1485 multasque
790 1447 916 1473 moras
948 1435 1107 1472 viduam
1146 1436 1219 1473 sibi
1252 1435 1455 1484 despondit
1484 1435 1696 1473 Barbaram
1735 1434 1781 1472 dc
1813 1435 2009 1482 Miihleck,

224 1492 333 1541 cujus
364 1494 571 1541 propinqui
604 1492 668 1530 diu
691 1493 960 1544 prohibebant,
993 1505 1041 1531 ne
1063 1493 1201 1531 mulier
1222 1494 1385 1543 patricia
1407 1505 1491 1531 eum
1525 1492 1679 1543 plebejo
1710 1492 1866 1531 homine
1898 1494 2012 1531 iniret

222 1551 522 1589 matrimonium.
596 1550 767 1599 Quorum
807 1557 849 1589 ut
890 1552 1071 1602 patricios
1116 1553 1272 1602 spiritus
1313 1551 1507 1602 impleret,
1551 1551 1822 1600 Stuttgartiam
1863 1551 2010 1601 (1596)

223 1609 418 1659 profectus
449 1609 488 1646 id
512 1610 754 1658 potissimum
777 1611 901 1659 egisse
923 1609 1086 1654 videtur,
1119 1615 1161 1647 ut
1192 1611 1317 1659 gentis
1349 1621 1442 1648 suae
1474 1609 1728 1657 nobilitatem,
1761 1609 2011 1647 diuturnitate

224 1672 441 1715 temporum
471 1666 702 1715 neglectam,
736 1667 990 1718 depromeret.
1054 1667 1178 1716 Quam
1210 1668 1258 1705 ad
1290 1679 1369 1705 rem
1401 1680 1501 1717 quae
1534 1669 1742 1717 pertinent,
1777 1668 1858 1717 jam
1898 1680 2014 1718 supra

227 1728 279 1772 (p.
316 1727 400 1771 691)
435 1724 647 1772 retulimus,
681 1738 915 1775 quamquam
947 1727 1063 1764 etiam
1096 1726 1216 1764 multa
1248 1726 1397 1773 desunt,
1431 1727 1571 1775 quibus
1593 1726 1708 1776 plana
1729 1738 1788 1763 res
1821 1731 1859 1764 et
1881 1732 2014 1774 aperta

226 1781 419 1820 reddatur.
483 1783 721 1822 Consecutus
764 1786 899 1833 utique
942 1789 1000 1822 est
1031 1783 1069 1821 id
1101 1784 1204 1833 quod
1245 1784 1367 1821 voluit
1397 1784 1589 1833 Keplerus
1631 1789 1669 1822 et
1699 1785 1856 1833 nuptiae
1889 1783 2015 1822 Gratii

224 1840 286 1878 die
330 1844 395 1878 27.
428 1841 572 1892 Aprilis
610 1846 715 1880 1597
750 1843 875 1880 sactae
918 1847 1019 1881 sunt.
1081 1843 1125 1879 In
1157 1843 1440 1880 matrimonium
1473 1843 1604 1880 attulit
1641 1842 1800 1892 Kepleri
1840 1854 1938 1880 uxor
1977 1848 2015 1880 et

225 1899 418 1936 fortunam
450 1901 544 1937 satis
578 1900 813 1950 opulentam,
848 1900 958 1949 cujus
991 1903 1071 1949 agri
1104 1906 1212 1938 erant
1243 1903 1411 1938 maxima
1443 1912 1549 1951 pars,
1595 1904 1632 1938 et
1662 1900 1850 1949 Reginam
1883 1900 2013 1949 filiam,

226 1969 270 1995 ex
301 1958 425 2006 priore
466 1959 710 1996 matrimonio
749 1959 940 2008 genitam,
985 1959 1094 2008 cujus
1136 1958 1357 1997 educationi
1389 1961 1471 2009 ipse
1505 1959 1699 1996 consuluit
1735 1960 2014 1997 amantissime.

229 2014 349 2064 Cujus
381 2017 614 2054 matrimonii
645 2018 788 2065 primos
820 2027 942 2055 annos
975 2022 1184 2067 exegerunt
1214 2016 1477 2064 felicissimos,
1511 2028 1596 2055 eum
1629 2017 1795 2065 conjunx
1828 2021 1865 2055 et
1895 2017 2017 2055 forma

225 2077 263 2110 et
293 2077 420 2112 aetate
452 2074 591 2112 florens
624 2076 762 2123 viginti
794 2080 869 2113 tres
901 2087 1022 2113 annos
1053 2080 1144 2113 nata
1176 2075 1290 2124 (duos
1321 2081 1409 2113 ante
1438 2075 1648 2124 Keplerum
1679 2075 1815 2112 habuit
1844 2077 2016 2123 maritOS,

224 2142 386 2179 quorum
426 2131 523 2170 alter
553 2134 686 2182 paucis
717 2138 804 2182 post
844 2133 968 2171 factas
999 2135 1153 2183 nuptias
1187 2135 1296 2171 annis
1329 2133 1513 2180 decessit,
1556 2133 1652 2171 alter
1692 2133 1807 2171 homo
1848 2145 2016 2182 nequam

223 2188 340 2226 fuisse
373 2189 535 2237 videtur,
567 2196 610 2229 ut
639 2202 728 2229 mox
759 2191 866 2229 fieret
887 2190 1108 2242 divortium)
1136 2191 1457 2241 jucundissimam
1490 2193 1524 2229 ei
1554 2191 1729 2229 redderet
1750 2193 1870 2230 vitam
1901 2203 2016 2241 prae-

222 2252 368 2285 sentem
401 2253 437 2286 et
467 2248 633 2286 futuram
665 2254 861 2298 sperarent
891 2250 1050 2287 liberam
1082 2255 1120 2288 et
1149 2251 1198 2287 ab
1230 2251 1384 2299 inopiae
1418 2250 1516 2287 curis
1549 2261 1724 2287 vacuam.

369 2305 446 2344 Sed
477 2307 585 2344 brevi
616 2312 705 2357 post
738 2307 819 2345 dies
851 2307 1083 2346 laetissimos
1116 2309 1237 2346 secuti
1269 2314 1357 2346 sunt
1379 2309 1574 2346 tristiores.
1626 2307 1721 2345 Cum
1754 2308 1854 2345 enim
1878 2307 2014 2345 Ferdi-

223 2362 372 2400 nandus
395 2364 604 2412 Archidux,
638 2367 703 2414 qui
728 2370 864 2415 postea
895 2366 1019 2404 factus
1042 2371 1099 2404 est
1120 2368 1336 2415 imperator,
1371 2366 1522 2415 Styriae
1545 2367 1744 2414 imperium
1767 2367 2012 2414 suscepisset,

221 2422 385 2469 primum
416 2422 490 2460 hoc
521 2423 595 2460 sibi
625 2423 842 2461 faciendum
874 2425 1038 2473 putavit,
1070 2430 1112 2462 ut
1143 2424 1387 2462 Lutheranac
1419 2424 1508 2461 fidei
1539 2425 1576 2460 in
1609 2423 1736 2473 Styria
1767 2423 1882 2472 longe
1913 2423 2014 2462 late-

223 2490 297 2527 que
329 2479 490 2519 diffusae
523 2485 560 2518 et
592 2480 864 2520 disseminatae
897 2484 1097 2531 opiniones
1139 2483 1176 2519 in
1208 2483 1316 2520 terris
1358 2483 1437 2519 suis
1476 2481 1740 2520 haereditariis
1782 2485 2013 2531 opprimeret

223 2548 366 2586 easque
399 2538 446 2576 ad
480 2539 780 2588 exstinguendas
813 2545 850 2578 et
880 2541 996 2590 plane
1027 2539 1210 2578 delendas
1242 2540 1483 2578 Lutheranos
1515 2545 1552 2578 et
1582 2541 1786 2589 magistros
1817 2546 1854 2578 et
1883 2552 2012 2578 sacer-

223 2594 331 2632 dotes
363 2595 501 2642 ejicere
533 2599 720 2646 optimum
760 2603 866 2636 ratus
899 2603 968 2638 est.
1029 2599 1077 2635 Et
1107 2600 1216 2636 initio
1258 2598 1412 2647 quidem
1444 2598 1634 2648 Keplerus
1675 2600 1841 2636 intactus
1878 2603 1915 2636 et
1952 2599 2013 2635 in-

223 2653 388 2691 violatus
411 2653 533 2692 Gratii
556 2667 751 2695 remanere
773 2667 888 2706 posse
921 2658 1026 2694 visus
1059 2661 1116 2694 est
1146 2658 1221 2701 (cfr.
1254 2670 1289 2703 p.
1316 2660 1377 2694 701
1408 2660 1463 2703 s.).
1524 2656 1641 2695 Haud
1671 2657 1725 2694 ita
1755 2657 1870 2705 longe
1901 2661 2013 2705 post-

222 2721 268 2748 ea
309 2723 399 2749 vero
442 2724 502 2750 res
532 2713 692 2763 Kepleri
722 2716 759 2752 in
802 2714 913 2763 pejus
945 2726 1080 2753 versae
1112 2718 1211 2752 sunt.
1274 2713 1493 2751 Consiliarii
1531 2715 1626 2752 forte
1658 2714 1889 2753 Ferdinandi
1921 2713 2010 2763 (Je-

221 2769 365 2817 suitae)
398 2772 503 2819 prius
535 2783 641 2821 spem
673 2772 842 2822 aliquam
874 2773 1091 2819 habebant,
1133 2784 1220 2810 eum
1251 2771 1299 2809 ad
1331 2772 1559 2810 catholicam
1600 2772 1713 2810 fidem
1753 2785 1836 2811 esse
1867 2773 2009 2809 transi-

222 2830 359 2864 turum.
422 2827 535 2877 Quod
568 2841 653 2867 cum
685 2831 734 2869 ab
766 2831 920 2868 homine
951 2830 1039 2868 fidei
1072 2842 1165 2869 suae
1203 2831 1448 2868 tenacissimo
1488 2842 1563 2868 non
1605 2832 1894 2880 impetrassent,
1935 2830 2009 2878 ipsi

222 2895 374 2933 quoque
407 2887 553 2936 eadem,
587 2900 686 2936 quae
717 2888 835 2938 paulo
867 2893 957 2927 ante
979 2890 1114 2926 ceteris
1136 2889 1220 2937 ers
1242 2889 1464 2937 provinciae
1486 2889 1785 2938 magistratibus,
1809 2889 1871 2936 qui
1893 2887 2006 2925 fidem

224 2939 485 2982 Lutheranam
516 2946 794 2995 profiterentur,
825 2958 951 2996 poena
981 2947 1162 2996 imposita
1193 2951 1250 2984 est
1271 2948 1492 2995 asperrima,
1526 2953 1567 2984 ut
1587 2948 1750 2996 patriam
1772 2946 1837 2982 vix
1857 2950 2006 2995 partam

223 2997 511 3049 derelinqueret.
563 3001 693 3043 Aliam
734 3009 834 3043 certe
876 3016 1030 3043 causam
1061 3009 1233 3043 mutatae
1266 3004 1493 3042 Archiducis
1524 3005 1668 3053 gratiae
1699 3002 1845 3040 nullam
1876 3005 2005 3041 animo

223 3066 357 3104 capere
388 3071 606 3108 possumus.
667 3062 839 3100 Primum
869 3064 986 3112 igitur
1016 3062 1207 3111 Keplerus
1243 3063 1282 3098 in
1313 3062 1641 3111 Wiirttembergia
1683 3065 1720 3098 et
1751 3061 1938 3099 auxilium
1968 3067 2006 3100 et

223 3114 422 3155 consilium
454 3120 663 3169 quaesivit,
705 3131 792 3159 cum
823 3120 926 3173 apud
957 3120 1227 3169 Tubingenses
1257 3130 1348 3158 suos
1378 3121 1581 3169 magistros
1622 3123 1699 3157 tam
1740 3124 1888 3170 gratam
1920 3131 2005 3159 esse
