<?xml version="1.0" encoding="UTF-8"?>
<!DOCTYPE html PUBLIC "-//W3C//DTD XHTML 1.0 Transitional//EN"
    "http://www.w3.org/TR/xhtml1/DTD/xhtml1-transitional.dtd">
<html xmlns="http://www.w3.org/1999/xhtml" xml:lang="en" lang="en">
 <head>
  <title>
</title>
<meta http-equiv="Content-Type" content="text/html;charset=utf-8" />
  <meta name='ocr-system' content='tesseract 3.04.00' />
  <meta name='ocr-capabilities' content='ocr_page ocr_carea ocr_par ocr_line ocrx_word'/>
</head>
<body>
  <div class='ocr_page' id='page_1' title='image "./p2operaomniaedid08kepluoft_0036.png"; bbox 0 0 2157 3398; ppageno 0'>
   <div class='ocr_carea' id='block_1_1' title="bbox 271 169 1657 221">
    <p class='ocr_par' dir='ltr' id='par_1_1' title="bbox 271 169 1657 221">
     <span class='ocr_line' id='line_1_1' title="bbox 271 169 1657 221; baseline -0.002 -13"><span class='ocrx_word' id='word_1_1' title='bbox 271 177 356 221; x_wconf 79' lang='lat'>582</span> <span class='ocrx_word' id='word_1_2' title='bbox 674 172 911 208; x_wconf 84' lang='lat' dir='ltr'>Summarium</span> <span class='ocrx_word' id='word_1_3' title='bbox 934 172 1117 207; x_wconf 81' lang='lat' dir='ltr'>Historiae</span> <span class='ocrx_word' id='word_1_4' title='bbox 1140 170 1391 207; x_wconf 77' lang='lat' dir='ltr'>Astronomiae</span> <span class='ocrx_word' id='word_1_5' title='bbox 1414 170 1536 206; x_wconf 84' lang='lat' dir='ltr'>seculo</span> <span class='ocrx_word' id='word_1_6' title='bbox 1552 169 1657 207; x_wconf 83' lang='lat' dir='ltr'><strong>XVI.</strong></span> 
     </span>
    </p>
   </div>
   <div class='ocr_carea' id='block_1_2' title="bbox 270 285 2073 3179">
    <p class='ocr_par' dir='ltr' id='par_1_2' title="bbox 270 285 2065 625">
     <span class='ocr_line' id='line_1_2' title="bbox 271 285 2063 335; baseline -0.004 -6"><span class='ocrx_word' id='word_1_7' title='bbox 271 292 482 329; x_wconf 83' lang='lat' dir='ltr'>celebratur.</span> <span class='ocrx_word' id='word_1_8' title='bbox 534 290 626 335; x_wconf 78' lang='lat' dir='ltr'>Qm&#39;d</span> <span class='ocrx_word' id='word_1_9' title='bbox 651 295 772 324; x_wconf 90' lang='lat' dir='ltr'>autem</span> <span class='ocrx_word' id='word_1_10' title='bbox 795 288 881 323; x_wconf 90' lang='lat' dir='ltr'>huic</span> <span class='ocrx_word' id='word_1_11' title='bbox 905 288 972 323; x_wconf 91' lang='lat' dir='ltr'>Dei</span> <span class='ocrx_word' id='word_1_12' title='bbox 998 287 1141 332; x_wconf 88' lang='lat' dir='ltr'>opificio</span> <span class='ocrx_word' id='word_1_13' title='bbox 1167 287 1445 331; x_wconf 76' lang='lat' dir='ltr'>convenientius,</span> <span class='ocrx_word' id='word_1_14' title='bbox 1471 297 1577 331; x_wconf 88' lang='lat' dir='ltr'>quam</span> <span class='ocrx_word' id='word_1_15' title='bbox 1602 287 1643 321; x_wconf 88' lang='lat' dir='ltr'>ut</span> <span class='ocrx_word' id='word_1_16' title='bbox 1665 285 1820 330; x_wconf 89' lang='lat' dir='ltr'>primum</span> <span class='ocrx_word' id='word_1_17' title='bbox 1842 285 1913 322; x_wconf 86' lang='lat' dir='ltr'>hoc</span> <span class='ocrx_word' id='word_1_18' title='bbox 1930 290 1966 321; x_wconf 90' lang='lat' dir='ltr'>et</span> <span class='ocrx_word' id='word_1_19' title='bbox 1982 297 2063 332; x_wconf 90' lang='lat' dir='ltr'>per-</span> 
     </span>
     <span class='ocr_line' id='line_1_3' title="bbox 270 344 2065 394; baseline -0.004 -7"><span class='ocrx_word' id='word_1_20' title='bbox 270 351 502 387; x_wconf 87' lang='lat' dir='ltr'>fectissimum</span> <span class='ocrx_word' id='word_1_21' title='bbox 528 359 619 394; x_wconf 90' lang='lat' dir='ltr'>opus</span> <span class='ocrx_word' id='word_1_22' title='bbox 644 347 757 392; x_wconf 89' lang='lat' dir='ltr'>primo</span> <span class='ocrx_word' id='word_1_23' title='bbox 784 351 820 381; x_wconf 90' lang='lat' dir='ltr'>et</span> <span class='ocrx_word' id='word_1_24' title='bbox 845 346 970 381; x_wconf 89' lang='lat' dir='ltr'>eodem</span> <span class='ocrx_word' id='word_1_25' title='bbox 995 345 1257 390; x_wconf 83' lang='lat' dir='ltr'>perfectissimo</span> <span class='ocrx_word' id='word_1_26' title='bbox 1281 355 1429 380; x_wconf 91' lang='lat' dir='ltr'>numero</span> <span class='ocrx_word' id='word_1_27' title='bbox 1458 344 1687 380; x_wconf 76' lang='lat' dir='ltr'>includatur?</span> <span class='ocrx_word' id='word_1_28' title='bbox 1727 344 1785 379; x_wconf 78' lang='lat' dir='ltr'>Ad</span> <span class='ocrx_word' id='word_1_29' title='bbox 1807 344 1915 389; x_wconf 88' lang='lat' dir='ltr'>haec,</span> <span class='ocrx_word' id='word_1_30' title='bbox 1949 350 1991 379; x_wconf 91' lang='lat' dir='ltr'>ut</span> <span class='ocrx_word' id='word_1_31' title='bbox 2012 345 2065 380; x_wconf 82' lang='lat' dir='ltr'>ita</span> 
     </span>
     <span class='ocr_line' id='line_1_4' title="bbox 271 402 2065 454; baseline -0.004 -10"><span class='ocrx_word' id='word_1_32' title='bbox 271 420 293 444; x_wconf 90' lang='lat' dir='ltr'>a</span> <span class='ocrx_word' id='word_1_33' title='bbox 316 408 506 454; x_wconf 88' lang='lat' dir='ltr'>praedictis</span> <span class='ocrx_word' id='word_1_34' title='bbox 539 416 602 441; x_wconf 82' lang='lat' dir='ltr'>sex</span> <span class='ocrx_word' id='word_1_35' title='bbox 637 403 783 439; x_wconf 83' lang='lat' dir='ltr'>orbibus</span> <span class='ocrx_word' id='word_1_36' title='bbox 814 404 1004 438; x_wconf 78' lang='lat' dir='ltr'>mobilibus</span> <span class='ocrx_word' id='word_1_37' title='bbox 1035 403 1222 438; x_wconf 82' lang='lat' dir='ltr'>harmonia</span> <span class='ocrx_word' id='word_1_38' title='bbox 1254 403 1421 438; x_wconf 88' lang='lat' dir='ltr'>coelestis</span> <span class='ocrx_word' id='word_1_39' title='bbox 1453 403 1676 447; x_wconf 87' lang='lat' dir='ltr'>perficiatur,</span> <span class='ocrx_word' id='word_1_40' title='bbox 1710 402 1771 437; x_wconf 90' lang='lat' dir='ltr'>ubi</span> <span class='ocrx_word' id='word_1_41' title='bbox 1803 403 1908 438; x_wconf 90' lang='lat' dir='ltr'>orbes</span> <span class='ocrx_word' id='word_1_42' title='bbox 1941 413 2065 438; x_wconf 90' lang='lat' dir='ltr'>omnes</span> 
     </span>
     <span class='ocr_line' id='line_1_5' title="bbox 272 459 2065 510; baseline -0.004 -9"><span class='ocrx_word' id='word_1_43' title='bbox 272 467 342 502; x_wconf 90' lang='lat' dir='ltr'>sibi</span> <span class='ocrx_word' id='word_1_44' title='bbox 367 476 408 500; x_wconf 93' lang='lat' dir='ltr'>eo</span> <span class='ocrx_word' id='word_1_45' title='bbox 434 470 540 510; x_wconf 89' lang='lat' dir='ltr'>pacto</span> <span class='ocrx_word' id='word_1_46' title='bbox 567 461 779 506; x_wconf 80' lang='lat' dir='ltr'><strong>succedant,</strong></span> <span class='ocrx_word' id='word_1_47' title='bbox 812 467 852 497; x_wconf 89' lang='lat' dir='ltr'>ut</span> <span class='ocrx_word' id='word_1_48' title='bbox 877 468 912 497; x_wconf 90' lang='lat' dir='ltr'>et</span> <span class='ocrx_word' id='word_1_49' title='bbox 935 461 1034 497; x_wconf 86' lang='lat' dir='ltr'>nulla</span> <span class='ocrx_word' id='word_1_50' title='bbox 1059 462 1105 496; x_wconf 89' lang='lat' dir='ltr'>ab</span> <span class='ocrx_word' id='word_1_51' title='bbox 1131 461 1246 496; x_wconf 85' lang='lat' dir='ltr'>altero</span> <span class='ocrx_word' id='word_1_52' title='bbox 1271 461 1318 496; x_wconf 92' lang='lat' dir='ltr'>ad</span> <span class='ocrx_word' id='word_1_53' title='bbox 1341 460 1491 496; x_wconf 87' lang='lat' dir='ltr'>alterum</span> <span class='ocrx_word' id='word_1_54' title='bbox 1515 460 1693 495; x_wconf 65' lang='lat' dir='ltr'>intervalli</span> <span class='ocrx_word' id='word_1_55' title='bbox 1716 460 1936 495; x_wconf 85' lang='lat' dir='ltr'>immensitas</span> <span class='ocrx_word' id='word_1_56' title='bbox 1960 459 2065 494; x_wconf 87' lang='lat' dir='ltr'>relin-</span> 
     </span>
     <span class='ocr_line' id='line_1_6' title="bbox 273 517 2065 569; baseline -0.004 -10"><span class='ocrx_word' id='word_1_57' title='bbox 273 530 404 569; x_wconf 82' lang='lat' dir='ltr'><strong>quatur</strong></span> <span class='ocrx_word' id='word_1_58' title='bbox 429 527 463 557; x_wconf 94' lang='lat' dir='ltr'>et</span> <span class='ocrx_word' id='word_1_59' title='bbox 488 522 638 566; x_wconf 89' lang='lat' dir='ltr'>quisque</span> <span class='ocrx_word' id='word_1_60' title='bbox 665 520 861 565; x_wconf 83' lang='lat' dir='ltr'>geometria</span> <span class='ocrx_word' id='word_1_61' title='bbox 885 526 1009 565; x_wconf 91' lang='lat' dir='ltr'>septus</span> <span class='ocrx_word' id='word_1_62' title='bbox 1035 530 1138 554; x_wconf 91' lang='lat' dir='ltr'>suum</span> <span class='ocrx_word' id='word_1_63' title='bbox 1164 518 1283 553; x_wconf 91' lang='lat' dir='ltr'>locum</span> <span class='ocrx_word' id='word_1_64' title='bbox 1306 519 1342 553; x_wconf 91' lang='lat' dir='ltr'>in</span> <span class='ocrx_word' id='word_1_65' title='bbox 1365 519 1462 553; x_wconf 85' lang='lat' dir='ltr'>hunc</span> <span class='ocrx_word' id='word_1_66' title='bbox 1478 524 1623 553; x_wconf 88' lang='lat' dir='ltr'>tueatur</span> <span class='ocrx_word' id='word_1_67' title='bbox 1646 518 1801 563; x_wconf 88' lang='lat' dir='ltr'>modum,</span> <span class='ocrx_word' id='word_1_68' title='bbox 1824 523 1865 553; x_wconf 90' lang='lat' dir='ltr'>ut</span> <span class='ocrx_word' id='word_1_69' title='bbox 1889 517 1920 553; x_wconf 92' lang='lat' dir='ltr'>si</span> <span class='ocrx_word' id='word_1_70' title='bbox 1943 528 2065 563; x_wconf 90' lang='lat' dir='ltr'>quem-</span> 
     </span>
     <span class='ocr_line' id='line_1_7' title="bbox 274 575 1660 625; baseline -0.004 -9"><span class='ocrx_word' id='word_1_71' title='bbox 274 592 412 625; x_wconf 84' lang='lat' dir='ltr'><strong>cunque</strong></span> <span class='ocrx_word' id='word_1_72' title='bbox 438 581 517 615; x_wconf 89' lang='lat' dir='ltr'>loco</span> <span class='ocrx_word' id='word_1_73' title='bbox 544 589 685 613; x_wconf 78' lang='lat' dir='ltr'>movere</span> <span class='ocrx_word' id='word_1_74' title='bbox 710 583 838 622; x_wconf 81' lang='lat' dir='ltr'>tenteS,</span> <span class='ocrx_word' id='word_1_75' title='bbox 864 578 970 614; x_wconf 89' lang='lat' dir='ltr'>simul</span> <span class='ocrx_word' id='word_1_76' title='bbox 995 577 1102 612; x_wconf 80' lang='lat' dir='ltr'>etiam</span> <span class='ocrx_word' id='word_1_77' title='bbox 1129 581 1244 611; x_wconf 87' lang='lat' dir='ltr'>totum</span> <span class='ocrx_word' id='word_1_78' title='bbox 1270 581 1426 621; x_wconf 77' lang='lat' dir='ltr'>systema</span> <span class='ocrx_word' id='word_1_79' title='bbox 1453 575 1660 611; x_wconf 81' lang='lat' dir='ltr'>dissolvas.“</span> 
     </span>
    </p>

    <p class='ocr_par' dir='ltr' id='par_1_3' title="bbox 272 633 2073 2655">
     <span class='ocr_line' id='line_1_8' title="bbox 408 633 2065 680; baseline -0.002 -9"><span class='ocrx_word' id='word_1_80' title='bbox 408 638 500 672; x_wconf 89' lang='lat' dir='ltr'>Hinc</span> <span class='ocrx_word' id='word_1_81' title='bbox 538 636 666 671; x_wconf 76' lang='lat' dir='ltr'>transit</span> <span class='ocrx_word' id='word_1_82' title='bbox 697 636 868 671; x_wconf 85' lang='lat' dir='ltr'>Rheticus</span> <span class='ocrx_word' id='word_1_83' title='bbox 902 637 947 671; x_wconf 87' lang='lat' dir='ltr'>ad</span> <span class='ocrx_word' id='word_1_84' title='bbox 983 641 1137 680; x_wconf 90' lang='lat' dir='ltr'>quatuor</span> <span class='ocrx_word' id='word_1_85' title='bbox 1177 640 1314 674; x_wconf 68' lang='lat' dir='ltr'>motus,</span> <span class='ocrx_word' id='word_1_86' title='bbox 1354 645 1444 679; x_wconf 93' lang='lat' dir='ltr'>quos</span> <span class='ocrx_word' id='word_1_87' title='bbox 1492 633 1710 678; x_wconf 89' lang='lat' dir='ltr'>Copernicus</span> <span class='ocrx_word' id='word_1_88' title='bbox 1752 634 1885 668; x_wconf 83' lang='lat' dir='ltr'>Terrae</span> <span class='ocrx_word' id='word_1_89' title='bbox 1922 633 2065 669; x_wconf 83' lang='lat' dir='ltr'>tribuit:</span> 
     </span>
     <span class='ocr_line' id='line_1_9' title="bbox 275 691 2068 741; baseline -0.002 -9"><span class='ocrx_word' id='word_1_90' title='bbox 275 697 313 741; x_wconf 76' lang='lat'>1)</span> <span class='ocrx_word' id='word_1_91' title='bbox 340 695 586 741; x_wconf 84' lang='lat' dir='ltr'>quotidianum</span> <span class='ocrx_word' id='word_1_92' title='bbox 612 694 706 729; x_wconf 90' lang='lat' dir='ltr'>circa</span> <span class='ocrx_word' id='word_1_93' title='bbox 731 704 852 738; x_wconf 73' lang='lat' dir='ltr'>axem,</span> <span class='ocrx_word' id='word_1_94' title='bbox 889 694 927 737; x_wconf 70' lang='lat'>2]</span> <span class='ocrx_word' id='word_1_95' title='bbox 953 704 1110 729; x_wconf 85' lang='lat' dir='ltr'>annuum</span> <span class='ocrx_word' id='word_1_96' title='bbox 1137 693 1231 729; x_wconf 89' lang='lat' dir='ltr'>circa</span> <span class='ocrx_word' id='word_1_97' title='bbox 1256 692 1391 736; x_wconf 85' lang='lat' dir='ltr'>Solem,</span> <span class='ocrx_word' id='word_1_98' title='bbox 1431 693 1468 736; x_wconf 80' lang='lat'>3)</span> <span class='ocrx_word' id='word_1_99' title='bbox 1497 698 1652 733; x_wconf 75' lang='lat' dir='ltr'>„motum</span> <span class='ocrx_word' id='word_1_100' title='bbox 1684 691 1889 736; x_wconf 89' lang='lat' dir='ltr'>aequatoris</span> <span class='ocrx_word' id='word_1_101' title='bbox 1923 697 1960 727; x_wconf 89' lang='lat' dir='ltr'>et</span> <span class='ocrx_word' id='word_1_102' title='bbox 1991 692 2068 728; x_wconf 79' lang='lat' dir='ltr'>axis</span> 
     </span>
     <span class='ocr_line' id='line_1_10' title="bbox 275 749 2065 798; baseline -0.003 -8"><span class='ocrx_word' id='word_1_103' title='bbox 275 756 407 790; x_wconf 87' lang='lat' dir='ltr'>Terrae</span> <span class='ocrx_word' id='word_1_104' title='bbox 433 753 478 788; x_wconf 87' lang='lat' dir='ltr'>ad</span> <span class='ocrx_word' id='word_1_105' title='bbox 502 753 649 798; x_wconf 85' lang='lat' dir='ltr'>planum</span> <span class='ocrx_word' id='word_1_106' title='bbox 674 752 859 796; x_wconf 86' lang='lat' dir='ltr'>eclipticae</span> <span class='ocrx_word' id='word_1_107' title='bbox 892 752 1053 787; x_wconf 88' lang='lat' dir='ltr'>inclinati</span> <span class='ocrx_word' id='word_1_108' title='bbox 1079 750 1345 787; x_wconf 72' lang='lat' dir='ltr'>convertibilem</span> <span class='ocrx_word' id='word_1_109' title='bbox 1370 756 1406 787; x_wconf 87' lang='lat' dir='ltr'>et</span> <span class='ocrx_word' id='word_1_110' title='bbox 1432 755 1555 786; x_wconf 87' lang='lat' dir='ltr'>contra</span> <span class='ocrx_word' id='word_1_111' title='bbox 1579 755 1715 785; x_wconf 86' lang='lat' dir='ltr'>motum</span> <span class='ocrx_word' id='word_1_112' title='bbox 1740 750 1854 784; x_wconf 88' lang='lat' dir='ltr'>centri</span> <span class='ocrx_word' id='word_1_113' title='bbox 1877 749 2065 794; x_wconf 82' lang='lat' dir='ltr'>reflexum,</span> 
     </span>
     <span class='ocr_line' id='line_1_11' title="bbox 272 807 2068 855; baseline -0.003 -8"><span class='ocrx_word' id='word_1_114' title='bbox 272 813 323 848; x_wconf 89' lang='lat' dir='ltr'>ita</span> <span class='ocrx_word' id='word_1_115' title='bbox 347 817 387 847; x_wconf 87' lang='lat' dir='ltr'>ut</span> <span class='ocrx_word' id='word_1_116' title='bbox 411 811 615 855; x_wconf 88' lang='lat' dir='ltr'>ubicunque</span> <span class='ocrx_word' id='word_1_117' title='bbox 641 810 687 844; x_wconf 88' lang='lat' dir='ltr'>sit</span> <span class='ocrx_word' id='word_1_118' title='bbox 714 816 872 845; x_wconf 85' lang='lat' dir='ltr'>centrum</span> <span class='ocrx_word' id='word_1_119' title='bbox 899 811 1042 854; x_wconf 77' lang='lat' dir='ltr'>Terrae,</span> <span class='ocrx_word' id='word_1_120' title='bbox 1069 809 1341 853; x_wconf 82' lang='lat' dir='ltr'>aequinoctialis</span> <span class='ocrx_word' id='word_1_121' title='bbox 1367 814 1402 843; x_wconf 90' lang='lat' dir='ltr'>et</span> <span class='ocrx_word' id='word_1_122' title='bbox 1426 808 1501 853; x_wconf 89' lang='lat' dir='ltr'>poli</span> <span class='ocrx_word' id='word_1_123' title='bbox 1525 808 1658 843; x_wconf 87' lang='lat' dir='ltr'>Terrae</span> <span class='ocrx_word' id='word_1_124' title='bbox 1682 813 1830 853; x_wconf 84' lang='lat' dir='ltr'>propter</span> <span class='ocrx_word' id='word_1_125' title='bbox 1853 807 1963 843; x_wconf 87' lang='lat' dir='ltr'>talem</span> <span class='ocrx_word' id='word_1_126' title='bbox 1990 808 2068 843; x_wconf 81' lang='lat' dir='ltr'>axis</span> 
     </span>
     <span class='ocr_line' id='line_1_12' title="bbox 274 866 2069 911; baseline -0.003 -5"><span class='ocrx_word' id='word_1_127' title='bbox 274 872 407 906; x_wconf 84' lang='lat' dir='ltr'>Terrae</span> <span class='ocrx_word' id='word_1_128' title='bbox 430 869 697 905; x_wconf 78' lang='lat' dir='ltr'>inclinationem</span> <span class='ocrx_word' id='word_1_129' title='bbox 723 874 759 902; x_wconf 90' lang='lat' dir='ltr'>et</span> <span class='ocrx_word' id='word_1_130' title='bbox 784 867 920 903; x_wconf 87' lang='lat' dir='ltr'>stellati</span> <span class='ocrx_word' id='word_1_131' title='bbox 944 868 1039 902; x_wconf 88' lang='lat' dir='ltr'>orbis</span> <span class='ocrx_word' id='word_1_132' title='bbox 1065 868 1340 902; x_wconf 80' lang='lat' dir='ltr'>immensitatem</span> <span class='ocrx_word' id='word_1_133' title='bbox 1372 867 1418 902; x_wconf 88' lang='lat' dir='ltr'>ad</span> <span class='ocrx_word' id='word_1_134' title='bbox 1448 866 1592 901; x_wconf 89' lang='lat' dir='ltr'>easdem</span> <span class='ocrx_word' id='word_1_135' title='bbox 1622 866 1743 901; x_wconf 89' lang='lat' dir='ltr'>mundi</span> <span class='ocrx_word' id='word_1_136' title='bbox 1773 872 1895 911; x_wconf 88' lang='lat' dir='ltr'>partes</span> <span class='ocrx_word' id='word_1_137' title='bbox 1927 877 2069 911; x_wconf 89' lang='lat' dir='ltr'>semper</span> 
     </span>
     <span class='ocr_line' id='line_1_13' title="bbox 272 924 2069 973; baseline -0.003 -8"><span class='ocrx_word' id='word_1_138' title='bbox 272 930 385 965; x_wconf 83' lang='lat' dir='ltr'>ferme</span> <span class='ocrx_word' id='word_1_139' title='bbox 408 927 618 973; x_wconf 79' lang='lat' dir='ltr'>respiciant3</span> <span class='ocrx_word' id='word_1_140' title='bbox 645 927 741 972; x_wconf 89' lang='lat' dir='ltr'>quod</span> <span class='ocrx_word' id='word_1_141' title='bbox 766 927 837 969; x_wconf 86' lang='lat' dir='ltr'>fiet,</span> <span class='ocrx_word' id='word_1_142' title='bbox 866 926 895 960; x_wconf 89' lang='lat' dir='ltr'>si</span> <span class='ocrx_word' id='word_1_143' title='bbox 921 930 1094 970; x_wconf 88' lang='lat' dir='ltr'>quantum</span> <span class='ocrx_word' id='word_1_144' title='bbox 1113 925 1245 961; x_wconf 81' lang='lat' dir='ltr'>Terrae</span> <span class='ocrx_word' id='word_1_145' title='bbox 1262 931 1424 961; x_wconf 83' lang='lat' dir='ltr'>centrum</span> <span class='ocrx_word' id='word_1_146' title='bbox 1441 925 1486 960; x_wconf 84' lang='lat' dir='ltr'>ab</span> <span class='ocrx_word' id='word_1_147' title='bbox 1511 924 1597 960; x_wconf 90' lang='lat' dir='ltr'>orbe</span> <span class='ocrx_word' id='word_1_148' title='bbox 1614 924 1795 969; x_wconf 84' lang='lat' dir='ltr'>magnoin</span> <span class='ocrx_word' id='word_1_149' title='bbox 1811 924 2069 968; x_wconf 86' lang='lat' dir='ltr'>consequentia</span> 
     </span>
     <span class='ocr_line' id='line_1_14' title="bbox 275 981 2068 1029; baseline -0.002 -7"><span class='ocrx_word' id='word_1_150' title='bbox 275 987 437 1029; x_wconf 84' lang='lat' dir='ltr'>ducatur,</span> <span class='ocrx_word' id='word_1_151' title='bbox 463 989 602 1020; x_wconf 85' lang='lat' dir='ltr'>tantum</span> <span class='ocrx_word' id='word_1_152' title='bbox 627 985 704 1019; x_wconf 72' lang='lat' dir='ltr'>axis</span> <span class='ocrx_word' id='word_1_153' title='bbox 730 985 862 1019; x_wconf 87' lang='lat' dir='ltr'>Terrae</span> <span class='ocrx_word' id='word_1_154' title='bbox 889 983 1145 1027; x_wconf 74' lang='lat' dir='ltr'>extremitates,</span> <span class='ocrx_word' id='word_1_155' title='bbox 1171 984 1232 1029; x_wconf 93' lang='lat' dir='ltr'>qui</span> <span class='ocrx_word' id='word_1_156' title='bbox 1249 983 1325 1028; x_wconf 88' lang='lat' dir='ltr'>poli</span> <span class='ocrx_word' id='word_1_157' title='bbox 1344 984 1488 1027; x_wconf 82' lang='lat' dir='ltr'>Terrae,</span> <span class='ocrx_word' id='word_1_158' title='bbox 1517 982 1664 1027; x_wconf 81' lang='lat' dir='ltr'>singulis</span> <span class='ocrx_word' id='word_1_159' title='bbox 1683 983 1811 1018; x_wconf 90' lang='lat' dir='ltr'>diebus</span> <span class='ocrx_word' id='word_1_160' title='bbox 1824 981 1899 1018; x_wconf 86' lang='lat' dir='ltr'>fere</span> <span class='ocrx_word' id='word_1_161' title='bbox 1915 983 1953 1018; x_wconf 91' lang='lat' dir='ltr'>in</span> <span class='ocrx_word' id='word_1_162' title='bbox 1969 988 2068 1018; x_wconf 86' lang='lat' dir='ltr'>ante·</span> 
     </span>
     <span class='ocr_line' id='line_1_15' title="bbox 274 1040 2070 1088; baseline -0.002 -8"><span class='ocrx_word' id='word_1_163' title='bbox 274 1044 437 1080; x_wconf 82' lang='lat' dir='ltr'>cedentia</span> <span class='ocrx_word' id='word_1_164' title='bbox 461 1042 655 1088; x_wconf 87' lang='lat' dir='ltr'>procedere</span> <span class='ocrx_word' id='word_1_165' title='bbox 678 1041 940 1086; x_wconf 72' lang='lat' dir='ltr'>intelligantur,</span> <span class='ocrx_word' id='word_1_166' title='bbox 974 1041 1067 1076; x_wconf 85' lang='lat' dir='ltr'>circa</span> <span class='ocrx_word' id='word_1_167' title='bbox 1102 1053 1204 1077; x_wconf 82' lang='lat' dir='ltr'>axem</span> <span class='ocrx_word' id='word_1_168' title='bbox 1231 1048 1266 1078; x_wconf 89' lang='lat' dir='ltr'>et</span> <span class='ocrx_word' id='word_1_169' title='bbox 1289 1042 1412 1088; x_wconf 86' lang='lat' dir='ltr'>polos,</span> <span class='ocrx_word' id='word_1_170' title='bbox 1448 1041 1507 1077; x_wconf 76' lang='lat' dir='ltr'>axi</span> <span class='ocrx_word' id='word_1_171' title='bbox 1540 1047 1575 1076; x_wconf 90' lang='lat' dir='ltr'>et</span> <span class='ocrx_word' id='word_1_172' title='bbox 1606 1040 1701 1086; x_wconf 91' lang='lat' dir='ltr'>polis</span> <span class='ocrx_word' id='word_1_173' title='bbox 1734 1041 1829 1076; x_wconf 92' lang='lat' dir='ltr'>orbis</span> <span class='ocrx_word' id='word_1_174' title='bbox 1861 1041 1982 1087; x_wconf 88' lang='lat' dir='ltr'>magni</span> <span class='ocrx_word' id='word_1_175' title='bbox 2005 1046 2070 1076; x_wconf 89' lang='lat' dir='ltr'>aut</span> 
     </span>
     <span class='ocr_line' id='line_1_16' title="bbox 274 1098 2070 1146; baseline -0.002 -9"><span class='ocrx_word' id='word_1_176' title='bbox 274 1102 461 1146; x_wconf 88' lang='lat' dir='ltr'>eclipticae</span> <span class='ocrx_word' id='word_1_177' title='bbox 486 1100 780 1144; x_wconf 84' lang='lat' dir='ltr'>aequidistantes,</span> <span class='ocrx_word' id='word_1_178' title='bbox 807 1099 958 1134; x_wconf 89' lang='lat' dir='ltr'>circulos</span> <span class='ocrx_word' id='word_1_179' title='bbox 984 1109 1115 1144; x_wconf 73' lang='lat' dir='ltr'>parvos</span> <span class='ocrx_word' id='word_1_180' title='bbox 1142 1099 1397 1136; x_wconf 72' lang='lat' dir='ltr'>describendo-</span> <span class='ocrx_word' id='word_1_181' title='bbox 1412 1113 1420 1144; x_wconf 74' lang='lat'><em>3</em></span> <span class='ocrx_word' id='word_1_182' title='bbox 1455 1101 1487 1143; x_wconf 79' lang='lat'>4)</span> <span class='ocrx_word' id='word_1_183' title='bbox 1514 1104 1667 1141; x_wconf 89' lang='lat' dir='ltr'>motum,</span> <span class='ocrx_word' id='word_1_184' title='bbox 1702 1099 1762 1144; x_wconf 91' lang='lat' dir='ltr'>qui</span> <span class='ocrx_word' id='word_1_185' title='bbox 1786 1098 1880 1134; x_wconf 89' lang='lat' dir='ltr'>binis</span> <span class='ocrx_word' id='word_1_186' title='bbox 1903 1098 2070 1143; x_wconf 91' lang='lat' dir='ltr'>polorum</span> 
     </span>
     <span class='ocr_line' id='line_1_17' title="bbox 274 1157 2069 1203; baseline -0.001 -9"><span class='ocrx_word' id='word_1_187' title='bbox 274 1158 524 1194; x_wconf 85' lang='lat' dir='ltr'>librationibus</span> <span class='ocrx_word' id='word_1_188' title='bbox 550 1158 744 1203; x_wconf 87' lang='lat' dir='ltr'>perficitur.</span> <span class='ocrx_word' id='word_1_189' title='bbox 793 1157 1016 1193; x_wconf 80' lang='lat' dir='ltr'>Posteriores</span> <span class='ocrx_word' id='word_1_190' title='bbox 1044 1158 1132 1193; x_wconf 91' lang='lat' dir='ltr'>duos</span> <span class='ocrx_word' id='word_1_191' title='bbox 1157 1163 1275 1193; x_wconf 91' lang='lat' dir='ltr'>motus</span> <span class='ocrx_word' id='word_1_192' title='bbox 1301 1158 1355 1193; x_wconf 89' lang='lat' dir='ltr'>his</span> <span class='ocrx_word' id='word_1_193' title='bbox 1381 1158 1561 1203; x_wconf 73' lang='lat' dir='ltr'>explicare</span> <span class='ocrx_word' id='word_1_194' title='bbox 1586 1158 1708 1193; x_wconf 89' lang='lat' dir='ltr'>studet</span> <span class='ocrx_word' id='word_1_195' title='bbox 1732 1157 1924 1193; x_wconf 87' lang='lat' dir='ltr'>Rheticus:</span> <span class='ocrx_word' id='word_1_196' title='bbox 1961 1167 2069 1201; x_wconf 65' lang='lat' dir='ltr'>„quo-</span> 
     </span>
     <span class='ocr_line' id='line_1_18' title="bbox 276 1215 2070 1261; baseline -0.001 -8"><span class='ocrx_word' id='word_1_197' title='bbox 276 1219 370 1253; x_wconf 85' lang='lat' dir='ltr'>niam</span> <span class='ocrx_word' id='word_1_198' title='bbox 396 1215 665 1260; x_wconf 84' lang='lat' dir='ltr'>aequinoctialis</span> <span class='ocrx_word' id='word_1_199' title='bbox 698 1216 844 1261; x_wconf 88' lang='lat' dir='ltr'>planum</span> <span class='ocrx_word' id='word_1_200' title='bbox 877 1222 1027 1261; x_wconf 89' lang='lat' dir='ltr'>propter</span> <span class='ocrx_word' id='word_1_201' title='bbox 1060 1216 1224 1261; x_wconf 91' lang='lat' dir='ltr'>polorum</span> <span class='ocrx_word' id='word_1_202' title='bbox 1260 1226 1405 1251; x_wconf 86' lang='lat' dir='ltr'>suorum</span> <span class='ocrx_word' id='word_1_203' title='bbox 1438 1222 1571 1251; x_wconf 91' lang='lat' dir='ltr'>motum</span> <span class='ocrx_word' id='word_1_204' title='bbox 1606 1215 1650 1251; x_wconf 88' lang='lat' dir='ltr'>ab</span> <span class='ocrx_word' id='word_1_205' title='bbox 1681 1215 1867 1260; x_wconf 89' lang='lat' dir='ltr'>eclipticae</span> <span class='ocrx_word' id='word_1_206' title='bbox 1897 1215 2008 1260; x_wconf 88' lang='lat' dir='ltr'>plano</span> <span class='ocrx_word' id='word_1_207' title='bbox 2033 1215 2070 1251; x_wconf 87' lang='lat' dir='ltr'>in</span> 
     </span>
     <span class='ocr_line' id='line_1_19' title="bbox 277 1272 2071 1318; baseline -0.001 -8"><span class='ocrx_word' id='word_1_208' title='bbox 277 1274 466 1311; x_wconf 90' lang='lat' dir='ltr'>collatione</span> <span class='ocrx_word' id='word_1_209' title='bbox 492 1274 537 1309; x_wconf 88' lang='lat' dir='ltr'>ad</span> <span class='ocrx_word' id='word_1_210' title='bbox 562 1273 680 1309; x_wconf 86' lang='lat' dir='ltr'>Solem</span> <span class='ocrx_word' id='word_1_211' title='bbox 705 1273 903 1309; x_wconf 88' lang='lat' dir='ltr'>reflectitur</span> <span class='ocrx_word' id='word_1_212' title='bbox 921 1280 955 1308; x_wconf 91' lang='lat' dir='ltr'>et</span> <span class='ocrx_word' id='word_1_213' title='bbox 974 1274 1142 1317; x_wconf 75' lang='lat' dir='ltr'>declinat,</span> <span class='ocrx_word' id='word_1_214' title='bbox 1170 1275 1235 1309; x_wconf 91' lang='lat' dir='ltr'>sub</span> <span class='ocrx_word' id='word_1_215' title='bbox 1253 1274 1378 1308; x_wconf 88' lang='lat' dir='ltr'>iisdem</span> <span class='ocrx_word' id='word_1_216' title='bbox 1398 1274 1474 1310; x_wconf 88' lang='lat' dir='ltr'>fere</span> <span class='ocrx_word' id='word_1_217' title='bbox 1492 1273 1677 1317; x_wconf 88' lang='lat' dir='ltr'>eclipticae</span> <span class='ocrx_word' id='word_1_218' title='bbox 1701 1272 1790 1308; x_wconf 91' lang='lat' dir='ltr'>locis</span> <span class='ocrx_word' id='word_1_219' title='bbox 1808 1272 1934 1308; x_wconf 85' lang='lat' dir='ltr'>eadem</span> <span class='ocrx_word' id='word_1_220' title='bbox 1950 1273 2071 1318; x_wconf 89' lang='lat' dir='ltr'>aequi-</span> 
     </span>
     <span class='ocr_line' id='line_1_20' title="bbox 278 1331 2071 1377; baseline -0.002 -9"><span class='ocrx_word' id='word_1_221' title='bbox 278 1332 442 1368; x_wconf 90' lang='lat' dir='ltr'>noctialis</span> <span class='ocrx_word' id='word_1_222' title='bbox 473 1333 517 1367; x_wconf 90' lang='lat' dir='ltr'>ab</span> <span class='ocrx_word' id='word_1_223' title='bbox 553 1331 716 1376; x_wconf 88' lang='lat' dir='ltr'>ecliptica</span> <span class='ocrx_word' id='word_1_224' title='bbox 751 1331 842 1366; x_wconf 83' lang='lat' dir='ltr'>redit</span> <span class='ocrx_word' id='word_1_225' title='bbox 876 1331 1066 1366; x_wconf 88' lang='lat' dir='ltr'>declinatio</span> <span class='ocrx_word' id='word_1_226' title='bbox 1100 1332 1240 1376; x_wconf 85' lang='lat' dir='ltr'>ipsique</span> <span class='ocrx_word' id='word_1_227' title='bbox 1276 1331 1350 1376; x_wconf 90' lang='lat' dir='ltr'>poli</span> <span class='ocrx_word' id='word_1_228' title='bbox 1382 1331 1530 1367; x_wconf 90' lang='lat' dir='ltr'>diurnae</span> <span class='ocrx_word' id='word_1_229' title='bbox 1566 1331 1797 1367; x_wconf 85' lang='lat' dir='ltr'>revolutionis</span> <span class='ocrx_word' id='word_1_230' title='bbox 1831 1341 1974 1377; x_wconf 88' lang='lat' dir='ltr'>semper</span> <span class='ocrx_word' id='word_1_231' title='bbox 2005 1332 2071 1366; x_wconf 90' lang='lat' dir='ltr'>sub</span> 
     </span>
     <span class='ocr_line' id='line_1_21' title="bbox 277 1389 2071 1434; baseline -0.001 -9"><span class='ocrx_word' id='word_1_232' title='bbox 277 1390 402 1425; x_wconf 88' lang='lat' dir='ltr'>eodem</span> <span class='ocrx_word' id='word_1_233' title='bbox 435 1390 537 1434; x_wconf 86' lang='lat' dir='ltr'>quasi</span> <span class='ocrx_word' id='word_1_234' title='bbox 568 1389 731 1425; x_wconf 84' lang='lat' dir='ltr'>stellatae</span> <span class='ocrx_word' id='word_1_235' title='bbox 764 1389 939 1433; x_wconf 84' lang='lat' dir='ltr'>sphaerae</span> <span class='ocrx_word' id='word_1_236' title='bbox 978 1390 1048 1424; x_wconf 86' lang='lat' dir='ltr'>situ</span> <span class='ocrx_word' id='word_1_237' title='bbox 1081 1395 1280 1425; x_wconf 69' lang='lat' dir='ltr'>versantur.</span> <span class='ocrx_word' id='word_1_238' title='bbox 1336 1390 1474 1425; x_wconf 87' lang='lat' dir='ltr'>Deinde</span> <span class='ocrx_word' id='word_1_239' title='bbox 1505 1391 1542 1424; x_wconf 90' lang='lat' dir='ltr'>in</span> <span class='ocrx_word' id='word_1_240' title='bbox 1572 1390 1736 1424; x_wconf 74' lang='lat' dir='ltr'>maximis</span> <span class='ocrx_word' id='word_1_241' title='bbox 1772 1389 2071 1425; x_wconf 83' lang='lat' dir='ltr'>declinationibus</span> 
     </span>
     <span class='ocr_line' id='line_1_22' title="bbox 277 1446 2072 1492; baseline -0.001 -9"><span class='ocrx_word' id='word_1_242' title='bbox 277 1447 546 1492; x_wconf 88' lang='lat' dir='ltr'>aequinoctialis</span> <span class='ocrx_word' id='word_1_243' title='bbox 577 1447 622 1482; x_wconf 88' lang='lat' dir='ltr'>ab</span> <span class='ocrx_word' id='word_1_244' title='bbox 656 1446 841 1491; x_wconf 88' lang='lat' dir='ltr'>eclipticae</span> <span class='ocrx_word' id='word_1_245' title='bbox 875 1446 983 1492; x_wconf 90' lang='lat' dir='ltr'>plano</span> <span class='ocrx_word' id='word_1_246' title='bbox 1014 1447 1061 1482; x_wconf 89' lang='lat' dir='ltr'>ad</span> <span class='ocrx_word' id='word_1_247' title='bbox 1088 1447 1205 1483; x_wconf 87' lang='lat' dir='ltr'>Solem</span> <span class='ocrx_word' id='word_1_248' title='bbox 1239 1448 1333 1482; x_wconf 88' lang='lat' dir='ltr'>linea</span> <span class='ocrx_word' id='word_1_249' title='bbox 1359 1458 1404 1483; x_wconf 80' lang='lat' dir='ltr'>ex</span> <span class='ocrx_word' id='word_1_250' title='bbox 1436 1453 1559 1483; x_wconf 89' lang='lat' dir='ltr'>centro</span> <span class='ocrx_word' id='word_1_251' title='bbox 1587 1448 1680 1483; x_wconf 89' lang='lat' dir='ltr'>Solis</span> <span class='ocrx_word' id='word_1_252' title='bbox 1713 1447 1834 1483; x_wconf 79' lang='lat' dir='ltr'>exiens</span> <span class='ocrx_word' id='word_1_253' title='bbox 1866 1447 1912 1482; x_wconf 84' lang='lat' dir='ltr'>ad</span> <span class='ocrx_word' id='word_1_254' title='bbox 1937 1448 2072 1482; x_wconf 88' lang='lat' dir='ltr'>Terrae</span> 
     </span>
     <span class='ocr_line' id='line_1_23' title="bbox 277 1504 2073 1551; baseline -0.001 -9"><span class='ocrx_word' id='word_1_255' title='bbox 277 1512 438 1542; x_wconf 88' lang='lat' dir='ltr'>centrum</span> <span class='ocrx_word' id='word_1_256' title='bbox 463 1507 620 1541; x_wconf 85' lang='lat' dir='ltr'>sectione</span> <span class='ocrx_word' id='word_1_257' title='bbox 646 1505 768 1541; x_wconf 89' lang='lat' dir='ltr'>conica</span> <span class='ocrx_word' id='word_1_258' title='bbox 794 1504 925 1540; x_wconf 74' lang='lat' dir='ltr'>Terrae</span> <span class='ocrx_word' id='word_1_259' title='bbox 958 1505 1118 1551; x_wconf 79' lang='lat' dir='ltr'>globum,</span> <span class='ocrx_word' id='word_1_260' title='bbox 1153 1507 1278 1542; x_wconf 86' lang='lat' dir='ltr'>diurna</span> <span class='ocrx_word' id='word_1_261' title='bbox 1312 1506 1535 1542; x_wconf 75' lang='lat' dir='ltr'>revolutione</span> <span class='ocrx_word' id='word_1_262' title='bbox 1568 1505 1880 1550; x_wconf 80' lang='lat' dir='ltr'>circumvolutum,</span> <span class='ocrx_word' id='word_1_263' title='bbox 1915 1505 2073 1541; x_wconf 84' lang='lat' dir='ltr'>dissecat</span> 
     </span>
     <span class='ocr_line' id='line_1_24' title="bbox 277 1563 2071 1609; baseline -0.001 -10"><span class='ocrx_word' id='word_1_264' title='bbox 277 1563 505 1609; x_wconf 81' lang='lat' dir='ltr'>tropicosque</span> <span class='ocrx_word' id='word_1_265' title='bbox 538 1563 716 1598; x_wconf 87' lang='lat' dir='ltr'>describit.</span> <span class='ocrx_word' id='word_1_266' title='bbox 766 1563 974 1607; x_wconf 74' lang='lat' dir='ltr'>Praeterea,</span> <span class='ocrx_word' id='word_1_267' title='bbox 1008 1564 1150 1609; x_wconf 88' lang='lat' dir='ltr'>quando</span> <span class='ocrx_word' id='word_1_268' title='bbox 1184 1564 1454 1609; x_wconf 82' lang='lat' dir='ltr'>aequinoctialis</span> <span class='ocrx_word' id='word_1_269' title='bbox 1486 1564 1632 1609; x_wconf 86' lang='lat' dir='ltr'>planum</span> <span class='ocrx_word' id='word_1_270' title='bbox 1663 1565 1707 1599; x_wconf 92' lang='lat' dir='ltr'>ab</span> <span class='ocrx_word' id='word_1_271' title='bbox 1741 1563 1927 1608; x_wconf 88' lang='lat' dir='ltr'>eclipticae</span> <span class='ocrx_word' id='word_1_272' title='bbox 1961 1563 2071 1609; x_wconf 86' lang='lat' dir='ltr'>plano</span> 
     </span>
     <span class='ocr_line' id='line_1_25' title="bbox 281 1620 2073 1667; baseline -0.001 -9"><span class='ocrx_word' id='word_1_273' title='bbox 281 1623 327 1658; x_wconf 85' lang='lat' dir='ltr'>ad</span> <span class='ocrx_word' id='word_1_274' title='bbox 354 1622 473 1658; x_wconf 88' lang='lat' dir='ltr'>Solem</span> <span class='ocrx_word' id='word_1_275' title='bbox 497 1621 650 1656; x_wconf 80' lang='lat' dir='ltr'>maxime</span> <span class='ocrx_word' id='word_1_276' title='bbox 674 1620 880 1665; x_wconf 74' lang='lat' dir='ltr'>reflectitur,</span> <span class='ocrx_word' id='word_1_277' title='bbox 907 1622 943 1656; x_wconf 91' lang='lat' dir='ltr'>in</span> <span class='ocrx_word' id='word_1_278' title='bbox 968 1622 1132 1657; x_wconf 74' lang='lat' dir='ltr'>universa</span> <span class='ocrx_word' id='word_1_279' title='bbox 1159 1623 1270 1658; x_wconf 87' lang='lat' dir='ltr'>Terra</span> <span class='ocrx_word' id='word_1_280' title='bbox 1296 1623 1562 1667; x_wconf 84' lang='lat' dir='ltr'>aequinoctium</span> <span class='ocrx_word' id='word_1_281' title='bbox 1594 1621 1778 1666; x_wconf 88' lang='lat' dir='ltr'>contingit.</span> <span class='ocrx_word' id='word_1_282' title='bbox 1818 1621 1966 1656; x_wconf 89' lang='lat' dir='ltr'>Polares</span> <span class='ocrx_word' id='word_1_283' title='bbox 1992 1621 2073 1665; x_wconf 86' lang='lat' dir='ltr'>(cir-</span> 
     </span>
     <span class='ocr_line' id='line_1_26' title="bbox 278 1677 2071 1725; baseline -0.001 -10"><span class='ocrx_word' id='word_1_284' title='bbox 278 1679 396 1724; x_wconf 85' lang='lat' dir='ltr'>culos)</span> <span class='ocrx_word' id='word_1_285' title='bbox 421 1680 463 1714; x_wconf 95' lang='lat' dir='ltr'>D.</span> <span class='ocrx_word' id='word_1_286' title='bbox 482 1679 709 1722; x_wconf 87' lang='lat' dir='ltr'>Praeceptori</span> <span class='ocrx_word' id='word_1_287' title='bbox 725 1677 799 1723; x_wconf 88' lang='lat' dir='ltr'>poli</span> <span class='ocrx_word' id='word_1_288' title='bbox 815 1679 1000 1723; x_wconf 86' lang='lat' dir='ltr'>eclipticae</span> <span class='ocrx_word' id='word_1_289' title='bbox 1019 1680 1299 1724; x_wconf 86' lang='lat' dir='ltr'>aequidistantes</span> <span class='ocrx_word' id='word_1_290' title='bbox 1319 1682 1410 1716; x_wconf 86' lang='lat' dir='ltr'>circa</span> <span class='ocrx_word' id='word_1_291' title='bbox 1438 1679 1711 1725; x_wconf 85' lang='lat' dir='ltr'>aequinoctialis</span> <span class='ocrx_word' id='word_1_292' title='bbox 1736 1679 1839 1724; x_wconf 91' lang='lat' dir='ltr'>polos</span> <span class='ocrx_word' id='word_1_293' title='bbox 1861 1679 2071 1724; x_wconf 84' lang='lat' dir='ltr'>depingunt.</span> 
     </span>
     <span class='ocr_line' id='line_1_27' title="bbox 282 1735 2073 1783; baseline -0.001 -10"><span class='ocrx_word' id='word_1_294' title='bbox 282 1738 361 1783; x_wconf 79' lang='lat' dir='ltr'>Qua</span> <span class='ocrx_word' id='word_1_295' title='bbox 384 1737 522 1772; x_wconf 87' lang='lat' dir='ltr'>ratione</span> <span class='ocrx_word' id='word_1_296' title='bbox 546 1735 672 1772; x_wconf 86' lang='lat' dir='ltr'>stellae</span> <span class='ocrx_word' id='word_1_297' title='bbox 696 1735 790 1770; x_wconf 66' lang='lat' dir='ltr'>fixae</span> <span class='ocrx_word' id='word_1_298' title='bbox 815 1746 836 1769; x_wconf 89' lang='lat' dir='ltr'>a</span> <span class='ocrx_word' id='word_1_299' title='bbox 862 1736 1004 1780; x_wconf 88' lang='lat' dir='ltr'>punctis</span> <span class='ocrx_word' id='word_1_300' title='bbox 1030 1738 1351 1780; x_wconf 88' lang='lat' dir='ltr'>aequinoctialibus</span> <span class='ocrx_word' id='word_1_301' title='bbox 1377 1745 1412 1773; x_wconf 89' lang='lat' dir='ltr'>et</span> <span class='ocrx_word' id='word_1_302' title='bbox 1429 1738 1677 1774; x_wconf 88' lang='lat' dir='ltr'>solstitialibus</span> <span class='ocrx_word' id='word_1_303' title='bbox 1703 1737 1862 1781; x_wconf 85' lang='lat' dir='ltr'>elongari</span> <span class='ocrx_word' id='word_1_304' title='bbox 1883 1736 2073 1772; x_wconf 79' lang='lat' dir='ltr'>videantur</span> 
     </span>
     <span class='ocr_line' id='line_1_28' title="bbox 280 1793 2072 1838; baseline -0.001 -8"><span class='ocrx_word' id='word_1_305' title='bbox 280 1800 317 1830; x_wconf 92' lang='lat' dir='ltr'>et</span> <span class='ocrx_word' id='word_1_306' title='bbox 339 1794 493 1830; x_wconf 79' lang='lat' dir='ltr'>maxima</span> <span class='ocrx_word' id='word_1_307' title='bbox 521 1793 613 1829; x_wconf 90' lang='lat' dir='ltr'>Solis</span> <span class='ocrx_word' id='word_1_308' title='bbox 639 1793 830 1838; x_wconf 87' lang='lat' dir='ltr'>obliquitas</span> <span class='ocrx_word' id='word_1_309' title='bbox 856 1794 1001 1828; x_wconf 76' lang='lat' dir='ltr'>variari.</span> <span class='ocrx_word' id='word_1_310' title='bbox 1038 1804 1082 1828; x_wconf 74' lang='lat' dir='ltr'>es</span> <span class='ocrx_word' id='word_1_311' title='bbox 1106 1802 1204 1831; x_wconf 90' lang='lat' dir='ltr'>motu</span> <span class='ocrx_word' id='word_1_312' title='bbox 1231 1795 1477 1832; x_wconf 88' lang='lat' dir='ltr'>declinationis</span> <span class='ocrx_word' id='word_1_313' title='bbox 1505 1802 1539 1831; x_wconf 92' lang='lat' dir='ltr'>et</span> <span class='ocrx_word' id='word_1_314' title='bbox 1564 1795 1656 1831; x_wconf 91' lang='lat' dir='ltr'>binis</span> <span class='ocrx_word' id='word_1_315' title='bbox 1683 1794 1751 1830; x_wconf 89' lang='lat' dir='ltr'>sibi</span> <span class='ocrx_word' id='word_1_316' title='bbox 1775 1794 1924 1829; x_wconf 78' lang='lat' dir='ltr'>invicem</span> <span class='ocrx_word' id='word_1_317' title='bbox 1950 1805 2072 1830; x_wconf 84' lang='lat' dir='ltr'>occur-</span> 
     </span>
     <span class='ocr_line' id='line_1_29' title="bbox 278 1850 2071 1899; baseline 0 -11"><span class='ocrx_word' id='word_1_318' title='bbox 278 1852 440 1889; x_wconf 88' lang='lat' dir='ltr'>rentibus</span> <span class='ocrx_word' id='word_1_319' title='bbox 463 1850 713 1887; x_wconf 89' lang='lat' dir='ltr'>librationibus</span> <span class='ocrx_word' id='word_1_320' title='bbox 733 1851 947 1896; x_wconf 89' lang='lat' dir='ltr'>dependere,</span> <span class='ocrx_word' id='word_1_321' title='bbox 966 1853 1012 1888; x_wconf 90' lang='lat' dir='ltr'>D.</span> <span class='ocrx_word' id='word_1_322' title='bbox 1030 1853 1246 1897; x_wconf 84' lang='lat' dir='ltr'>Praeceptor</span> <span class='ocrx_word' id='word_1_323' title='bbox 1264 1854 1417 1899; x_wconf 82' lang='lat' dir='ltr'>collegit.</span> <span class='ocrx_word' id='word_1_324' title='bbox 1458 1856 1488 1888; x_wconf 85' lang='lat' dir='ltr'>A</span> <span class='ocrx_word' id='word_1_325' title='bbox 1507 1855 1612 1899; x_wconf 83' lang='lat' dir='ltr'>polis,</span> <span class='ocrx_word' id='word_1_326' title='bbox 1638 1853 1824 1898; x_wconf 88' lang='lat' dir='ltr'>eclipticae</span> <span class='ocrx_word' id='word_1_327' title='bbox 1840 1853 1934 1898; x_wconf 85' lang='lat' dir='ltr'>polis</span> <span class='ocrx_word' id='word_1_328' title='bbox 1951 1854 2071 1898; x_wconf 87' lang='lat' dir='ltr'>aequi-</span> 
     </span>
     <span class='ocr_line' id='line_1_30' title="bbox 281 1909 2070 1956; baseline 0 -11"><span class='ocrx_word' id='word_1_329' title='bbox 281 1909 510 1954; x_wconf 86' lang='lat' dir='ltr'>distantibus,</span> <span class='ocrx_word' id='word_1_330' title='bbox 535 1909 702 1954; x_wconf 84' lang='lat' dir='ltr'>utrinque</span> <span class='ocrx_word' id='word_1_331' title='bbox 719 1909 780 1944; x_wconf 75' lang='lat'>23⁰</span> <span class='ocrx_word' id='word_1_332' title='bbox 797 1909 854 1945; x_wconf 68' lang='lat'>40‘</span> <span class='ocrx_word' id='word_1_333' title='bbox 879 1914 1110 1945; x_wconf 86' lang='lat' dir='ltr'>numerentur</span> <span class='ocrx_word' id='word_1_334' title='bbox 1133 1909 1254 1955; x_wconf 87' lang='lat' dir='ltr'>ibique</span> <span class='ocrx_word' id='word_1_335' title='bbox 1274 1912 1342 1947; x_wconf 89' lang='lat' dir='ltr'>duo</span> <span class='ocrx_word' id='word_1_336' title='bbox 1362 1918 1531 1947; x_wconf 89' lang='lat' dir='ltr'>notentur</span> <span class='ocrx_word' id='word_1_337' title='bbox 1548 1917 1693 1956; x_wconf 87' lang='lat' dir='ltr'>puncta,</span> <span class='ocrx_word' id='word_1_338' title='bbox 1721 1921 1812 1956; x_wconf 88' lang='lat' dir='ltr'>quae</span> <span class='ocrx_word' id='word_1_339' title='bbox 1829 1911 1933 1955; x_wconf 92' lang='lat' dir='ltr'>polos</span> <span class='ocrx_word' id='word_1_340' title='bbox 1949 1911 2070 1955; x_wconf 86' lang='lat' dir='ltr'>aequi-</span> 
     </span>
     <span class='ocr_line' id='line_1_31' title="bbox 279 1967 2071 2014; baseline 0.001 -11"><span class='ocrx_word' id='word_1_341' title='bbox 279 1967 444 2003; x_wconf 86' lang='lat' dir='ltr'>noctialis</span> <span class='ocrx_word' id='word_1_342' title='bbox 468 1967 575 2002; x_wconf 90' lang='lat' dir='ltr'>medii</span> <span class='ocrx_word' id='word_1_343' title='bbox 598 1967 770 2012; x_wconf 76' lang='lat' dir='ltr'>referant,</span> <span class='ocrx_word' id='word_1_344' title='bbox 804 1973 839 2003; x_wconf 88' lang='lat' dir='ltr'>et</span> <span class='ocrx_word' id='word_1_345' title='bbox 864 1967 1088 2003; x_wconf 88' lang='lat' dir='ltr'>delineentur</span> <span class='ocrx_word' id='word_1_346' title='bbox 1120 1968 1232 2003; x_wconf 88' lang='lat' dir='ltr'>coluri</span> <span class='ocrx_word' id='word_1_347' title='bbox 1265 1970 1497 2005; x_wconf 86' lang='lat' dir='ltr'>solstitiorum</span> <span class='ocrx_word' id='word_1_348' title='bbox 1522 1976 1558 2005; x_wconf 93' lang='lat' dir='ltr'>et</span> <span class='ocrx_word' id='word_1_349' title='bbox 1582 1969 1887 2014; x_wconf 86' lang='lat' dir='ltr'>aequinoctiorum</span> <span class='ocrx_word' id='word_1_350' title='bbox 1917 1969 1954 2004; x_wconf 94' lang='lat' dir='ltr'>in</span> <span class='ocrx_word' id='word_1_351' title='bbox 1978 1969 2071 2004; x_wconf 89' lang='lat' dir='ltr'>orbi-</span> 
     </span>
     <span class='ocr_line' id='line_1_32' title="bbox 281 2025 2071 2071; baseline -0.001 -9"><span class='ocrx_word' id='word_1_352' title='bbox 281 2026 373 2070; x_wconf 82' lang='lat' dir='ltr'>culo,</span> <span class='ocrx_word' id='word_1_353' title='bbox 398 2025 542 2069; x_wconf 86' lang='lat' dir='ltr'>globum</span> <span class='ocrx_word' id='word_1_354' title='bbox 566 2025 698 2059; x_wconf 90' lang='lat' dir='ltr'>Terrae</span> <span class='ocrx_word' id='word_1_355' title='bbox 725 2026 942 2060; x_wconf 82' lang='lat' dir='ltr'>continente.</span> <span class='ocrx_word' id='word_1_356' title='bbox 986 2026 1114 2060; x_wconf 88' lang='lat' dir='ltr'>Centro</span> <span class='ocrx_word' id='word_1_357' title='bbox 1140 2032 1259 2061; x_wconf 87' lang='lat' dir='ltr'>autem</span> <span class='ocrx_word' id='word_1_358' title='bbox 1284 2026 1416 2062; x_wconf 74' lang='lat' dir='ltr'>Terrae</span> <span class='ocrx_word' id='word_1_359' title='bbox 1441 2027 1533 2062; x_wconf 86' lang='lat' dir='ltr'>inter</span> <span class='ocrx_word' id='word_1_360' title='bbox 1560 2027 1678 2062; x_wconf 89' lang='lat' dir='ltr'>Solem</span> <span class='ocrx_word' id='word_1_361' title='bbox 1704 2033 1740 2063; x_wconf 89' lang='lat' dir='ltr'>et</span> <span class='ocrx_word' id='word_1_362' title='bbox 1764 2027 1889 2063; x_wconf 91' lang='lat' dir='ltr'>stellas</span> <span class='ocrx_word' id='word_1_363' title='bbox 1913 2027 2071 2071; x_wconf 88' lang='lat' dir='ltr'>Virginis</span> 
     </span>
     <span class='ocr_line' id='line_1_33' title="bbox 282 2082 2071 2131; baseline 0.001 -12"><span class='ocrx_word' id='word_1_364' title='bbox 282 2088 542 2127; x_wconf 88' lang='lat' dir='ltr'>commorante,</span> <span class='ocrx_word' id='word_1_365' title='bbox 575 2082 782 2118; x_wconf 86' lang='lat' dir='ltr'>reflectatur</span> <span class='ocrx_word' id='word_1_366' title='bbox 807 2093 869 2118; x_wconf 91' lang='lat' dir='ltr'>seu</span> <span class='ocrx_word' id='word_1_367' title='bbox 896 2084 1099 2128; x_wconf 88' lang='lat' dir='ltr'>obliquetur</span> <span class='ocrx_word' id='word_1_368' title='bbox 1123 2083 1392 2128; x_wconf 87' lang='lat' dir='ltr'>aequinoctialis</span> <span class='ocrx_word' id='word_1_369' title='bbox 1417 2085 1553 2120; x_wconf 89' lang='lat' dir='ltr'>medius</span> <span class='ocrx_word' id='word_1_370' title='bbox 1578 2085 1623 2120; x_wconf 84' lang='lat' dir='ltr'>ad</span> <span class='ocrx_word' id='word_1_371' title='bbox 1649 2084 1783 2131; x_wconf 90' lang='lat' dir='ltr'>Solem,</span> <span class='ocrx_word' id='word_1_372' title='bbox 1815 2092 1851 2120; x_wconf 89' lang='lat' dir='ltr'>et</span> <span class='ocrx_word' id='word_1_373' title='bbox 1877 2085 1973 2120; x_wconf 87' lang='lat' dir='ltr'>linea</span> <span class='ocrx_word' id='word_1_374' title='bbox 1997 2085 2071 2120; x_wconf 72' lang='lat' dir='ltr'>veri</span> 
     </span>
     <span class='ocr_line' id='line_1_34' title="bbox 283 2141 2071 2188; baseline 0.001 -11"><span class='ocrx_word' id='word_1_375' title='bbox 283 2142 354 2178; x_wconf 92' lang='lat' dir='ltr'>loci</span> <span class='ocrx_word' id='word_1_376' title='bbox 378 2142 471 2178; x_wconf 85' lang='lat' dir='ltr'>Solis</span> <span class='ocrx_word' id='word_1_377' title='bbox 496 2151 560 2187; x_wconf 89' lang='lat' dir='ltr'>per</span> <span class='ocrx_word' id='word_1_378' title='bbox 586 2153 807 2177; x_wconf 89' lang='lat' dir='ltr'>communem</span> <span class='ocrx_word' id='word_1_379' title='bbox 839 2144 1032 2179; x_wconf 87' lang='lat' dir='ltr'>sectionem</span> <span class='ocrx_word' id='word_1_380' title='bbox 1064 2143 1161 2188; x_wconf 89' lang='lat' dir='ltr'>plani</span> <span class='ocrx_word' id='word_1_381' title='bbox 1194 2143 1400 2188; x_wconf 87' lang='lat' dir='ltr'>eclipticae,</span> <span class='ocrx_word' id='word_1_382' title='bbox 1437 2141 1707 2186; x_wconf 86' lang='lat' dir='ltr'>aequinoctialis</span> <span class='ocrx_word' id='word_1_383' title='bbox 1741 2143 1849 2178; x_wconf 87' lang='lat' dir='ltr'>medii</span> <span class='ocrx_word' id='word_1_384' title='bbox 1882 2148 1918 2177; x_wconf 90' lang='lat' dir='ltr'>et</span> <span class='ocrx_word' id='word_1_385' title='bbox 1948 2143 2071 2188; x_wconf 89' lang='lat' dir='ltr'>coluri,</span> 
     </span>
     <span class='ocr_line' id='line_1_35' title="bbox 283 2200 2071 2246; baseline 0 -10"><span class='ocrx_word' id='word_1_386' title='bbox 283 2200 534 2246; x_wconf 85' lang='lat' dir='ltr'>distinguentis</span> <span class='ocrx_word' id='word_1_387' title='bbox 567 2200 788 2245; x_wconf 87' lang='lat' dir='ltr'>aequinoctia</span> <span class='ocrx_word' id='word_1_388' title='bbox 820 2201 954 2245; x_wconf 86' lang='lat' dir='ltr'>media,</span> <span class='ocrx_word' id='word_1_389' title='bbox 989 2207 1159 2236; x_wconf 83' lang='lat' dir='ltr'>transeat.</span> <span class='ocrx_word' id='word_1_390' title='bbox 1209 2201 1263 2236; x_wconf 86' lang='lat' dir='ltr'>Ab</span> <span class='ocrx_word' id='word_1_391' title='bbox 1289 2200 1460 2236; x_wconf 87' lang='lat' dir='ltr'>hocloco</span> <span class='ocrx_word' id='word_1_392' title='bbox 1487 2200 1618 2235; x_wconf 82' lang='lat' dir='ltr'>Terrae</span> <span class='ocrx_word' id='word_1_393' title='bbox 1653 2205 1775 2236; x_wconf 91' lang='lat' dir='ltr'>centro</span> <span class='ocrx_word' id='word_1_394' title='bbox 1806 2201 1947 2246; x_wconf 87' lang='lat' dir='ltr'>aequali</span> <span class='ocrx_word' id='word_1_395' title='bbox 1971 2210 2071 2236; x_wconf 89' lang='lat' dir='ltr'>motu</span> 
     </span>
     <span class='ocr_line' id='line_1_36' title="bbox 281 2258 2070 2304; baseline 0.001 -11"><span class='ocrx_word' id='word_1_396' title='bbox 281 2258 328 2293; x_wconf 89' lang='lat' dir='ltr'>ad</span> <span class='ocrx_word' id='word_1_397' title='bbox 352 2258 474 2294; x_wconf 87' lang='lat' dir='ltr'>stellas</span> <span class='ocrx_word' id='word_1_398' title='bbox 499 2258 588 2293; x_wconf 82' lang='lat' dir='ltr'>fixas</span> <span class='ocrx_word' id='word_1_399' title='bbox 614 2258 760 2302; x_wconf 87' lang='lat' dir='ltr'>singulis</span> <span class='ocrx_word' id='word_1_400' title='bbox 787 2258 912 2293; x_wconf 88' lang='lat' dir='ltr'>diebus</span> <span class='ocrx_word' id='word_1_401' title='bbox 939 2260 991 2295; x_wconf 70' lang='grc'>59·</span> <span class='ocrx_word' id='word_1_402' title='bbox 1018 2260 1063 2295; x_wconf 60' lang='lat'>8¹¹</span> <span class='ocrx_word' id='word_1_403' title='bbox 1089 2260 1166 2293; x_wconf 72' lang='lat'>‘11⁴¹&#39;</span> <span class='ocrx_word' id='word_1_404' title='bbox 1193 2258 1422 2304; x_wconf 84' lang='lat' dir='ltr'>procedente,</span> <span class='ocrx_word' id='word_1_405' title='bbox 1448 2263 1622 2303; x_wconf 90' lang='lat' dir='ltr'>punctum</span> <span class='ocrx_word' id='word_1_406' title='bbox 1646 2258 1788 2294; x_wconf 70' lang='lat' dir='ltr'>vernale</span> <span class='ocrx_word' id='word_1_407' title='bbox 1813 2259 1968 2295; x_wconf 89' lang='lat' dir='ltr'>medium</span> <span class='ocrx_word' id='word_1_408' title='bbox 1992 2265 2070 2296; x_wconf 87' lang='lat' dir='ltr'>tan·</span> 
     </span>
     <span class='ocr_line' id='line_1_37' title="bbox 283 2316 2071 2364; baseline 0.001 -11"><span class='ocrx_word' id='word_1_409' title='bbox 283 2317 429 2353; x_wconf 85' lang='lat' dir='ltr'>tundem</span> <span class='ocrx_word' id='word_1_410' title='bbox 452 2317 489 2352; x_wconf 90' lang='lat' dir='ltr'>in</span> <span class='ocrx_word' id='word_1_411' title='bbox 518 2316 769 2362; x_wconf 84' lang='lat' dir='ltr'>praecedentia</span> <span class='ocrx_word' id='word_1_412' title='bbox 806 2327 913 2361; x_wconf 89' lang='lat' dir='ltr'>super</span> <span class='ocrx_word' id='word_1_413' title='bbox 938 2317 1070 2352; x_wconf 83' lang='lat' dir='ltr'>Terrae</span> <span class='ocrx_word' id='word_1_414' title='bbox 1103 2321 1226 2352; x_wconf 90' lang='lat' dir='ltr'>centro</span> <span class='ocrx_word' id='word_1_415' title='bbox 1260 2316 1426 2351; x_wconf 91' lang='lat' dir='ltr'>conficiat</span> <span class='ocrx_word' id='word_1_416' title='bbox 1455 2322 1491 2351; x_wconf 88' lang='lat' dir='ltr'>et</span> <span class='ocrx_word' id='word_1_417' title='bbox 1523 2317 1632 2362; x_wconf 91' lang='lat' dir='ltr'>paulo</span> <span class='ocrx_word' id='word_1_418' title='bbox 1663 2318 1833 2353; x_wconf 75' lang='lat' dir='ltr'>velociori</span> <span class='ocrx_word' id='word_1_419' title='bbox 1862 2330 1990 2364; x_wconf 84' lang='lat' dir='ltr'>gressu</span> <span class='ocrx_word' id='word_1_420' title='bbox 2019 2321 2071 2355; x_wconf 92' lang='lat' dir='ltr'>in-</span> 
     </span>
     <span class='ocr_line' id='line_1_38' title="bbox 282 2374 2070 2424; baseline 0.001 -13"><span class='ocrx_word' id='word_1_421' title='bbox 282 2376 424 2418; x_wconf 86' lang='lat' dir='ltr'>cedens,</span> <span class='ocrx_word' id='word_1_422' title='bbox 449 2376 503 2411; x_wconf 77' lang='grc' dir='ltr'>ὃ”’</span> <span class='ocrx_word' id='word_1_423' title='bbox 538 2375 612 2411; x_wconf 87' lang='lat' dir='ltr'>fere</span> <span class='ocrx_word' id='word_1_424' title='bbox 642 2374 809 2419; x_wconf 81' lang='lat' dir='ltr'>angulum</span> <span class='ocrx_word' id='word_1_425' title='bbox 842 2376 1012 2420; x_wconf 88' lang='lat' dir='ltr'>majorem</span> <span class='ocrx_word' id='word_1_426' title='bbox 1050 2375 1238 2411; x_wconf 85' lang='lat' dir='ltr'>describat.</span> <span class='ocrx_word' id='word_1_427' title='bbox 1289 2375 1358 2410; x_wconf 89' lang='lat' dir='ltr'>Sed</span> <span class='ocrx_word' id='word_1_428' title='bbox 1384 2380 1566 2410; x_wconf 87' lang='lat' dir='ltr'>crescente</span> <span class='ocrx_word' id='word_1_429' title='bbox 1599 2375 1750 2411; x_wconf 90' lang='lat' dir='ltr'>subinde</span> <span class='ocrx_word' id='word_1_430' title='bbox 1775 2377 1925 2424; x_wconf 80' lang='lat' dir='ltr'>angulo,</span> <span class='ocrx_word' id='word_1_431' title='bbox 1960 2379 2022 2423; x_wconf 92' lang='lat' dir='ltr'>qui</span> <span class='ocrx_word' id='word_1_432' title='bbox 2047 2389 2070 2413; x_wconf 88' lang='lat' dir='ltr'>a</span> 
     </span>
     <span class='ocr_line' id='line_1_39' title="bbox 280 2432 2071 2480; baseline 0.001 -10"><span class='ocrx_word' id='word_1_433' title='bbox 280 2438 414 2480; x_wconf 87' lang='lat' dir='ltr'>puncto</span> <span class='ocrx_word' id='word_1_434' title='bbox 439 2433 574 2468; x_wconf 84' lang='lat' dir='ltr'>vernali</span> <span class='ocrx_word' id='word_1_435' title='bbox 597 2432 866 2477; x_wconf 85' lang='lat' dir='ltr'>aequinoctialis</span> <span class='ocrx_word' id='word_1_436' title='bbox 892 2434 1000 2469; x_wconf 91' lang='lat' dir='ltr'>medii</span> <span class='ocrx_word' id='word_1_437' title='bbox 1017 2444 1125 2479; x_wconf 89' lang='lat' dir='ltr'>super</span> <span class='ocrx_word' id='word_1_438' title='bbox 1143 2433 1275 2470; x_wconf 84' lang='lat' dir='ltr'>Terrae</span> <span class='ocrx_word' id='word_1_439' title='bbox 1293 2438 1415 2468; x_wconf 88' lang='lat' dir='ltr'>centro</span> <span class='ocrx_word' id='word_1_440' title='bbox 1442 2432 1658 2477; x_wconf 87' lang='lat' dir='ltr'>designatur,</span> <span class='ocrx_word' id='word_1_441' title='bbox 1683 2434 1892 2480; x_wconf 87' lang='lat' dir='ltr'>priusquam</span> <span class='ocrx_word' id='word_1_442' title='bbox 1911 2442 2071 2473; x_wconf 87' lang='lat' dir='ltr'>centrum</span> 
     </span>
     <span class='ocr_line' id='line_1_40' title="bbox 283 2491 2072 2538; baseline 0.002 -10"><span class='ocrx_word' id='word_1_443' title='bbox 283 2493 416 2528; x_wconf 88' lang='lat' dir='ltr'>Terrae</span> <span class='ocrx_word' id='word_1_444' title='bbox 441 2492 486 2527; x_wconf 90' lang='lat' dir='ltr'>ad</span> <span class='ocrx_word' id='word_1_445' title='bbox 509 2493 628 2527; x_wconf 90' lang='lat' dir='ltr'>locum</span> <span class='ocrx_word' id='word_1_446' title='bbox 654 2491 849 2537; x_wconf 88' lang='lat' dir='ltr'>eclipticae‚</span> <span class='ocrx_word' id='word_1_447' title='bbox 876 2493 970 2528; x_wconf 89' lang='lat' dir='ltr'>unde</span> <span class='ocrx_word' id='word_1_448' title='bbox 997 2493 1205 2538; x_wconf 84' lang='lat' dir='ltr'>digressum,</span> <span class='ocrx_word' id='word_1_449' title='bbox 1230 2499 1430 2528; x_wconf 74' lang='lat' dir='ltr'>revertatur</span> <span class='ocrx_word' id='word_1_450' title='bbox 1455 2492 1582 2538; x_wconf 90' lang='lat' dir='ltr'>denuo,</span> <span class='ocrx_word' id='word_1_451' title='bbox 1608 2493 1702 2529; x_wconf 88' lang='lat' dir='ltr'>linea</span> <span class='ocrx_word' id='word_1_452' title='bbox 1727 2494 1801 2528; x_wconf 79' lang='lat' dir='ltr'>veri</span> <span class='ocrx_word' id='word_1_453' title='bbox 1823 2494 1893 2530; x_wconf 90' lang='lat' dir='ltr'>loci</span> <span class='ocrx_word' id='word_1_454' title='bbox 1919 2496 2011 2531; x_wconf 93' lang='lat' dir='ltr'>Solis</span> <span class='ocrx_word' id='word_1_455' title='bbox 2034 2496 2072 2531; x_wconf 90' lang='lat' dir='ltr'>in</span> 
     </span>
     <span class='ocr_line' id='line_1_41' title="bbox 282 2550 2070 2598; baseline 0.002 -11"><span class='ocrx_word' id='word_1_456' title='bbox 282 2551 546 2596; x_wconf 88' lang='lat' dir='ltr'>aequinoctium</span> <span class='ocrx_word' id='word_1_457' title='bbox 570 2551 726 2586; x_wconf 89' lang='lat' dir='ltr'>medium</span> <span class='ocrx_word' id='word_1_458' title='bbox 756 2551 888 2587; x_wconf 88' lang='lat' dir='ltr'>incidet</span> <span class='ocrx_word' id='word_1_459' title='bbox 926 2556 961 2586; x_wconf 90' lang='lat' dir='ltr'>et</span> <span class='ocrx_word' id='word_1_460' title='bbox 987 2551 1114 2586; x_wconf 86' lang='lat' dir='ltr'>stellae</span> <span class='ocrx_word' id='word_1_461' title='bbox 1142 2550 1356 2586; x_wconf 75' lang='lat' dir='ltr'>ridebuntur</span> <span class='ocrx_word' id='word_1_462' title='bbox 1389 2550 1494 2585; x_wconf 92' lang='lat' dir='ltr'>nobis</span> <span class='ocrx_word' id='word_1_463' title='bbox 1528 2550 1643 2586; x_wconf 89' lang='lat' dir='ltr'>medio</span> <span class='ocrx_word' id='word_1_464' title='bbox 1680 2561 1744 2587; x_wconf 91' lang='lat' dir='ltr'>seu</span> <span class='ocrx_word' id='word_1_465' title='bbox 1778 2552 1920 2597; x_wconf 86' lang='lat' dir='ltr'>aequali</span> <span class='ocrx_word' id='word_1_466' title='bbox 1953 2553 2070 2598; x_wconf 90' lang='lat' dir='ltr'>aliquo</span> 
     </span>
     <span class='ocr_line' id='line_1_42' title="bbox 279 2607 1509 2655; baseline -0.002 -11"><span class='ocrx_word' id='word_1_467' title='bbox 279 2616 377 2646; x_wconf 87' lang='lat' dir='ltr'>motu</span> <span class='ocrx_word' id='word_1_468' title='bbox 400 2610 437 2645; x_wconf 92' lang='lat' dir='ltr'>in</span> <span class='ocrx_word' id='word_1_469' title='bbox 462 2610 727 2655; x_wconf 76' lang='lat' dir='ltr'>consequentia,</span> <span class='ocrx_word' id='word_1_470' title='bbox 754 2620 817 2654; x_wconf 89' lang='lat' dir='ltr'>pro</span> <span class='ocrx_word' id='word_1_471' title='bbox 843 2609 1106 2654; x_wconf 79' lang='lat' dir='ltr'>anticipationis</span> <span class='ocrx_word' id='word_1_472' title='bbox 1131 2609 1282 2652; x_wconf 78' lang='lat' dir='ltr'>ratione,</span> <span class='ocrx_word' id='word_1_473' title='bbox 1308 2607 1509 2654; x_wconf 73' lang='lat' dir='ltr'>progredi.-</span> 
     </span>
    </p>

    <p class='ocr_par' dir='ltr' id='par_1_4' title="bbox 283 2665 2073 2944">
     <span class='ocr_line' id='line_1_43' title="bbox 419 2665 2071 2712; baseline 0.001 -9"><span class='ocrx_word' id='word_1_474' title='bbox 419 2667 626 2703; x_wconf 88' lang='lat' dir='ltr'>Libratione</span> <span class='ocrx_word' id='word_1_475' title='bbox 650 2667 760 2712; x_wconf 87' lang='lat' dir='ltr'>priori</span> <span class='ocrx_word' id='word_1_476' title='bbox 784 2667 978 2712; x_wconf 88' lang='lat' dir='ltr'>obliquitas</span> <span class='ocrx_word' id='word_1_477' title='bbox 1003 2667 1188 2712; x_wconf 87' lang='lat' dir='ltr'>eclipticae</span> <span class='ocrx_word' id='word_1_478' title='bbox 1213 2668 1388 2710; x_wconf 71' lang='lat' dir='ltr'>variatur,</span> <span class='ocrx_word' id='word_1_479' title='bbox 1414 2666 1506 2710; x_wconf 89' lang='lat' dir='ltr'>polis</span> <span class='ocrx_word' id='word_1_480' title='bbox 1534 2665 1666 2701; x_wconf 90' lang='lat' dir='ltr'>Terrae</span> <span class='ocrx_word' id='word_1_481' title='bbox 1690 2666 1727 2701; x_wconf 90' lang='lat' dir='ltr'>in</span> <span class='ocrx_word' id='word_1_482' title='bbox 1752 2666 1875 2702; x_wconf 90' lang='lat' dir='ltr'>coluro</span> <span class='ocrx_word' id='word_1_483' title='bbox 1901 2667 2071 2704; x_wconf 89' lang='lat' dir='ltr'>solstitio-</span> 
     </span>
     <span class='ocr_line' id='line_1_44' title="bbox 284 2724 2073 2771; baseline 0.001 -10"><span class='ocrx_word' id='word_1_484' title='bbox 284 2737 360 2762; x_wconf 90' lang='lat' dir='ltr'>rum</span> <span class='ocrx_word' id='word_1_485' title='bbox 384 2727 579 2763; x_wconf 90' lang='lat' dir='ltr'>mediorum</span> <span class='ocrx_word' id='word_1_486' title='bbox 604 2727 659 2762; x_wconf 79' lang='lat'>24¹</span> <span class='ocrx_word' id='word_1_487' title='bbox 685 2726 961 2762; x_wconf 85' lang='lat' dir='ltr'>ascendentibus</span> <span class='ocrx_word' id='word_1_488' title='bbox 988 2731 1022 2761; x_wconf 89' lang='lat' dir='ltr'>et</span> <span class='ocrx_word' id='word_1_489' title='bbox 1049 2725 1366 2770; x_wconf 85' lang='lat' dir='ltr'>descendentibus,</span> <span class='ocrx_word' id='word_1_490' title='bbox 1401 2724 1591 2770; x_wconf 90' lang='lat' dir='ltr'>posteriori</span> <span class='ocrx_word' id='word_1_491' title='bbox 1614 2735 1697 2760; x_wconf 87' lang='lat' dir='ltr'>vero</span> <span class='ocrx_word' id='word_1_492' title='bbox 1731 2726 1935 2770; x_wconf 88' lang='lat' dir='ltr'>praecessio</span> <span class='ocrx_word' id='word_1_493' title='bbox 1959 2738 2073 2771; x_wconf 90' lang='lat' dir='ltr'>punc-</span> 
     </span>
     <span class='ocr_line' id='line_1_45' title="bbox 283 2782 2071 2829; baseline 0.001 -10"><span class='ocrx_word' id='word_1_494' title='bbox 283 2789 399 2819; x_wconf 91' lang='lat' dir='ltr'>torum</span> <span class='ocrx_word' id='word_1_495' title='bbox 428 2784 730 2829; x_wconf 86' lang='lat' dir='ltr'>aequinoctiorum</span> <span class='ocrx_word' id='word_1_496' title='bbox 760 2784 958 2829; x_wconf 81' lang='lat' dir='ltr'>inaequalis</span> <span class='ocrx_word' id='word_1_497' title='bbox 991 2784 1164 2828; x_wconf 81' lang='lat' dir='ltr'>efficitur,</span> <span class='ocrx_word' id='word_1_498' title='bbox 1200 2784 1292 2829; x_wconf 90' lang='lat' dir='ltr'>polis</span> <span class='ocrx_word' id='word_1_499' title='bbox 1322 2784 1454 2820; x_wconf 88' lang='lat' dir='ltr'>Terrae</span> <span class='ocrx_word' id='word_1_500' title='bbox 1478 2794 1498 2817; x_wconf 88' lang='lat' dir='ltr'>a</span> <span class='ocrx_word' id='word_1_501' title='bbox 1525 2782 1646 2819; x_wconf 90' lang='lat' dir='ltr'>coluro</span> <span class='ocrx_word' id='word_1_502' title='bbox 1680 2782 1913 2818; x_wconf 86' lang='lat' dir='ltr'>solstitiorum</span> <span class='ocrx_word' id='word_1_503' title='bbox 1945 2795 2071 2821; x_wconf 80' lang='lat' dir='ltr'>versus</span> 
     </span>
     <span class='ocr_line' id='line_1_46' title="bbox 283 2841 2068 2888; baseline 0.001 -12"><span class='ocrx_word' id='word_1_504' title='bbox 283 2842 397 2876; x_wconf 85' lang='lat' dir='ltr'>latera</span> <span class='ocrx_word' id='word_1_505' title='bbox 420 2841 541 2876; x_wconf 85' lang='lat' dir='ltr'>mundi</span> <span class='ocrx_word' id='word_1_506' title='bbox 565 2841 844 2888; x_wconf 86' lang='lat' dir='ltr'>deflectentibus,</span> <span class='ocrx_word' id='word_1_507' title='bbox 871 2852 941 2886; x_wconf 92' lang='lat' dir='ltr'>quo</span> <span class='ocrx_word' id='word_1_508' title='bbox 966 2841 1040 2877; x_wconf 83' lang='lat' dir='ltr'>veri</span> <span class='ocrx_word' id='word_1_509' title='bbox 1065 2842 1268 2887; x_wconf 87' lang='lat' dir='ltr'>aequatoris</span> <span class='ocrx_word' id='word_1_510' title='bbox 1294 2852 1373 2877; x_wconf 90' lang='lat' dir='ltr'>cum</span> <span class='ocrx_word' id='word_1_511' title='bbox 1398 2841 1561 2887; x_wconf 86' lang='lat' dir='ltr'>ecliptica</span> <span class='ocrx_word' id='word_1_512' title='bbox 1585 2841 1697 2876; x_wconf 89' lang='lat' dir='ltr'>sectio</span> <span class='ocrx_word' id='word_1_513' title='bbox 1722 2851 1744 2875; x_wconf 85' lang='lat' dir='ltr'>a</span> <span class='ocrx_word' id='word_1_514' title='bbox 1766 2842 1884 2877; x_wconf 88' lang='lat' dir='ltr'>media</span> <span class='ocrx_word' id='word_1_515' title='bbox 1908 2843 1953 2878; x_wconf 78' lang='lat'>70</span> <span class='ocrx_word' id='word_1_516' title='bbox 1971 2852 2068 2878; x_wconf 89' lang='lat' dir='ltr'>scru-</span> 
     </span>
     <span class='ocr_line' id='line_1_47' title="bbox 286 2898 758 2944; baseline 0.002 -11"><span class='ocrx_word' id='word_1_517' title='bbox 286 2898 379 2944; x_wconf 90' lang='lat' dir='ltr'>pulis</span> <span class='ocrx_word' id='word_1_518' title='bbox 403 2899 568 2942; x_wconf 83' lang='lat' dir='ltr'>utrinque</span> <span class='ocrx_word' id='word_1_519' title='bbox 594 2899 758 2934; x_wconf 77' lang='lat' dir='ltr'>variatur.</span> 
     </span>
    </p>

    <p class='ocr_par' dir='ltr' id='par_1_5' title="bbox 284 2956 2070 3179">
     <span class='ocr_line' id='line_1_48' title="bbox 425 2956 2070 3004; baseline 0.001 -12"><span class='ocrx_word' id='word_1_520' title='bbox 425 2957 528 2992; x_wconf 90' lang='lat' dir='ltr'>Orbis</span> <span class='ocrx_word' id='word_1_521' title='bbox 554 2958 684 2992; x_wconf 86' lang='lat' dir='ltr'>Terrae</span> <span class='ocrx_word' id='word_1_522' title='bbox 710 2968 772 2992; x_wconf 90' lang='lat' dir='ltr'>cur</span> <span class='ocrx_word' id='word_1_523' title='bbox 796 2960 981 3003; x_wconf 84' lang='lat' dir='ltr'>magnus</span> <span class='ocrx_word' id='word_1_524' title='bbox 1007 2957 1208 3004; x_wconf 87' lang='lat' dir='ltr'>appelletur</span> <span class='ocrx_word' id='word_1_525' title='bbox 1233 2969 1254 2993; x_wconf 85' lang='lat' dir='ltr'>a</span> <span class='ocrx_word' id='word_1_526' title='bbox 1281 2958 1493 3003; x_wconf 90' lang='lat' dir='ltr'>Copernico,</span> <span class='ocrx_word' id='word_1_527' title='bbox 1528 2957 1584 2993; x_wconf 88' lang='lat' dir='ltr'>his</span> <span class='ocrx_word' id='word_1_528' title='bbox 1609 2956 1765 3002; x_wconf 82' lang='lat' dir='ltr'>explicat</span> <span class='ocrx_word' id='word_1_529' title='bbox 1789 2956 1982 2993; x_wconf 83' lang='lat' dir='ltr'>Rheticus:</span> <span class='ocrx_word' id='word_1_530' title='bbox 2018 2958 2070 3000; x_wconf 87' lang='lat' dir='ltr'>„si</span> 
     </span>
     <span class='ocr_line' id='line_1_49' title="bbox 284 3016 2069 3062; baseline 0.001 -10"><span class='ocrx_word' id='word_1_531' title='bbox 284 3016 515 3061; x_wconf 85' lang='lat' dir='ltr'>imperatores</span> <span class='ocrx_word' id='word_1_532' title='bbox 539 3021 685 3060; x_wconf 85' lang='lat' dir='ltr'>propter</span> <span class='ocrx_word' id='word_1_533' title='bbox 709 3026 766 3050; x_wconf 87' lang='lat' dir='ltr'>res</span> <span class='ocrx_word' id='word_1_534' title='bbox 790 3016 940 3052; x_wconf 88' lang='lat' dir='ltr'>feliciter</span> <span class='ocrx_word' id='word_1_535' title='bbox 964 3017 1060 3053; x_wconf 89' lang='lat' dir='ltr'>bello</span> <span class='ocrx_word' id='word_1_536' title='bbox 1086 3022 1205 3062; x_wconf 87' lang='lat' dir='ltr'>gestas</span> <span class='ocrx_word' id='word_1_537' title='bbox 1230 3020 1292 3052; x_wconf 83' lang='lat' dir='ltr'>aut</span> <span class='ocrx_word' id='word_1_538' title='bbox 1314 3022 1438 3061; x_wconf 85' lang='lat' dir='ltr'>gentes</span> <span class='ocrx_word' id='word_1_539' title='bbox 1464 3017 1619 3053; x_wconf 73' lang='lat' dir='ltr'>devictas</span> <span class='ocrx_word' id='word_1_540' title='bbox 1644 3016 1867 3062; x_wconf 67' lang='lat' dir='ltr'>Magnorum</span> <span class='ocrx_word' id='word_1_541' title='bbox 1897 3027 2069 3062; x_wconf 86' lang='lat' dir='ltr'>accepere</span> 
     </span>
     <span class='ocr_line' id='line_1_50' title="bbox 288 3071 2069 3121; baseline 0.001 -12"><span class='ocrx_word' id='word_1_542' title='bbox 288 3077 536 3118; x_wconf 87' lang='lat' dir='ltr'>cognomenta,</span> <span class='ocrx_word' id='word_1_543' title='bbox 571 3071 696 3116; x_wconf 86' lang='lat' dir='ltr'>dignus</span> <span class='ocrx_word' id='word_1_544' title='bbox 729 3080 823 3109; x_wconf 87' lang='lat' dir='ltr'>certe</span> <span class='ocrx_word' id='word_1_545' title='bbox 859 3080 894 3110; x_wconf 89' lang='lat' dir='ltr'>et</span> <span class='ocrx_word' id='word_1_546' title='bbox 917 3075 976 3111; x_wconf 90' lang='lat' dir='ltr'>hic</span> <span class='ocrx_word' id='word_1_547' title='bbox 1000 3076 1094 3111; x_wconf 91' lang='lat' dir='ltr'>orbis</span> <span class='ocrx_word' id='word_1_548' title='bbox 1121 3080 1214 3120; x_wconf 85' lang='lat' dir='ltr'>erat,</span> <span class='ocrx_word' id='word_1_549' title='bbox 1251 3076 1308 3110; x_wconf 89' lang='lat' dir='ltr'>cui</span> <span class='ocrx_word' id='word_1_550' title='bbox 1332 3075 1625 3120; x_wconf 88' lang='lat' dir='ltr'>augustissimum</span> <span class='ocrx_word' id='word_1_551' title='bbox 1648 3074 1904 3110; x_wconf 88' lang='lat' dir='ltr'>attribueretur</span> <span class='ocrx_word' id='word_1_552' title='bbox 1928 3086 2069 3121; x_wconf 86' lang='lat' dir='ltr'>nornen,</span> 
     </span>
     <span class='ocr_line' id='line_1_51' title="bbox 288 3129 2070 3179; baseline 0.002 -12"><span class='ocrx_word' id='word_1_553' title='bbox 288 3141 367 3167; x_wconf 87' lang='lat' dir='ltr'>cum</span> <span class='ocrx_word' id='word_1_554' title='bbox 390 3130 468 3176; x_wconf 89' lang='lat' dir='ltr'>ipse</span> <span class='ocrx_word' id='word_1_555' title='bbox 493 3129 594 3177; x_wconf 86' lang='lat' dir='ltr'>quasi</span> <span class='ocrx_word' id='word_1_556' title='bbox 620 3129 719 3167; x_wconf 82' lang='lat' dir='ltr'>solus</span> <span class='ocrx_word' id='word_1_557' title='bbox 744 3130 861 3176; x_wconf 83' lang='lat' dir='ltr'>legum</span> <span class='ocrx_word' id='word_1_558' title='bbox 887 3132 1050 3170; x_wconf 87' lang='lat' dir='ltr'>coelestis</span> <span class='ocrx_word' id='word_1_559' title='bbox 1074 3133 1220 3179; x_wconf 83' lang='lat' dir='ltr'>politiae</span> <span class='ocrx_word' id='word_1_560' title='bbox 1244 3133 1438 3179; x_wconf 88' lang='lat' dir='ltr'>participes</span> <span class='ocrx_word' id='word_1_561' title='bbox 1462 3142 1529 3169; x_wconf 83' lang='lat' dir='ltr'>nos</span> <span class='ocrx_word' id='word_1_562' title='bbox 1561 3132 1669 3170; x_wconf 85' lang='lat' dir='ltr'>faciat</span> <span class='ocrx_word' id='word_1_563' title='bbox 1701 3142 1895 3179; x_wconf 86' lang='lat' dir='ltr'>omnesque</span> <span class='ocrx_word' id='word_1_564' title='bbox 1929 3143 2070 3170; x_wconf 87' lang='lat' dir='ltr'>errores</span> 
     </span>
    </p>
   </div>
  </div>
 </body>
</html>
