2192 3413
248 176 332 220 568
650 174 885 210 Summarium
909 173 1089 210 Historiae
1112 172 1362 211 Astronomiae
1386 176 1508 212 seculo
1531 175 1629 212 XVI.

247 302 335 334 rum,
361 291 512 337 denique
535 290 674 334 longior
698 291 849 326 fixarum
874 291 1077 336 catalogus,
1111 290 1173 336 qui
1203 301 1269 335 per
1291 290 1434 335 longam
1458 302 1631 327 annorum
1662 291 1788 328 seriem
1813 292 2027 329 astronomis

248 360 362 394 usque
387 350 432 385 ad
457 349 733 385 emendatiorem
759 348 1002 393 Tychonicum
1026 349 1153 384 unicus
1178 347 1254 383 fere
1279 349 1359 384 fons
1386 353 1421 384 et
1444 360 1569 385 norma
1592 349 1673 385 fuit.

385 407 524 443 Libro
549 407 625 441 ΙΙΙ.
658 406 779 440 insunt
810 405 1078 450 disquisitiones
1111 406 1154 440 de
1190 406 1494 458 aequinoctiorum
1526 408 2027 454 solstitiorumque‘anticipa-

247 467 352 501 tione.
410 465 668 510 Hipparchum,
706 463 755 499 ait
792 464 1027 508 Copernicus,
1061 464 1174 499 virum
1209 459 1320 500 mirae
1358 466 1580 510 sagacitatis,
1617 467 1769 510 primum
1809 467 2028 502 animadver-

248 525 345 566 tisse,
373 534 502 558 annum
530 522 705 557 sidereum
730 520 900 565 majorem
926 531 1009 564 esse
1031 531 1124 555 anno
1149 522 1299 566 tropico,
1327 532 1441 566 eoque
1465 523 1580 558 stellis
1605 523 1686 558 fixis
1710 523 1879 559 tribuisse
1895 527 2030 559 motum

246 582 283 616 in
307 579 583 624 consequentia,
610 577 704 620 ¹„sed
729 577 903 614 lentulum
936 578 1026 614 adeo
1061 589 1127 614 nec
1161 579 1282 614 statim
1306 580 1611 624 perceptibilem“.
1660 582 1766 616 Hunc
1788 585 1924 617 motum
1949 582 2032 617 inde

249 641 292 675 ab
318 639 387 673 illis
412 637 630 682 temporibus
656 636 789 670 factum
816 645 895 671 esse
921 636 1222 672 evidentissimum
1247 647 1399 681 eumque
1427 637 1653 681 inaequalem
1677 639 1836 683 reperiri.
1880 638 2031 674 Causam

249 698 355 742 hujus
382 695 688 740 aequinoctiorum
714 693 981 737 anticipationis
1006 693 1092 730 dicit
1119 695 1337 739 Copernicus
1364 696 1602 738 quaerendam
1630 707 1708 732 esse
1725 697 1761 732 in
1777 699 1876 733 motu
1901 707 2032 741 aequa-

249 755 335 790 toris
361 755 397 788 in
422 752 685 798 praecedentia,
712 751 772 795 qui
798 750 964 795 obliquus
990 752 1037 787 sit
1070 752 1178 796 plano
1204 752 1341 787 zodiaci
1366 752 1587 797 (eclipticae)
1613 753 1795 799 immobili,
1821 754 1866 789 ad
1890 754 2034 789 modum

247 811 486 846 inclinationis
519 811 596 845 axis
631 809 796 844 Telluris
849 809 981 850 „Nemo
1008 810 1161 845 forsitan
1195 821 1339 845 causam
1370 810 1578 845 mutationis
1609 812 1917 854 aequinoctiorum
1944 811 2031 847 obli-

250 869 469 914 quitatisque
495 868 655 912 signiferi
678 867 863 902 meliorem
887 866 1033 911 afferet,
1061 877 1166 912 quam
1193 867 1271 902 axis
1296 868 1428 902 Terrae
1455 872 1490 903 et
1509 869 1673 914 polorum
1699 869 1822 904 circuli
1846 870 2034 914 aequinoc-

251 928 348 963 tialis
374 927 553 962 deflexum
580 926 766 970 quendam.
816 925 852 960 Si
878 930 995 960 motus
1021 926 1098 960 axis
1124 927 1257 961 Terrae
1288 926 1493 962 conveniret
1526 937 1606 961 cum
1639 930 1739 961 motu
1772 927 1902 968 centri,
1933 927 2033 962 nulla

253 986 396 1031 penitus
423 989 613 1029 appareret
637 983 944 1028 aequinoctiorum
970 984 1315 1028 conversionumque
1339 984 1561 1028 praeventio.
1608 985 1658 1019 At
1682 995 1761 1019 cum
1785 984 1879 1019 inter
1904 995 1942 1019 se
1969 984 2033 1020 dif-

248 1043 382 1086 ferant,
421 1041 483 1077 sed
509 1041 710 1076 differentia
734 1041 928 1085 inaequali,
963 1052 1111 1077 necesse
1137 1042 1205 1077 fuit
1231 1042 1336 1077 etiam
1368 1042 1522 1078 solstitia
1546 1047 1582 1078 et
1606 1042 1832 1086 aequinoctia
1855 1042 2034 1087 inaequali

249 1104 349 1135 motu
372 1100 589 1144 praecedere
613 1099 691 1134 loca
709 1098 904 1137 stellarum.
947 1099 1057 1135 Binos
1076 1100 1218 1135 omnino
1237 1100 1402 1145 polorum
1419 1105 1536 1136 motus
1557 1100 1770 1144 reciprocos,
1796 1100 2034 1145 pendentibus

252 1159 386 1194 similes
411 1157 674 1200 librationibus,
703 1160 847 1202 oportet
870 1157 1033 1203 intelligi,
1061 1159 1227 1203 quoniam
1252 1159 1325 1203 poli
1351 1163 1387 1194 et
1411 1158 1535 1193 circuli
1559 1158 1595 1193 in
1613 1158 1767 1203 sphaera
1793 1158 1861 1194 sibi
1885 1159 2036 1194 invicem

253 1218 449 1253 cohaerent
473 1221 508 1251 et
534 1216 773 1251 consentiunt.
823 1216 925 1250 Alius
950 1216 1058 1259 igitur
1082 1220 1200 1251 motus
1228 1217 1296 1251 erit
1322 1216 1382 1260 qui
1407 1216 1674 1251 inclinationem
1692 1220 1871 1260 permutat
1894 1216 2037 1251 illorum

250 1275 473 1315 circulorum,
498 1273 592 1317 polis
617 1273 668 1307 ita
694 1271 822 1307 delatis
857 1282 998 1307 sursum
1035 1273 1271 1317 deorsumque
1304 1273 1398 1309 circa
1427 1273 1600 1318 angulum
1634 1273 1821 1318 sectionis,
1859 1274 1950 1309 alius
1976 1275 2038 1319 qui

251 1331 461 1367 solstitiales
487 1330 838 1375 aequinoctialesque
863 1332 1133 1375 praecessiones
1152 1335 1259 1375 auget
1277 1336 1312 1367 et
1327 1331 1464 1375 minuit,
1489 1331 1573 1366 hinc
1598 1332 1680 1366 inde
1706 1342 1771 1376 per
1795 1336 2037 1367 transversum

248 1391 346 1426 facta
372 1390 621 1425 commotione.
662 1390 738 1424 Hos
765 1393 885 1423 autem
909 1394 1027 1424 motus
1052 1389 1261 1425 librationes
1280 1399 1458 1433 vocamus,
1486 1399 1527 1424 eo
1554 1389 1649 1433 quod
1667 1388 1899 1433 pendentium
1923 1390 2036 1424 instar

249 1449 316 1484 sub
342 1448 433 1483 binis
459 1447 630 1482 limitibus
655 1458 718 1492 per
744 1447 894 1482 eandem
918 1448 1010 1481 viam
1034 1448 1071 1481 in
1096 1446 1212 1481 medio
1239 1446 1490 1481 concitatiores
1517 1446 1625 1492 fiunt,
1660 1447 1755 1481 circa
1781 1451 1942 1482 extrema
1964 1451 2035 1482 tar-

250 1507 394 1542 dissimi.
444 1505 623 1540 Differunt
656 1506 761 1540 etiam
797 1505 870 1539 suis
904 1504 1208 1549 revolutionibus,
1248 1503 1343 1547 quod
1374 1503 1611 1547 inaequalitas
1645 1504 1954 1548 aequinoctiorum
1979 1504 2036 1539 bis

250 1564 452 1600 restituitur
486 1563 550 1599 sub
588 1574 657 1598 una
691 1563 912 1608 obliquitatis
945 1563 1183 1598 restitutione.
1239 1563 1338 1597 Sicut
1371 1566 1491 1596 autem
1524 1562 1559 1595 in
1592 1562 1688 1595 omni
1725 1566 1824 1596 motu
1858 1561 2036 1606 inaequali

247 1626 443 1667 apparente
469 1621 626 1656 medium
653 1621 821 1665 quiddam
840 1625 982 1665 oportet
999 1620 1160 1664 intelligi,
1186 1630 1251 1664 per
1269 1619 1364 1664 quod
1381 1619 1646 1663 inaequalitatis
1665 1619 1755 1654 ratio
1776 1619 1891 1663 possit
1909 1618 2034 1663 accipi,

249 1681 298 1715 ita
324 1689 408 1714 sane
434 1682 470 1714 et
494 1679 551 1715 hic
576 1679 714 1713 medios
739 1679 842 1723 polos
874 1678 1101 1723 mediumque
1133 1678 1305 1713 circulum
1330 1677 1646 1722 aequinoctialem,
1682 1677 1859 1713 sectiones
1893 1686 2035 1721 quoque

249 1735 531 1781 aequinoctiales
556 1740 593 1771 et
617 1740 751 1780 puncta
776 1737 1048 1772 conversionum
1073 1736 1189 1771 media
1213 1745 1361 1770 necesse
1388 1740 1465 1770 erat
1496 1735 1672 1779 cogitare,
1709 1736 1774 1770 sub
1807 1736 1935 1779 quibus
1961 1734 2035 1780 poli

250 1795 473 1840 circulusque
498 1794 770 1840 aequinoctialis
795 1795 976 1830 terrestris
1000 1794 1185 1830 hincinde
1203 1794 1435 1828 deflectentes
1461 1793 1563 1828 statis
1588 1797 1707 1828 tamen
1727 1792 1899 1828 limitibus
1916 1796 2034 1827 motus

246 1853 327 1889 illos
353 1853 520 1897 aequales
544 1853 679 1888 faciant
709 1863 883 1898 apparere
918 1853 1087 1888 diversos.
1137 1853 1260 1896 ltaque
1286 1851 1390 1887 binae
1420 1851 1503 1886 illae
1535 1850 1745 1886 librationes
1780 1853 2034 1884 concurrentes

248 1912 396 1955 invicem
423 1911 594 1956 efficiunt,
621 1915 660 1945 ut
684 1911 759 1955 poli
785 1911 918 1945 Terrae
943 1921 1022 1945 cum
1046 1914 1208 1955 tempore
1232 1909 1345 1944 lineas
1371 1909 1544 1953 quasdam
1569 1909 1775 1944 describant
1801 1907 1957 1943 corollae
1981 1907 2033 1943 in-

248 1974 364 2005 tortae
389 1969 555 2004 similes.“
601 1969 686 2012 (Cfr.
714 1969 783 2003 vol.
810 1969 867 2003 VI.
895 1979 929 2012 p.
955 1968 1046 2011 521.)

384 2027 483 2062 Haec
507 2032 694 2071 postquam
720 2026 837 2062 verbis
864 2031 898 2061 et
923 2025 1237 2070 delineationibus,
1269 2026 1398 2069 quibus
1423 2023 1604 2069 epicyclos
1630 2022 1929 2068 deprehendimus
1954 2022 2032 2058 aliis

249 2085 416 2129 epicyclis
441 2085 593 2128 innixos,
620 2085 728 2120 latius
755 2084 1010 2119 demonstravit
1035 2083 1263 2128 Copernicus,
1291 2083 1496 2118 conclusum
1523 2091 1601 2116 esse
1632 2084 1776 2126 censet,
1809 2080 2035 2125 inaequalem

249 2153 328 2178 esse
353 2143 647 2187 praecessionem,
676 2142 722 2178 ad
746 2142 838 2177 hanc
865 2142 1066 2186 opinionem
1085 2141 1259 2176 deductus
1286 2141 1430 2176 calculis
1457 2144 1492 2174 et
1510 2139 1818 2175 observationibus
1836 2139 2033 2174 Ptolemaei

248 2210 374 2244 parum
391 2199 460 2235 fide
479 2199 605 2244 dignis.
640 2200 807 2235 Annuum
832 2204 967 2234 motum
991 2199 1252 2243 praecessionis
1277 2209 1414 2243 ponens
1434 2199 1500 2233 o0¹¹
1521 2197 1597 2232 12“¹
1617 2198 1684 2232 5“‘'
1710 2197 1868 2232 annectit
1891 2196 2034 2232 tabulas

252 2262 389 2300 „motus
414 2258 674 2302 praecessionis
699 2258 1025 2302 aequinoctiorum“
1052 2257 1088 2291 111
1114 2256 1227 2300 annis,
1254 2256 1379 2292 diebus
1405 2260 1441 2291 et
1465 2256 1652 2300 sexagenis
1671 2255 1816 2291 dierum.
1859 2255 2034 2290 Minorem

249 2315 372 2350 tribuit
388 2316 494 2350 fidem
512 2315 729 2359 Copernicus
746 2316 952 2350 Ptolemaeo
978 2316 1014 2349 in
1039 2314 1289 2350 constituenda
1314 2313 1396 2348 anni
1422 2313 1548 2349 solaris
1566 2313 1809 2359 magnitudine
1830 2314 1922 2358 (cap.
1943 2314 2032 2357 13.):

253 2384 343 2416 „non
362 2373 559 2409 audiendus
585 2379 639 2408 est
655 2373 881 2409 Ptolemaeus
906 2374 941 2408 in
966 2373 1033 2408 bac
1049 2377 1160 2417 parte,
1188 2373 1247 2416 qui
1271 2372 1466 2408 absurdum
1493 2377 1528 2407 et
1551 2371 1782 2416 impertinens
1808 2372 2034 2418 existimavit,

251 2439 405 2466 annuam
424 2431 515 2466 Solis
535 2431 785 2475 aequalitatem
803 2431 918 2466 metiri
943 2431 987 2466 ad
1006 2431 1162 2476 aliquam
1180 2430 1362 2466 stellarum
1379 2431 1530 2465 fixarum
1547 2430 1820 2474 restitutionem,
1839 2440 1906 2465 nec
1922 2430 2035 2474 magis

252 2498 461 2533 congruere,
488 2499 592 2532 quam
619 2488 648 2523 si
674 2499 694 2523 a
718 2489 808 2524 Jove
833 2489 889 2523 vel
915 2489 1068 2524 Saturno
1095 2489 1164 2524 hoc
1188 2490 1325 2524 faceret
1349 2488 1509 2531 aliquis.“
1552 2489 1679 2532 Neque
1697 2488 1894 2533 simplicem
1919 2499 2036 2532 neque

250 2546 390 2581 facilem
416 2555 495 2580 esse
520 2545 666 2590 cognitu
691 2546 865 2581 rationem
890 2555 1029 2580 annuae
1047 2545 1286 2590 aequalitatis.
1327 2546 1382 2580 Ad
1400 2547 1653 2582 resolutionem
1678 2546 1789 2590 hujus
1814 2546 1899 2582 nodi
1923 2547 2034 2591 respi-

252 2602 414 2638 ciendum
447 2612 525 2637 esse
558 2603 602 2637 ad
634 2608 786 2646 quatuor
818 2603 1081 2648 inaequalitatis
1112 2614 1256 2648 causas,
1297 2614 1389 2647 quae
1426 2608 1508 2639 sunt
1545 2605 1575 2648 1)
1601 2602 1799 2648 inaequalis
1832 2604 2035 2648 praecessio

251 2660 564 2704 aequinoctiorum,
590 2661 623 2705 ⁴2)
650 2661 746 2704 quod
772 2662 832 2696 Sol
858 2661 1065 2705 inaequales
1093 2661 1277 2705 ecliptieae
1302 2666 1423 2706 partes
1448 2662 1663 2706 intercipere
1689 2662 1828 2697 videtur
1853 2661 2034 2706 (eccentri-

253 2719 340 2753 citas
367 2719 490 2762 Solis),
526 2719 559 2762 3)
586 2719 668 2763 quia
701 2720 808 2754 etiam
840 2720 933 2754 hanc
963 2719 1076 2755 variat
1102 2719 1271 2762 (secunda
1303 2719 1520 2763 diversitas),
1554 2720 1587 2763 4)
1613 2719 1710 2764 quod
1742 2722 1857 2754 mutat
1891 2719 2034 2764 apsides

253 2777 364 2810 centri
389 2776 520 2812 Terrae
552 2788 723 2812 summam
759 2782 793 2812 et
825 2778 993 2813 infimam.
1053 2777 1130 2819 „Ex
1162 2777 1218 2812 his
1253 2777 1411 2812 secunda
1444 2777 1666 2814 solummodo
1699 2782 1785 2813 nota
1816 2777 2034 2822 Ptolemaeo,

254 2844 345 2879 quae
371 2834 445 2869 sola
470 2845 540 2869 non
565 2835 741 2878 potuisset
759 2836 1050 2879 inaequalitatem
1069 2835 1233 2870 annalem
1251 2835 1462 2880 producere,
1489 2834 1552 2871 sed
1570 2836 1699 2871 ceteris
1723 2834 1904 2880 implicata
1921 2835 2035 2879 magis

254 2892 290 2927 id
313 2891 430 2927 13611.α
480 2893 528 2926 Ut
551 2893 615 2926 has
647 2904 774 2928 causas
807 2894 962 2938 explicet
995 2894 1191 2938 praemittit
1217 2894 1434 2938 Copernicus
1467 2893 1798 2938 „prototheorema“
1828 2893 1921 2936 (cap.
1951 2894 2034 2937 15),

256 2960 344 2985 usus
369 2950 566 2984 eccentrico
602 2950 733 2985 circulo
770 2956 804 2985 et
837 2952 996 2996 epicyclo
1023 2951 1235 2995 Ptolemaei,
1270 2952 1400 2996 quibus
1435 2951 1717 2995 demonstratur,
1750 2954 1911 2985 assumta
1943 2950 2034 2986 inter

255 3007 372 3041 Solem
399 3010 435 3040 et
459 3006 604 3040 Terram
631 3007 814 3050 distantia,
853 3020 966 3053 „quae
991 3009 1035 3044 ad
1060 3009 1334 3044 immensitatem
1359 3009 1543 3044 stellarum
1574 3008 1724 3043 fixarum
1756 3006 1931 3051 sphaerae
1963 3019 2035 3043 non

255 3063 370 3107 possit
394 3062 621 3108 existimari“,
649 3064 765 3099 Solem
789 3066 834 3101 ad
860 3077 1107 3112 quamcunque
1134 3067 1272 3103 stellam
1289 3068 1397 3102 fixam
1422 3067 1622 3111 aequaliter
1644 3066 1785 3111 moveri,
1810 3066 2035 3111 inaequalem

255 3130 338 3157 vero
356 3130 435 3156 esse
452 3124 584 3156 motum
603 3121 705 3167 Solis,
732 3122 828 3167 quod
851 3128 967 3160 motus
986 3127 1098 3163 centri
1122 3137 1164 3163 ac
1181 3136 1320 3162 annuae
1336 3124 1568 3163 revolutionis
1587 3125 1718 3162 Terrae
1736 3135 1807 3162 non
1825 3125 1872 3162 sit
1889 3125 2032 3161 omnino
