2157 3398
259 157 344 203 598
673 150 909 188 Summarium
932 147 1112 183 Historiae
1136 145 1388 182 Astronomiae
1411 145 1534 182 seculo
1559 146 1656 183 XVI.

261 279 425 309 turbatam
450 276 505 306 dat
527 274 695 312 juventam
720 271 912 310 variamque
936 269 1119 307 fortunam,
1147 266 1180 295 in
1196 265 1254 297 XI.
1276 266 1401 306 prolem
1427 266 1617 304 amicosque
1641 268 1748 307 auget,
1775 265 1832 295 sed
1848 275 1916 296 non
1939 265 2050 296 firmos

261 326 319 356 dat
354 323 441 353 unde
466 322 563 351 etiam
589 319 647 359 qui
671 318 706 347 in
731 317 772 348 V.
797 316 850 345 vel
873 315 933 346 XI.
958 314 1086 343 Lunam
1111 312 1248 350 habent,
1280 313 1400 342 multos
1434 310 1521 342 filios
1554 311 1754 352 sortiuntur,
1787 311 1845 343 sed
1871 312 1910 343 de
1933 313 2051 353 paucis

261 350 421 410 gaiidium
445 367 649 409 percipiunt,
675 365 711 393 in
734 362 808 394 XII.
834 361 1017 399 tristitiam,
1042 360 1174 389 brevem
1199 359 1316 390 vitam.
1341 377 1385 382 -—

399 416 436 445 In
463 414 551 443 omni
576 411 726 450 genitura
750 412 799 439 est
824 408 968 449 optimus
993 404 1085 436 locus
1110 404 1154 438 X.
1181 403 1233 434 vel
1257 405 1281 435 Ι.
1307 406 1335 436 51
1360 405 1411 435 1115
1436 406 1570 434 fortuna
1593 404 1644 434 vel
1662 402 1774 434 radius
1798 404 1965 444 propitius
1999 403 2054 435 vel

262 463 396 494 alterius
422 459 593 490 luminaris
619 455 670 486 vel
695 454 789 486 stella
813 454 981 485 fortunata
1003 454 1200 493 jungantur3
1226 451 1370 482 medium
1397 451 1483 482 coeli
1519 457 1568 480 est
1592 450 1704 488 magni
1729 451 1870 484 roboris.
1899 468 1936 473 -
1965 450 2052 481 Con-

261 510 388 549 junctio
423 506 554 537 Saturni
588 507 619 533 et
643 501 748 541 Jovis,
780 502 815 531 in
849 509 913 541 quo
945 500 1039 536 signo
1075 500 1107 527 et
1139 507 1213 527 cum
1247 499 1369 538 quibus
1400 496 1505 528 stellis
1537 500 1569 527 et
1601 497 1659 526 ubi
1693 496 1786 526 Luna
1816 499 1895 527 tunc
1927 507 1964 528 ac
1997 496 2055 528 Sol

262 556 393 593 fuerint,
419 550 662 586 consideranda,
688 558 762 578 nam
788 548 869 577 haec
895 546 956 576 erit
981 544 1156 585 dispositio
1181 545 1226 575 ⁶20
1252 553 1413 574 annorum
1439 544 1646 584 sequentium
1672 542 1849 581 generalis.
1896 543 2054 574 Reversio

264 601 352 634 Solis
377 600 416 630 ad
443 602 601 638 punctum
625 597 718 625 illins
744 593 985 632 conjunctionis
1012 591 1174 621 indicabit
1199 591 1297 620 unius
1323 592 1399 620 anni
1425 593 1663 630 tempestatem.
1715 589 1884 627 Ingressus
1909 589 1998 620 Solis
2020 590 2057 619 in

264 649 361 678 initia
387 646 439 684 V,
464 646 506 664 Τ
546 643 592 663 J*-
633 643 683 680 z,
710 641 887 681 qualesque
914 639 1035 668 fuerint
1067 637 1154 666 radii
1178 636 1383 677 planetarum
1417 646 1490 667 cum
1511 636 1624 675 Luna,
1656 636 1763 677 qualis
1789 636 1880 667 locus
1911 635 2055 666 lumina-

464 662 520 684 —07
546 668 602 681 ——w

262 696 347 725 rium
374 694 407 722 in
435 693 523 732 orbe,
550 688 624 720 talis
650 689 712 718 erit
737 687 911 727 dispositio
939 686 958 716 3
984 684 1146 714 mensium
1171 684 1428 724 interceptorum
1454 685 1517 716 etc.

400 746 522 782 Missis
554 744 610 779 his
642 741 865 785 astrologicis
892 739 1046 774 Cardani
1076 738 1294 773 vanitatibus
1328 737 1418 772 alios
1451 737 1528 781 ejus
1554 737 1694 771 adimus
1719 736 1850 781 libros,
1886 747 1906 772 e
1930 737 2058 782 quibus

264 805 451 849 multiplex
483 803 559 847 ejus
595 800 758 837 doctrina
790 798 952 832 immixta
982 796 1211 841 perversitati
1235 795 1367 839 ingenii
1399 795 1486 830 satis
1520 794 1654 838 elucet,
1688 794 1837 830 dicimus
1867 795 1977 831 libros
2001 796 2059 831 De

259 864 471 902 Subtilitate
496 866 531 896 et
554 861 612 895 De
636 859 773 894 Rerum
804 857 999 892 Varietate.
1043 855 1143 898 Quae
1169 854 1212 888 de
1237 853 1389 898 physica
1412 857 1605 888 occurrunt
1629 852 1804 898 notanda,
1830 852 1921 888 haec
1952 858 2057 889 sunt:

265 926 346 964 „Est
370 922 497 964 aliquid
523 922 557 951 in
583 929 689 950 rerum
713 921 833 948 natura
858 917 917 946 sub
944 915 1048 945 forma
1071 916 1223 955 latitans,
1259 914 1349 955 quod
1375 924 1433 944 nec
1457 924 1515 954 per
1540 914 1785 952 generationem
1808 911 1865 955 fit,
1903 923 1964 945 1100
1989 923 2058 944 cor-

262 971 417 1012 ruptione
447 970 523 1010 ipsa
556 967 684 1006 interit3
717 965 780 994 1100
804 964 913 1004 ipsum
946 966 981 992 ut
1006 962 1149 1002 primum
1181 961 1347 1002 quoddam
1384 961 1557 991 materiam
1580 961 1721 1001 primam
1747 969 1902 991 vocamus
1926 961 2058 999 ingeni-

262 1022 328 1048 tam
353 1026 413 1047 1100
438 1023 583 1054 unquam
608 1012 823 1042 interituram.
873 1009 1011 1039 Materia
1036 1009 1144 1048 prima
1168 1012 1241 1038 actu
1267 1010 1333 1048 est,
1371 1007 1415 1037 ad
1439 1008 1558 1037 formas
1590 1010 1775 1047 comparata
1808 1008 1958 1046 potentia
1988 1016 2058 1038 esse

265 1065 398 1095 dicitur.
449 1061 530 1091 Cum
555 1062 628 1100 ipsa
653 1059 695 1088 ab
720 1057 817 1087 initio
843 1058 913 1086 tota
937 1056 1053 1085 fuisset
1079 1052 1316 1094 implessetque
1340 1054 1403 1084 1100
1429 1063 1607 1084 concavum
1625 1054 1723 1088 orbis,
1748 1062 1809 1083 1100
1825 1056 1942 1094 posset
1958 1052 2058 1093 finiri,

263 1119 403 1140 vacuum
430 1118 498 1139 esse
523 1116 589 1136 11011
614 1107 732 1145 potest.
781 1102 877 1139 Quod
902 1110 1042 1131 vacuum
1067 1110 1134 1130 non
1159 1101 1218 1135 sit,
1251 1100 1345 1130 folles
1381 1100 1559 1130 ostendunt
1590 1098 1731 1138 occlusi,
1767 1101 1826 1140 qui
1857 1100 1887 1130 si
1919 1101 2060 1130 nimium

265 1156 493 1186 distendantur
517 1152 731 1190 franguntur,
765 1158 841 1178 nam
873 1149 964 1178 100115
994 1148 1148 1186 capacior
1179 1147 1285 1177 factus
1318 1156 1391 1177 cum
1422 1155 1482 1177 nec
1516 1147 1587 1176 aere
1617 1144 1750 1187 impleri
1782 1147 1902 1186 possit,
1937 1149 2061 1177 tantam

264 1203 460 1233 tenuitatem
485 1209 550 1229 non
576 1198 778 1236 admittente,
804 1204 864 1225 nec
888 1203 1031 1224 vacuum
1057 1193 1128 1223 dari
1152 1196 1261 1234 queat,
1287 1197 1436 1234 superest
1452 1193 1598 1232 tertium,
1622 1196 1660 1223 01
1683 1191 1780 1223 folles
1799 1193 2060 1233 disrumpantur,

264 1250 372 1287 Hujus
397 1247 491 1277 vacui
516 1245 710 1275 necessitate
735 1251 822 1283 aqua
848 1241 1007 1280 ascendit,
1035 1240 1112 1269 dum
1137 1249 1197 1280 per
1223 1239 1371 1270 canalem
1397 1240 1562 1280 sugimus,
1589 1248 1758 1279 pronaque
1785 1239 1955 1270 descendit
1977 1240 2060 1270 han-

264 1297 350 1327 riens
377 1294 509 1324 situlam
535 1301 576 1321 ex
600 1290 745 1321 urceolo,
796 1288 867 1318 Hac
891 1288 1019 1317 ratione
1043 1285 1178 1317 lucerna
1202 1285 1364 1316 mirabilis
1390 1287 1576 1323 excogitata
1601 1289 1669 1327 est,
1703 1286 1802 1316 turris
1831 1287 1934 1316 forma
1960 1286 2060 1316 undi-

266 1351 328 1382 que
355 1339 507 1371 conclusa
532 1337 668 1378 soloque
686 1335 844 1366 foramine
863 1336 1029 1373 contenta,
1056 1343 1115 1373 per
1131 1332 1222 1373 quod
1240 1332 1348 1363 oleum
1372 1332 1570 1364 infunditur.
1607 1331 1689 1363 Cum
1707 1333 1923 1370 convertitur,
1949 1331 2060 1363 oleum

265 1388 390 1419 effundi
422 1395 489 1415 non
513 1387 642 1425 potest3
678 1391 754 1412 nam
779 1382 808 1411 si
832 1379 1072 1418 effunderetur,
1107 1388 1248 1409 vacuum
1273 1380 1525 1420 relinqueretur.
1577 1378 1721 1409 Accenso
1749 1382 1857 1409 autem
1894 1377 2061 1418 ellychnio

266 1433 375 1465 oleum
400 1432 604 1462 consumitur
636 1433 667 1460 et
692 1429 739 1459 sic
770 1428 903 1457 lucerna
936 1427 1057 1456 sensim
1089 1435 1193 1455 vacua
1216 1426 1383 1467 redditur,
1418 1425 1506 1465 quod
1531 1425 1618 1463 ignis
1644 1424 1867 1455 calefaciendo
1892 1426 2002 1456 rarius
2030 1429 2063 1456 et

264 1481 396 1511 tenuius
422 1478 522 1508 efficit
546 1476 665 1514 oleum,
690 1475 724 1505 id
742 1475 849 1504 rarius
867 1474 991 1503 factum
1007 1473 1197 1502 intumescit
1223 1476 1254 1502 et
1278 1482 1335 1511 per
1359 1471 1506 1502 foramen
1533 1472 1702 1513 exuberat,
1728 1471 1965 1511 levissimaque
1992 1474 2064 1511 ejus

264 1536 340 1568 pars
364 1525 497 1556 interim
523 1523 671 1553 ascendit
696 1521 737 1551 ad
763 1529 926 1551 summum
950 1518 1121 1559 lucernae,
1157 1528 1241 1559 quae
1267 1528 1339 1549 cum
1372 1517 1476 1548 multo
1504 1519 1575 1548 aere
1606 1519 1725 1548 referta
1749 1519 1810 1560 sit,
1846 1518 1956 1549 locum
1990 1520 2064 1549 aere

267 1571 410 1613 complet
435 1580 473 1601 ac
498 1571 545 1600 sic
570 1570 691 1600 sensim
717 1570 866 1607 augetur,
893 1566 970 1595 dum
997 1564 1105 1596 oleum
1131 1564 1322 1596 effunditur.
1364 1564 1506 1595 Materia
1529 1565 1630 1602 igitur
1654 1565 1777 1605 ubique
1804 1567 1873 1605 est3
1900 1563 1962 1595 illa
1986 1575 2063 1596 vero

267 1621 336 1650 sine
362 1620 469 1648 forma
494 1626 562 1646 esse
588 1625 653 1645 non
678 1617 805 1656 potest,
841 1622 940 1652 quare
974 1613 1070 1642 etiam
1096 1613 1235 1642 formam
1260 1613 1383 1651 ubique
1410 1621 1479 1642 esse
1510 1620 1644 1641 necesse
1677 1615 1747 1651 est,
1781 1611 1839 1641 sed
1865 1614 1896 1641 et
1922 1612 2064 1642 animam

267 1665 442 1707 quandam,
469 1673 525 1693 seu
551 1661 640 1703 quod
666 1661 788 1701 ubique
813 1658 873 1689 fiat
891 1659 1072 1699 generatio,
1098 1668 1156 1689 seu
1183 1659 1273 1699 quod
1297 1659 1333 1688 in
1350 1667 1549 1699 quocunque
1568 1666 1716 1698 corpore,
1745 1667 1818 1688 curn
1836 1660 1929 1688 extra
1953 1658 2064 1688 locum

267 1721 362 1742 51111111
386 1710 500 1748 fuerit,
533 1712 641 1739 motus
671 1707 875 1748 principium
910 1715 980 1735 esse
1015 1706 1176 1738 videatur.
1225 1706 1270 1735 At
1294 1708 1402 1735 motus
1424 1714 1491 1734 11011
1516 1705 1558 1734 01)
1585 1705 1702 1741 anima,
1730 1704 1788 1735 sed
1812 1713 1833 1734 a
1857 1708 1976 1735 natura
2003 1708 2065 1737 est.

269 1757 436 1796 Quaedam
463 1766 501 1786 ex
527 1754 720 1796 corporibus
748 1756 783 1783 ut
807 1751 894 1783 levia
919 1761 1060 1794 sursum,
1088 1751 1154 1781 alia
1180 1752 1333 1782 deorsum
1359 1752 1511 1781 feruntur
1537 1754 1574 1780 ut
1597 1751 1721 1793 gravia,
1749 1760 1815 1781 non
1840 1760 1916 1781 vero
1942 1750 2064 1792 impel-

267 1806 381 1834 luntur
405 1812 465 1833 nec
489 1802 678 1842 trahuntur,
712 1801 804 1830 locus
837 1800 924 1829 enim
948 1798 1098 1829 accidens
1125 1801 1175 1828 est
1200 1801 1231 1828 et
1256 1799 1453 1828 elementum
1478 1799 1589 1838 ipsum
1621 1806 1688 1827 non
1712 1797 1814 1827 trahit
1838 1798 1976 1838 ubique:
2012 1799 2064 1827 in—

266 1852 384 1880 timum
408 1850 510 1887 igitur
536 1852 595 1888 051,
622 1857 687 1888 quo
714 1848 865 1875 movetur
891 1846 1088 1875 elementum
1113 1848 1169 1875 ant
1194 1846 1236 1875 ab
1263 1845 1423 1874 elemento
1441 1846 1593 1877 mixtum,
1627 1843 1713 1873 Dico
1739 1844 1890 1884 mixtum,
1916 1847 1953 1874 ut
1976 1845 2064 1885 lapi-

269 1898 342 1927 dem
367 1906 385 1926 a
409 1899 507 1933 terra,
534 1904 617 1935 qnae
643 1895 676 1923 in
702 1894 776 1933 ipso
803 1895 861 1933 est,
890 1892 1041 1922 deorsum
1067 1892 1208 1931 moveri,
1240 1895 1298 1921 aut
1324 1900 1426 1932 aqua,
1457 1891 1620 1932 siquidem
1648 1890 1751 1919 mixta
1776 1893 1808 1920 et
1832 1891 1906 1931 ipsa
1930 1891 1970 1920 ab
1997 1891 2065 1921 ele-

269 1947 379 1973 mento
404 1945 460 1971 aut
486 1940 666 1979 elementis,
692 1948 778 1979 quae
802 1940 837 1968 in
862 1939 946 1979 ipsis
972 1938 1193 1976 dominantur,
1220 1938 1346 1968 moveri
1372 1938 1492 1970 solent.
1523 1936 1604 1967 Cum
1623 1945 1698 1966 vero
1718 1944 1857 1977 corpora
1881 1938 1956 1977 ipsa
1975 1939 2064 1976 ejus-

270 1990 343 2020 dem
369 1997 433 2019 non
458 1988 580 2017 fuerint
605 1986 751 2024 generis,
784 1985 898 2015 eodem
923 1986 957 2014 in
982 1984 1054 2014 loco
1082 1994 1151 2015 esse
1176 1993 1242 2014 non
1274 1987 1430 2024 possunt:
1466 1993 1543 2013 nam
1568 1983 1706 2013 materia
1729 1980 1788 2014 illa
1820 1983 1902 2014 duas
1928 1983 2065 2014 haberet

269 2035 368 2066 simul
394 2036 525 2065 formas.
575 2032 780 2063 Condensari
806 2041 923 2072 eorpus
947 2033 1073 2071 potest,
1101 2031 1190 2071 quod
1216 2030 1339 2061 similes
1365 2031 1464 2060 habet
1486 2033 1614 2072 partes,
1640 2038 1707 2059 non
1731 2032 1843 2061 autem
1868 2039 2005 2070 corpora
2030 2039 2064 2060 se

268 2086 439 2122 penetrare
464 2084 617 2121 possunt.
643 2099 685 2103 --
712 2079 749 2108 In
773 2079 963 2107 universum
987 2080 1052 2107 tres
1079 2081 1175 2107 erunt
1199 2080 1321 2107 motus:
1358 2074 1389 2116 1)
1415 2086 1434 2106 a
1458 2077 1556 2108 vacui
1580 2076 1670 2117 fuga,
1698 2076 1755 2106 sed
1780 2077 1889 2106 verius
1915 2086 1934 2106 a
1957 2076 2065 2106 forma

270 2129 434 2164 elementi,
461 2136 533 2157 cum
559 2128 715 2165 majorem
740 2125 908 2154 raritatem
934 2133 1000 2154 non
1026 2124 1187 2161 admittat,
1213 2133 1272 2154 nec
1297 2124 1451 2153 materiae
1477 2127 1586 2163 partes
1604 2123 1750 2162 separari
1766 2131 1911 2162 unquam
1930 2126 2064 2162 queant.

270 2176 350 2205 Esse
375 2177 483 2204 autem
518 2174 604 2203 hunc
635 2175 759 2202 motum
784 2171 981 2207 naturalem,
1015 2170 1159 2200 ostendit
1193 2179 1370 2200 consensus
1395 2170 1431 2199 in
1454 2170 1518 2199 11οο
1542 2169 1687 2200 universi
1720 2172 1752 2199 et
1778 2169 1966 2199 obedientia
1993 2179 2066 2200 om-

270 2222 362 2251 nium
387 2229 571 2261 corporum,
598 2228 680 2258 quae
704 2217 828 2248 relictis
853 2218 999 2258 propriis
1018 2218 1174 2258 motibus,
1201 2221 1238 2247 ut
1263 2217 1339 2247 huic
1365 2216 1579 2257 satisfaciant,
1606 2216 1790 2246 ascendunt
1815 2219 1932 2256 sponte
1949 2216 2065 2254 gravia

271 2267 537 2307 descenduntque
561 2266 658 2295 levia.
707 2262 739 2305 2)
766 2264 874 2294 Motus
906 2264 1029 2294 dire-cto
1065 2264 1140 2294 huic
1173 2264 1355 2294 contrarius
1381 2262 1502 2304 (motus
1533 2260 1753 2303 attractionis)
1788 2264 1898 2302 specie
1930 2262 2066 2303 quidem

271 2318 308 2344 ut
331 2313 388 2344 ille
414 2324 431 2343 a
456 2322 557 2343 vacuo
583 2314 629 2343 fit.
680 2311 744 2341 Hic
769 2320 808 2340 110
835 2320 973 2350 corpora
998 2320 1032 2340 se
1058 2314 1172 2340 mutuo
1196 2312 1369 2350 penetrent
1393 2309 1503 2339 factus
1528 2309 1674 2350 videtur,
1709 2309 1767 2339 sed
1792 2309 1900 2339 verius
1926 2310 2064 2350 opposi-

270 2365 335 2391 tam
360 2361 464 2399 priori
489 2360 529 2389 ob
556 2359 725 2398 rationem,
752 2366 791 2387 ne
817 2366 862 2390 sc,
889 2358 993 2387 forma
1018 2355 1093 2396 plus
1116 2358 1205 2395 justo
1232 2365 1331 2397 quam
1356 2355 1473 2386 debeat
1495 2356 1651 2386 materiae
1678 2356 1805 2396 primae
1831 2358 2064 2397 consequatur.

272 2406 402 2437 Clarum
429 2409 487 2447 est,
514 2406 628 2435 ambos
654 2408 762 2434 motus
788 2405 933 2434 motibus
960 2404 1113 2433 omnibus
1139 2403 1294 2433 violentis
1320 2403 1521 2442 potentiores
1547 2402 1651 2432 multo
1678 2411 1760 2436 esse.
1803 2401 1840 2443 3)
1859 2402 1969 2433 Motus
1987 2411 2065 2441 gra-

271 2455 361 2484 vium
387 2453 430 2483 ad
454 2452 593 2490 inferna,
618 2452 740 2480 levium
767 2450 807 2480 ad
833 2460 987 2489 superna,
1014 2459 1111 2491 quem
1135 2448 1236 2490 plane
1262 2458 1374 2479 omnes
1400 2447 1582 2478 naturalem
1608 2458 1678 2479 esse
1703 2449 1857 2480 fatentur.

409 2499 484 2529 Tria
511 2502 586 2528 sunt
611 2498 785 2527 elementa:
822 2500 920 2538 terra,
947 2506 1030 2537 quae
1067 2496 1262 2526 densissima
1288 2498 1337 2525 est
1361 2498 1462 2535 atque
1495 2495 1690 2533 gravissima
1720 2496 1756 2525 in
1786 2496 1920 2537 imoque
1944 2495 2066 2536 posita,

274 2547 336 2587 aer,
364 2547 423 2587 qui
446 2545 647 2583 rarissimus,
674 2544 872 2582 levissimus,
899 2544 932 2572 in
958 2551 1111 2583 suprema
1136 2546 1229 2582 parte
1255 2541 1444 2583 collocatur,
1471 2544 1503 2571 et
1528 2550 1625 2583 aqua,
1652 2551 1736 2582 quae
1762 2542 1907 2573 medium
1930 2543 1968 2572 111
1994 2551 2065 2572 om-

272 2594 369 2623 nibus
394 2593 445 2622 his
469 2591 629 2632 possidet.
674 2589 869 2620 Communia
895 2590 1049 2619 omnibus
1075 2592 1161 2627 sunt,
1188 2588 1275 2627 quod
1301 2589 1447 2627 expertia
1471 2591 1548 2618 sunt
1572 2588 1706 2618 innatae
1733 2588 1929 2631 caliditatis,
1955 2585 2068 2619 nullus

274 2640 359 2669 enim
386 2639 476 2669 calor
500 2639 565 2668 nisi
590 2647 609 2666 a
634 2636 724 2666 coelo
750 2640 847 2677 atque
872 2636 946 2666 ideo
973 2636 1014 2665 ab
1041 2636 1150 2664 anima
1175 2634 1226 2664 vel
1250 2634 1336 2667 luce.
1385 2634 1501 2665 Omnis
1525 2633 1584 2664 lux
1611 2634 1719 2665 calida
1744 2638 1794 2665 est
1818 2638 1851 2665 et
1876 2643 1970 2666 omne
1996 2637 2067 2665 ast-

274 2696 344 2715 rum
371 2687 411 2715 ob
437 2686 471 2715 id
500 2684 654 2717 calidum,
690 2683 911 2723 Decipiuntur
934 2682 1073 2722 plurimi
1097 2682 1133 2711 in
1159 2680 1328 2711 elementis
1355 2681 1395 2710 ob
1423 2679 1565 2711 calorem
1584 2680 1766 2712 violentum
1783 2685 1842 2711 aut
1857 2682 2068 2722 impressum.

275 2732 355 2761 Nam
381 2741 418 2762 ex
442 2732 572 2761 actione
597 2733 758 2760 astrorum
784 2730 1019 2760 elementorum
1044 2731 1152 2767 partes
1177 2728 1221 2757 ad
1245 2728 1434 2758 mistionem
1460 2729 1599 2758 veniunt
1624 2729 1772 2769 fiuntque
1796 2728 1946 2769 potentia
1971 2726 2067 2769 tales,

275 2781 311 2807 ut
334 2779 431 2818 piper
457 2777 617 2818 calidum,
645 2777 701 2806 sed
726 2776 787 2806 hoc
811 2785 877 2805 non
903 2778 951 2805 est
975 2775 1182 2814 elementum,
1208 2773 1265 2804 sed
1289 2775 1436 2808 mistum,
1468 2774 1557 2812 Ignis
1584 2775 1694 2813 etiam,
1713 2783 1796 2815 quae
1821 2773 1970 2814 lapidum
1997 2774 2065 2804 col—

275 2823 394 2853 lisione
420 2823 622 2862 accenditur,
658 2826 706 2853 est
732 2821 884 2852 caliditas
918 2825 1079 2851 astrorum
1112 2822 1145 2850 in
1173 2829 1308 2860 corpore
1332 2821 1510 2853 rarefacto.
1560 2819 1766 2851 Elementum
1798 2829 1865 2850 non
1890 2829 1970 2850 voco
1997 2830 2092 2864 rem·

277 2870 518 2907 calidissimam,
546 2870 600 2898 sed
627 2868 709 2899 illud
728 2867 922 2898 elementum
942 2868 1026 2905 dico,
1052 2867 1141 2908 quod
1158 2876 1218 2897 nec
1235 2866 1357 2906 pabulo
1374 2867 1514 2906 indiget,
1540 2876 1597 2897 nec
1616 2870 1732 2908 sponte
1751 2867 1980 2907 corrumpitur,
2005 2876 2068 2898 nec

276 2919 420 2956 vagatur,
447 2915 502 2944 sed
528 2918 646 2944 certam
671 2918 758 2945 tenet
783 2915 910 2955 sedem,
937 2915 1114 2945 maximam
1139 2914 1265 2944 habens
1283 2914 1402 2944 molem
1428 2923 1466 2944 ac
1492 2913 1536 2943 ad
1559 2914 1804 2952 generationem
1829 2916 1982 2953 paratum
2006 2916 2064 2944 est.

277 2961 424 3001 Cumque
441 2961 567 2990 nullum
584 2961 699 2990 horum
717 2962 786 3001 igni
806 2961 987 3000 conveniat,
1013 2961 1100 2990 hunc
1119 2959 1315 2990 elementum
1334 2969 1544 3001 nequaquam
1561 2960 1815 3000 appellabimus.
1850 2958 1998 2990 Flamma
2016 2963 2064 2990 est

277 3006 361 3038 nihil
378 3006 470 3036 aliud
487 3016 583 3047 quam
609 3007 662 3035 001
685 3016 857 3044 accensus,
882 3010 1040 3048 perpetuo
1066 3009 1230 3047 movetur,
1258 3016 1316 3045 per
1339 3007 1577 3044 angustissima
1601 3005 1762 3036 foramina
1792 3006 1995 3047 ingreditur,
2022 3008 2064 3037 ob

278 3057 403 3084 motum
429 3053 549 3083 dividit
566 3061 602 3082 ac
619 3052 749 3092 scindit,
777 3053 914 3083 discissa
931 3054 1039 3083 calore
1056 3054 1215 3083 immenso
1241 3053 1307 3082 urit
1331 3062 1371 3082 00
1395 3053 1430 3082 in
1448 3053 1620 3093 propriam
1644 3052 1804 3082 convertit
1829 3053 2064 3086 substantiam.

277 3101 399 3132 Fumus
417 3102 465 3131 est
483 3097 614 3140 (11191011,
632 3098 777 3140 quidam,
803 3100 861 3140 qui
877 3100 1024 3130 fiammae
1045 3099 1207 3139 succedit,
1231 3100 1341 3130 tenuis
1361 3100 1410 3130 est
1427 3102 1459 3130 et
1476 3100 1511 3130 in
1529 3100 1636 3138 aerem
1660 3096 1809 3135 celeriter
1826 3099 1946 3132 transit
1962 3102 2065 3144 atque
