2126 3388
211 168 296 212 780
894 168 978 206 vita
1000 167 1152 206 «Ioannis
1177 167 1336 217 Kepleri.

214 283 350 325 literas,
374 285 410 319 in
435 283 564 330 quibus
589 282 661 328 ille,
687 283 880 330 instigatus
905 284 998 320 forte
1023 286 1068 321 ab
1094 285 1299 332 Herwarm,
1326 287 1481 331 petierat
1505 290 1545 322 ut
1570 286 1638 323 sibi
1662 292 1864 333 magnetem
1888 289 2007 325 mittat

215 342 411 388 Mullerus3
449 341 626 383 „vividum
657 346 693 376 et
724 346 912 386 vegetum“
945 347 1147 387 magnetem
1173 356 1211 380 se
1237 356 1308 380 non
1332 345 1467 380 habere
1493 344 1598 387 dicit,
1625 346 1763 391 suadet,
1787 352 1828 381 ut
1853 348 1889 382 in
1913 347 2006 382 valle

213 400 434 434 Joachimica
458 400 494 433 in
520 399 692 434 Bohemia
716 401 931 444 requiratur.
976 401 1118 447 „Grata,
1143 404 1271 448 pergit,
1297 403 1385 437 mihi
1404 395 1642 447 sunt‘omnia,
1668 415 1760 448 quae
1781 405 1825 440 de
1849 410 2006 441 11101110-

211 468 361 501 rumque
378 460 473 492 statu
492 461 527 492 et
552 456 680 500 salute,
706 457 862 502 itemque
888 458 931 492 de
957 459 1159 495 conditione
1177 462 1373 497 haeredum
1391 461 1571 506 Tychonis
1598 463 1786 506 scripsisti.
1820 463 2007 509 Tengnag-

212 516 282 550 lius
307 515 335 549 si
361 519 545 558 praestare
570 519 606 549 et
630 514 773 550 efficere
790 516 826 550 id
845 522 979 560 posset,
1005 518 1100 562 quod
1126 523 1175 557 tu,
1201 524 1287 555 tunc
1304 520 1430 554 merito
1455 519 1648 564 invideret3
1674 525 1714 555 tu
1731 525 1851 555 autem
1875 522 1911 555 in
1928 533 2007 566 pro-

213 573 328 617 posito
354 583 502 617 pergas,
537 577 722 608 aeternum
754 573 818 608 tibi
853 575 1076 619 comparabis
1109 587 1251 612 nomen.
1299 577 1354 611 De
1387 587 1424 612 se
1455 577 1535 621 ipso
1567 577 1695 622 refert,
1733 589 1770 613 se
1800 578 2009 614 librationes

213 641 385 674 aquarum
410 630 558 666 Havilae
584 636 619 666 et
645 631 802 676 Oderae,
837 643 926 676 quos
952 633 1080 668 fluvios
1106 635 1371 670 connectendos
1405 635 1572 670 statuerit
1603 635 1736 670 elector
1759 636 2009 672 Brandenbur-

214 689 342 732 gensis,
365 689 581 734 instituisse3
613 689 714 734 fungi
738 701 777 725 se
801 691 986 726 architecti
1011 696 1047 726 et
1070 692 1204 727 tribuni
1229 693 1356 728 aerarii
1381 704 1528 728 munere
1553 694 1589 728 in
1615 693 1683 729 1100
1708 694 1870 739 negotio,
1905 694 2011 729 simul

212 747 248 781 in
275 746 398 781 schola
426 747 549 788 „Nova
572 746 677 783 Valle
700 748 943 784 Joaehimica“
970 750 1212 795 professorem
1236 752 1492 787 mathematum
1518 762 1633 796 agere.

350 811 538 855 Epistolae
563 810 711 855 Kepleri
736 816 772 846 et
797 812 992 856 Brenggeri
1018 818 1164 850 mutuae
1188 815 1256 850 1100
1288 820 1380 849 anno
1407 815 1562 859 scriptae
1587 815 1743 849 maxima
1769 824 1813 849 ex
1838 818 1940 859 parte
1966 815 2010 850 de

215 869 334 912 optiea
360 872 412 909 (II.
441 873 484 903 60
511 873 584 914 ss.),
621 868 665 904 de
701 870 849 904 cometis
877 872 964 915 (VII.
993 875 1047 910 1⁶2)
1079 877 1115 906 et
1149 873 1365 908 harmonicis
1399 873 1598 908 rationibus
1624 878 1736 917 agunt
1760 875 1818 919 (ΙΙ.
1845 876 1911 908 591
1939 873 2007 916 ss).

215 927 245 961 E
271 927 417 971 Kepleri
441 927 677 972 responsione
703 927 755 975 (d.
782 928 815 964 d.
844 930 874 963 ὃ.
900 930 1005 974 Apr.)
1032 929 1123 965 haec
1149 929 1401 966 desumsimus.

354 988 478 1027 Credo
510 1000 617 1035 sane,
651 1000 783 1027 verum
817 1001 901 1027 csse
935 990 1038 1039 quod
1069 991 1217 1038 scribis,
1250 993 1373 1031 teneri
1404 997 1442 1030 te
1475 991 1666 1031 desiderio
1700 991 2011 1029 Commentario-

215 1059 300 1084 rum
331 1046 379 1085 de
410 1047 580 1084 motibus
612 1046 763 1085 Martis.
824 1047 917 1086 Jam
948 1050 1006 1086 bis
1038 1051 1138 1087 enim
1169 1051 1317 1100 scripsi,
1349 1051 1506 1099 publice
1538 1051 1696 1090 venales
1726 1062 1804 1087 non
1833 1050 1936 1097 fore,
1970 1055 2012 1088 tu

217 1117 331 1153 vcro,
375 1111 417 1142 ut
448 1105 574 1143 solent
607 1110 801 1154 amantes,
847 1118 916 1156 spe
956 1112 1088 1145 contra
1119 1120 1228 1157 spem
1267 1111 1516 1156 sustentaris,
1560 1114 1596 1146 te
1636 1108 1724 1146 illos
1755 1108 2011 1146 Frankofurto

218 1168 543 1213 comparaturum.
605 1163 826 1212 Specimina
870 1166 1130 1214 experientiae
1174 1167 1220 1204 de
1252 1167 1476 1215 aspectibus
1515 1166 1682 1216 plurima
1724 1166 1814 1204 dare
1843 1177 2012 1215 possem,

218 1221 286 1260 sed
327 1233 403 1260 non
443 1226 557 1260 vacat
597 1221 812 1260 describere
854 1223 1147 1262 observationes
1191 1236 1312 1262 meas.
1373 1224 1452 1263 Sed
1493 1230 1610 1272 nota,
1653 1225 1748 1262 nihil
1789 1225 2012 1274 aspectibus

219 1281 361 1328 tribuo,
393 1281 468 1317 nisi
500 1281 537 1317 in
568 1291 708 1329 genere
741 1283 1139 1320 commotionem
1170 1288 1342 1330 naturae,
1377 1295 1477 1332 quac
1508 1285 1633 1332 gignit
1665 1289 1835 1321 meteora
1840 1311 2010 1322 ......

218 1339 377 1376 Summa
407 1350 580 1376 mearum
611 1338 921 1387 speculationum
954 1340 1050 1377 haee
1083 1345 1161 1378 est:
1194 1343 1365 1379 musicae
1398 1348 1434 1379 et
1457 1343 1679 1391 aspectibus
1701 1341 1775 1379 1100
1798 1353 1884 1380 0550
1906 1352 2013 1379 0010-

218 1408 354 1443 mune,
387 1397 491 1445 quod
523 1401 564 1434 ut
597 1408 774 1445 quaeque
806 1409 893 1446 pars
926 1399 1057 1435 circuli
1088 1401 1435 1447 geometricoteroeg
1465 1406 1639 1447 secatur,
1682 1401 1737 1437 sic
1769 1404 1807 1438 et
1837 1404 2014 1437 naturam

218 1455 391 1492 stimulat
422 1456 557 1493 fortius
588 1460 787 1505 aspectum
820 1456 1084 1505 conformans,
1128 1462 1165 1494 et
1197 1469 1309 1495 aures
1340 1463 1472 1496 movet
1503 1458 1742 1506 evidentius,
1774 1457 2015 1496 harmoniam

220 1515 470 1552 constituens.

359 1586 645 1631 Responsionem
670 1584 819 1630 Kepleri
846 1584 891 1619 ad
918 1587 1166 1630 quaestionem
1189 1587 1347 1632 pastoris
1373 1587 1578 1623 Eichleri
1604 1587 1651 1632 (d.
1677 1588 1709 1622 4.
1735 1588 1833 1633 Jan.)
1868 1587 1913 1623 de
1937 1588 2017 1624 1000

218 1651 436 1682 cometarum
469 1649 504 1678 et
536 1643 615 1678 aliis
650 1642 729 1678 vide
762 1643 831 1679 vol.
857 1644 903 1679 II.
937 1656 973 1688 p.
998 1645 1078 1680 831.
1134 1646 1175 1679 In
1208 1645 1320 1680 literis
1357 1646 1403 1681 ad
1436 1646 1729 1681 Joachimum
1765 1646 2018 1681 Tanckium

219 1705 323 1747 datis,
357 1713 450 1748 quae
476 1702 630 1736 maxima
656 1711 699 1734 ex
724 1706 827 1745 pru-te
852 1703 1060 1737 harmonica
1085 1707 1242 1738 tractant
1268 1707 1307 1748 (Ι.
1334 1709 1400 1738 375
1420 1707 1497 1751 ss.),
1534 1704 1646 1739 refert
1670 1705 1869 1749 Keplerus,
1894 1704 2020 1739 ludere

218 1773 256 1796 se
288 1761 457 1807 symbolis
484 1765 519 1796 et
545 1759 757 1804 opusculum
784 1759 983 1795 instituisse
1013 1762 1208 1797 Cabbalctm
1237 1764 1510 1808 qeometricam,
1545 1763 1588 1797 de
1619 1762 1709 1797 ideis
1733 1772 1851 1797 rerum
1876 1766 2020 1797 natura-

216 1820 302 1855 lium
328 1819 363 1853 in
387 1819 600 1863 geometria3
635 1818 723 1852 nihil
749 1829 832 1853 vero
859 1819 1005 1863 probari
1031 1818 1219 1864 symbolis,
1254 1821 1343 1854 nihil
1371 1821 1531 1856 abstrusi
1563 1821 1639 1855 erui
1664 1821 1700 1854 in
1725 1819 1881 1855 naturali
1904 1819 2020 1864 philo-

219 1877 347 1922 sophia
370 1888 434 1922 per
452 1876 632 1922 symbolas
653 1877 900 1922 geometricas,
926 1881 1065 1912 tantum
1091 1882 1174 1912 ante
1194 1882 1280 1913 nota
1298 1879 1560 1914 accommodari
1578 1883 1647 1913 010.
1687 1877 1787 1912 Idem
1804 1877 1897 1912 forte
1916 1887 2022 1922 opus-

221 1938 341 1974 culum
369 1937 455 1973 dicit
479 1938 511 1973 J.
537 1938 688 1981 Papius,
714 1937 831 1981 Aprili
856 1947 979 1973 mense
1006 1939 1187 1973 scribens:
1224 1939 1285 1979 „In
1312 1938 1477 1983 catalogo
1504 1938 1745 1973 nundinarum
1769 1935 1929 1971 nondum
1953 1935 2024 1970 vidi

220 1995 485 2041 philosophiam
511 2000 610 2030 tuam
637 1996 869 2041 paradoxum,
898 1997 999 2041 cujus
1018 1987 1229 2041 meministi3
1259 1997 1374 2031 scribe
1393 2006 1539 2040 quaeso,
1566 1995 1819 2039 ubiimpressa
1836 1994 1913 2028 sit.“

356 2060 423 2095 Die
451 2062 506 2095 10.
532 2059 744 2095 Novembris
772 2061 949 2105 Keplerus
975 2061 1031 2095 his
1059 2060 1570 2104 alloquitur,Fabricium:
1607 2057 1758 2094 Silentii
1781 2057 1855 2093 mei
1879 2067 2022 2093 causae

219 2120 309 2153 sunt
340 2115 510 2164 caedem,
544 2128 643 2164 quae
677 2117 745 2153 otii
778 2116 939 2155 annalis.
999 2116 1232 2165 Astrologus
1264 2127 1316 2162 cs,
1352 2116 1483 2154 videre
1514 2115 1695 2161 debuisti,
1729 2114 1859 2152 Solem
1892 2125 2021 2151 meum

221 2187 244 2212 a
275 2174 442 2211 Saturno
476 2174 657 2221 obsideri,
690 2179 731 2211 ut
763 2174 808 2211 de
840 2175 1006 2223 publicis
1038 2175 1150 2211 malis
1182 2174 1278 2211 nihil
1301 2174 1437 2211 dicam.
1479 2173 1698 2211 Praecessit
1720 2183 1831 2209 omen
1852 2171 2020 2209 labantis

222 2232 339 2270 studii
371 2233 466 2269 mei:
501 2243 600 2269 anno
638 2237 759 2270 1607.
794 2236 857 2270 25.
886 2232 997 2270 Febr.
1030 2244 1115 2270 cum
1146 2234 1183 2268 in
1216 2244 1340 2270 arcem
1374 2231 1634 2269 ascendissem
1666 2230 1715 2268 ad
1736 2231 1869 2280 Byrgii
1903 2236 2020 2267 auto-

221 2296 460 2338 matopoeos‚
492 2295 697 2339 rogaturus
731 2290 775 2327 de
808 2297 998 2339 apparatu
1030 2291 1078 2327 ad
1110 2290 1390 2339 postridianam
1422 2291 1498 2338 (uti
1528 2289 1815 2336 hallucinabar)
1848 2288 2021 2337 eclipsin,

222 2348 339 2386 incidi
372 2360 417 2386 ex
449 2350 659 2397 improviso
692 2350 729 2385 in
762 2354 989 2397 quaerentes
1022 2360 1069 2386 ex
1100 2361 1178 2395 me,
1222 2360 1312 2386 num
1343 2347 1573 2385 attenderim
1605 2348 1654 2385 ad
1687 2346 1879 2396 eclipsin?
1930 2345 2022 2384 Jam

224 2408 324 2445 enirn
358 2405 426 2443 illa
458 2418 502 2444 eo
536 2406 596 2443 die
627 2408 877 2456 praeterierat
882 2436 1022 2445 .....
1083 2406 1338 2455 Prognostica
1379 2406 1475 2443 desii
1507 2407 1673 2444 scribere
1679 2433 1818 2445 .....
1876 2404 2020 2442 Narras

221 2464 434 2514 periculum
480 2463 733 2511 valetudinis,
777 2476 822 2501 ex
866 2465 1222 2514 computationibus
1266 2470 1515 2502 contractum.
1584 2464 1680 2501 Post
1717 2463 1857 2501 festum
1888 2464 2017 2510 venio,

222 2523 453 2561 medicinam
498 2527 627 2559 tamen
668 2522 827 2560 suadeo.
891 2522 1098 2560 Abstineas
1130 2534 1153 2560 a
1185 2522 1455 2559 constituenda
1497 2522 1705 2572 hypothesi
1740 2521 1900 2568 Martis,
1940 2521 2024 2569 jam

223 2583 324 2620 enim
357 2586 414 2618 est
447 2581 668 2619 constituta.
711 2580 793 2629 Ego
827 2585 978 2618 tantum
1009 2582 1169 2617 insumsi
1201 2581 1358 2627 laboris,
1392 2586 1577 2629 quantum
1601 2580 1742 2618 suffieit
1764 2579 1895 2616 decem
1916 2590 2023 2616 mor-

222 2640 337 2685 tibus,
372 2644 409 2676 et
440 2639 585 2689 perviei
616 2650 683 2688 per
704 2638 777 2676 Dei
800 2640 963 2687 gratiam
996 2640 1232 2689 pervenique
1255 2650 1312 2685 co,
1347 2643 1388 2675 ut
1421 2644 1624 2676 contentus
1656 2649 1740 2676 esse
1762 2639 1906 2687 possim
1928 2638 2023 2674 meis

225 2698 393 2735 inventis
426 2702 463 2734 et
496 2698 663 2745 quietus.
725 2698 948 2745 Antequam
981 2698 1266 2745 acquiescerem
1299 2698 1485 2744 inventis,
1532 2699 1728 2745 quiescere
1761 2696 1916 2732 omuino
1948 2706 2025 2732 non

225 2757 356 2806 potui3
390 2767 434 2792 ex
466 2756 659 2804 praesenti
690 2755 807 2803 igitur
839 2756 969 2803 quiete
1001 2760 1270 2803 argumentare
1313 2755 1359 2792 de
1399 2756 1492 2792 meis
1525 2756 1706 2793 inventis.
1758 2754 1816 2790 Ex
1848 2754 1894 2790 iis
1926 2764 2026 2802 quae

226 2814 362 2851 scribis
396 2812 560 2862 colligo,
604 2824 704 2862 quae
738 2824 881 2851 causae
915 2814 986 2851 tibi
1018 2815 1113 2860 sint,
1157 2824 1223 2851 cur
1255 2813 1463 2851 observata
1494 2818 1562 2851 tua
1593 2824 1669 2850 non
1700 2812 1843 2848 mittas.
1905 2810 2025 2860 Cupis

227 2870 374 2919 aliquid
408 2876 445 2908 et
478 2873 559 2920 ipse
592 2876 803 2920 praestare,
839 2873 876 2908 in
910 2883 988 2920 qua
1020 2872 1147 2920 operis
1179 2876 1287 2920 parte
1327 2882 1404 2908 non
1436 2871 1496 2908 vis
1527 2871 1671 2909 habere
1711 2869 1920 2907 aemulum.
1946 2897 1955 2907 .
1980 2900 1989 2908 .
2015 2898 2025 2906 .

229 2929 289 2966 Ad
320 2934 388 2966 tua
419 2931 578 2967 inventa
611 2929 658 2967 de
690 2928 830 2976 Marte,
865 2941 965 2978 quae
986 2929 1248 2979 Pythagorico
1271 2929 1410 2966 affeetu
1443 2928 1688 2967 commendas
1720 2939 1859 2976 meque
1881 2928 2025 2964 invitas

228 2986 277 3023 ad
309 2998 354 3024 ea
386 2986 632 3034 admiranda,
677 2987 771 3036 quid
812 2987 939 3025 dicam
982 2999 1057 3024 non
1097 2988 1236 3025 habeo.
1296 2986 1481 3025 Ridebo‘?
1525 2988 1576 3024 At
1607 2986 1765 3024 meliora
1795 2987 1953 3023 meritus
1986 2996 2026 3022 05

229 3045 380 3092 egregio
414 3044 541 3082 studio
575 3050 613 3082 et
644 3045 857 3094 cupiditate
893 3046 1103 3094 inculpata.
1163 3040 1298 3094 Magni
1336 3057 1428 3082 vero
1470 3044 1638 3083 faciam?
1695 3044 1747 3080 At
1784 3045 1910 3080 minus
1950 3042 2024 3080 hoc

229 3102 299 3138 erit
328 3101 533 3140 candidum
563 3104 724 3141 facinus.
776 3103 864 3142 Hoc
897 3103 1023 3142 solum
1055 3104 1127 3142 tibi
1157 3103 1265 3152 dico,
1298 3107 1365 3141 aut
1395 3108 1432 3141 te
1455 3102 1670 3142 coincidere
1701 3103 1739 3139 in
1771 3101 1908 3141 effectu
1940 3111 2027 3139 cum
