2126 3388
895 164 998 202 1608.
1026 164 1128 203 1609.
1815 167 1898 210 781

106 286 331 335 operatione
361 296 460 332 mea,
494 288 562 323 aut
592 284 859 322 aberraturum
890 283 1117 333 longissime
1149 284 1198 322 ab
1231 284 1463 322 observatis.
1506 283 1642 334 Quid?
1683 285 1745 323 Tu
1765 297 1902 335 parum

102 345 241 382 referre
272 348 387 394 putas
419 342 470 381 ad
502 343 605 380 orbis
627 344 744 380 annui
767 344 1042 391 aequationes,
1076 343 1355 393 prolongentur
1377 342 1584 382 distantiae
1606 343 1745 381 Martis
1767 356 1790 382 a
1810 344 1901 383 Sole

103 404 204 440 circa
235 402 382 440 medias
415 401 677 451 longitudines
708 413 757 438 an
790 401 1068 439 decurtentur‘?
1119 401 1199 439 Aut
1229 401 1297 439 ubi
1318 412 1390 449 ego
1413 401 1582 451 decurto,
1614 407 1655 440 tu
1677 401 1788 440 malis
1809 414 1902 452 pro-

101 459 293 509 longare?
346 459 377 500 O
402 465 439 499 te
456 460 661 497 miserum!
712 458 837 508 Quam
869 471 1005 509 parum
1037 471 1184 498 memor
1215 471 1256 498 es
1288 471 1430 508 eorum,
1463 472 1563 510 quae
1595 460 1686 500 olim
1718 462 1800 511 ipse
1832 472 1902 499 ex-

101 525 235 568 pertus
271 520 388 568 inque
419 518 541 557 literis
574 518 622 556 ad
653 529 714 555 me
746 518 894 567 prolixe
928 517 1027 556 datis
1060 522 1226 556 testatus
1257 529 1311 556 65.

239 597 321 632 Jam
345 596 535 641 Keplerus,
562 596 712 641 propius
738 596 911 640 inspectis
929 595 1086 631 Fabricii
1110 596 1244 641 literis,
1270 607 1341 631 non
1365 596 1472 640 plane
1497 607 1588 632 vana
1615 601 1651 632 et
1676 598 1777 633 irrita.
1801 598 1902 633 illum

102 655 336 700 produxisse,
364 654 429 689 sed
453 654 656 689 consentire
678 653 737 688 illa
765 654 1025 696 quadamtenus
1052 665 1131 689 cum
1158 664 1224 688 sua
1249 654 1462 699 hypothesi,
1496 656 1675 699 agnoscit,
1703 657 1793 692 haec
1817 668 1902 692 vero

103 713 245 755 objicit:
288 708 583 749 Traducet'tua
621 709 849 758 hypothesis
881 708 931 746 ad
962 722 1003 747 se
1034 710 1198 747 lectores
1232 716 1269 748 et
1300 710 1575 760 philosophos,
1617 712 1724 750 dabit
1756 713 1898 762 effugia

104 768 281 806 hostibus
313 769 501 819 physicae
543 767 744 814 coelestis,
787 769 960 816 patronis
994 769 1190 813 inscitiae,
1235 768 1454 806 architectis
1491 769 1702 808 solidorum
1736 772 1898 820 orbium,

103 827 338 865 mechanicis
371 828 531 873 crassis,
572 825 713 874 quibus
754 836 795 862 se
833 825 1024 863 redimant
1057 837 1076 863 e
1108 825 1274 863 vinculis
1315 825 1686 866 demonstrationum
1728 841 1899 867 mearum

105 877 355 934 physicarum
389 886 506 934 inque
537 884 758 921 libertatem
790 883 897 921 Deos
937 884 1153 922 fabricandi
1192 896 1233 921 se
1264 886 1464 932 recipient.
1526 886 1730 924 Redibitur
1761 887 1810 926 ad
1843 890 1903 925 in·-

103 942 340 992 telligentias
373 944 553 991 duaeque
585 941 879 980 collocabuntur
911 941 960 979 ad
992 942 1089 979 duos
1123 942 1287 980 circulos
1311 944 1411 981 circa
1434 949 1617 992 centrum,
1652 947 1793 994 quibus
1817 946 1902 985 effi-

106 1002 228 1038 ciatur
269 1002 418 1040 isthaec
459 1001 630 1039 libratio.
691 999 828 1048 Neque
868 1005 995 1038 tamen
1039 1001 1122 1038 sine
1153 1000 1334 1038 molestia
1373 1001 1480 1039 illam
1512 1002 1733 1042 adolescere
1764 1006 1902 1054 patiar.

103 1059 319 1108 Fateberis,
352 1068 389 1099 te
420 1065 628 1110 postquam
662 1058 847 1096 audivisti
880 1058 926 1096 de
959 1060 1024 1096 via
1044 1058 1182 1096 Martis
1204 1059 1307 1096 ovali
1331 1061 1503 1108 coepisse
1527 1063 1695 1110 cogitare
1717 1063 1762 1101 de
1783 1063 1904 1101 libra-

105 1118 275 1156 tionibus
279 1147 481 1159 .......
542 1118 598 1155 Ex
629 1116 839 1166 hypothesi
869 1118 986 1165 igitur
1016 1129 1102 1155 mea
1134 1123 1239 1155 tuam
1280 1118 1502 1156 efformasti.
1564 1120 1628 1158 Me
1659 1120 1763 1158 nuda
1797 1121 1905 1160 duxit

104 1181 256 1223 natura,
289 1177 408 1214 nullis
442 1179 628 1214 instructa
672 1175 846 1213 vestibus
878 1175 1170 1225 hypothesium,
1215 1181 1256 1213 tu
1288 1188 1335 1214 ex
1367 1176 1561 1226 aliquibus
1595 1179 1678 1227 ejus
1710 1180 1903 1227 membris,

106 1246 206 1283 quae
237 1235 308 1273 tibi
341 1247 365 1273 a
395 1248 457 1273 me
490 1238 704 1272 monstrata
747 1234 873 1271 minus
912 1233 1127 1272 laudabilia
1167 1234 1422 1282 videbantur,
1470 1238 1712 1275 occasionem
1755 1240 1903 1287 cepisti,

103 1295 348 1342 peregrinam
379 1293 435 1331 illi
466 1298 614 1331 vestem
647 1291 844 1337 induendi,
878 1303 955 1341 quo
987 1294 1113 1330 minus
1146 1299 1420 1342 agnosceretur
1450 1295 1616 1342 sincere,
1650 1298 1741 1345 quin
1775 1298 1905 1345 potius

105 1351 271 1389 lectores
303 1354 403 1390 inter
434 1352 606 1390 membra
637 1355 672 1388 et
705 1355 853 1389 vestem
886 1350 987 1388 hanc
1008 1356 1113 1388 tuam
1134 1363 1211 1389 uon
1241 1351 1532 1401 distinguerent,
1566 1365 1703 1404 corpus
1726 1354 1907 1404 dicerent,

106 1409 212 1458 quod
243 1410 478 1448 Fabriciana
511 1410 630 1448 vestis
662 1413 741 1455 est,
776 1409 942 1457 denique
974 1414 1017 1446 ut
1048 1421 1152 1447 novo
1185 1415 1323 1448 ornatu
1355 1411 1526 1459 placeret
1558 1412 1756 1460 delicatis,
1792 1414 1908 1451 nudi-

104 1472 224 1506 tatem
255 1469 556 1515 fastidientibus,
590 1469 667 1504 imo
699 1478 792 1505 vero
826 1472 868 1504 ut
899 1478 968 1516 pro
1000 1473 1151 1516 natura,
1185 1470 1485 1517 generosissima
1517 1470 1660 1520 puella,
1693 1472 1909 1510 substitue-

106 1532 209 1564 retur
240 1529 373 1576 spuria
403 1531 472 1565 tua
502 1526 717 1564 meretricio
751 1530 889 1562 ornatu
922 1530 959 1563 et
990 1527 1164 1564 moribus
1196 1526 1246 1564 ad
1279 1527 1520 1577 voluptatem
1554 1531 1798 1579 comparatis,
1832 1543 1910 1568 non

107 1584 156 1623 ad
187 1586 480 1634 ingenuitatem,
512 1585 586 1622 hoc
619 1589 695 1631 est,
741 1584 921 1622 Fabricio
954 1585 1179 1634 interprete,
1225 1590 1267 1622 ut
1299 1587 1369 1623 arti
1402 1587 1666 1626 consuleretur
1702 1600 1779 1626 non
1811 1589 1910 1628 alie-

105 1645 208 1681 natis
239 1643 500 1693 philosophis.
560 1642 624 1680 Sic
655 1643 773 1691 igitur
803 1644 891 1692 ipsa
931 1643 1169 1682 inventionis
1206 1645 1324 1683 series
1355 1647 1504 1695 arguit,
1543 1648 1785 1697 peregrinam
1823 1659 1908 1687 esse

106 1705 214 1740 tuam
244 1702 492 1752 hypothesin,
525 1712 600 1740 non
633 1700 863 1740 naturalem.

243 1779 491 1815 Fabricius
517 1777 705 1823 respondit
731 1778 764 1814 d.
792 1779 849 1814 22.
877 1779 1001 1814 Martii
1027 1779 1140 1815 1509:
1158 1805 1285 1817 .....
1335 1780 1472 1816 Vellem
1499 1793 1554 1816 me
1588 1783 1723 1827 aliquid
1753 1785 1790 1819 in
1816 1796 1909 1820 com-

108 1848 216 1873 mune
243 1839 385 1874 adferre
410 1848 528 1883 posse,
557 1837 653 1881 quod
678 1848 761 1872 vero
779 1848 885 1881 quam
908 1838 953 1872 sit
971 1849 1110 1883 parum,
1137 1839 1174 1874 id
1193 1839 1310 1874 sentio
1330 1844 1365 1874 et
1382 1839 1536 1875 libenter
1554 1851 1723 1884 agnosco.
1765 1842 1907 1878 Videris

106 1897 193 1931 mihi
217 1897 337 1931 nescio
363 1908 469 1941 quam
493 1896 603 1931 invidi
629 1901 664 1931 et
689 1896 806 1930 minus
833 1895 992 1932 liberalis
1011 1897 1120 1931 animi
1144 1902 1267 1931 notam
1292 1897 1441 1932 innuere
1466 1897 1571 1942 velle,
1598 1899 1699 1943 quasi
1725 1910 1821 1935 meas
1848 1901 1909 1935 ob-

107 1955 328 1990 servationes
353 1955 418 1990 tibi
443 1955 705 1990 communicare
730 1954 853 1988 nolim.
896 1955 1010 2000 Nego.
1053 1955 1181 1999 Egone
1206 1959 1242 1989 te
1267 1955 1302 1989 in
1329 1955 1512 1990 nonnullis
1539 1956 1716 1991 aemulum
1742 1969 1813 1992 non
1839 1958 1908 1993 fer-

106 2023 182 2048 rem
207 2017 269 2048 aut
295 2013 490 2058 quidquam
517 2012 682 2054 celarem,
709 2022 814 2055 quem
840 2012 877 2046 in
903 2012 1068 2048 omnibus
1095 2018 1135 2047 ut
1158 2018 1429 2058 praeceptorem
1454 2024 1614 2058 veneror,
1642 2020 1681 2048 ut
1704 2015 1909 2059 Apollinem

107 2071 225 2115 ipsum
250 2071 287 2105 in
311 2071 417 2106 rebus
444 2070 561 2105 dubiis
589 2070 750 2114 consulo,
779 2069 881 2114 cujus
909 2080 1018 2114 opera
1044 2075 1080 2105 et
1105 2070 1254 2105 consilio
1273 2071 1448 2106 hactenus
1466 2073 1644 2116 proficio?
1673 2073 1776 2116 Quod
1794 2085 1909 2110 meam

109 2129 330 2174 hypothesin
357 2129 502 2169 attinet,
536 2128 663 2162 mirum
696 2138 803 2172 quam
827 2140 884 2163 me
909 2134 971 2163 tua
996 2128 1192 2163 festivitate
1224 2130 1442 2164 recreaveris
1476 2135 1511 2165 et
1531 2130 1667 2174 judicio
1694 2137 1754 2166 tuo
1781 2133 1908 2168 confir-

106 2188 268 2223 maveris.
321 2186 519 2222 Candorem
545 2191 647 2221 tuum
672 2197 750 2222 amo
779 2192 814 2221 et
839 2187 959 2230 laudo,
985 2192 1020 2222 et
1045 2192 1085 2222 ut
1110 2191 1149 2222 tu
1175 2188 1305 2232 innuis,
1332 2198 1377 2222 ex
1402 2188 1473 2223 tuis
1498 2189 1651 2233 primum
1678 2191 1816 2235 profeci
1843 2198 1908 2227 etc.

107 2245 148 2280 In
173 2245 352 2290 prioribus
380 2245 494 2280 literis
521 2246 635 2290 (1605)
671 2244 851 2289 Keplerus
882 2245 1068 2289 quaerenti
1094 2245 1259 2280 Fabricio
1290 2246 1533 2290 explicaverat
1561 2249 1775 2284 sententiam
1806 2261 1907 2286 suam

110 2301 154 2337 de
180 2307 391 2346 argumento
418 2303 599 2349 Tychonis
625 2308 751 2338 contra
775 2308 911 2338 motum
929 2304 1079 2348 Terrae3
1107 2303 1152 2338 ad
1180 2304 1329 2339 eandem
1348 2306 1595 2349 quaestionem
1612 2307 1705 2341 redit
1721 2309 1757 2343 in
1782 2309 1908 2343 iisdem

108 2360 241 2406 literis,
277 2372 366 2405 quas
401 2362 507 2397 modo
542 2362 787 2406 excerpsimus
815 2364 885 2405 (cfr,
923 2366 990 2399 vol.
1018 2365 1074 2396 III.
1116 2375 1149 2406 p,
1176 2366 1254 2405 458,
1281 2365 1387 2406 462).
1447 2363 1546 2407 Quae
1578 2365 1710 2401 ibidem
1743 2367 1907 2402 Fabricio

109 2420 296 2464 respondit
323 2420 365 2454 de
392 2420 700 2464 aequinoctiorum
725 2421 994 2465 praecessione,
1028 2420 1196 2464 leguntur
1220 2420 1289 2455 vol.
1316 2421 1379 2455 ΙΙΙ.
1405 2434 1442 2466 p.
1471 2423 1553 2467 506,
1587 2423 1638 2459 sic
1663 2424 1788 2459 literae
1813 2425 1909 2470 Kep-

109 2476 176 2512 leri
199 2477 245 2512 ad
270 2477 380 2512 filium
405 2477 572 2522 Fabricii,
599 2477 725 2512 eodem
752 2478 856 2513 datae
882 2478 938 2513 die
965 2489 1034 2522 quo
1061 2478 1106 2513 ad
1131 2483 1270 2523 patrem
1294 2480 1449 2524 scripsit,
1475 2493 1510 2526 p.
1537 2483 1616 2517 452.

250 2547 378 2581 Herw
391 2551 522 2582 artus
547 2551 693 2591 praeter
718 2548 991 2592 chronologicas
1019 2550 1250 2592 quaestiones
1276 2553 1344 2593 (IV,
1371 2554 1439 2584 478
1459 2551 1515 2595 55.)
1540 2551 1698 2596 Keplero
1725 2551 1820 2587 aliud
1845 2552 1908 2586 im-

111 2604 236 2650 posuit
259 2605 453 2649 negotium,
480 2615 577 2639 mere
602 2605 880 2642 arithmeticum.
923 2606 1194 2651 Conscripserat
1222 2608 1400 2650 „Tabulas
1419 2609 1682 2644 arithmeticas“
1711 2619 1843 2654 easque
1863 2611 1908 2645 ad

111 2668 238 2707 typum
263 2662 504 2705 praeparavit.
546 2662 704 2706 Keplero
723 2663 819 2697 misit
836 2663 870 2698 d.
892 2664 946 2700 13.
966 2664 1063 2708 Sept.
1086 2665 1310 2711 „pagiuam“,
1336 2666 1567 2701 exhibentem
1585 2667 1765 2712 specimen
1784 2678 1908 2711 opera-

111 2720 219 2756 tionis
245 2719 513 2764 arithmeticae,
539 2725 683 2763 petens:
724 2721 797 2761 „Er
822 2720 924 2755 welle
950 2721 1118 2756 hieruber
1143 2722 1220 2757 sein
1247 2724 1464 2759 Bedencken
1490 2724 1560 2758 vnd
1587 2725 1790 2759 Gutachten
1816 2731 1909 2761 samt

114 2788 186 2813 was
211 2778 265 2812 Im
291 2776 395 2812 dabei
421 2776 508 2811 oder
534 2777 689 2812 daruber
713 2789 759 2812 zu
785 2778 941 2813 Gemuth
967 2779 1092 2824 gehet,
1125 2780 1191 2814 mir
1215 2781 1485 2816 zuschreibenf*
1537 2782 1635 2826 Quae
1660 2782 1838 2826 Keplerus
1864 2785 1909 2819 ad

112 2836 206 2871 hanc
231 2840 268 2870 et
291 2835 510 2880 posteriores
536 2834 709 2878 epistolas
734 2838 778 2875 (d.
799 2838 831 2870 d.
855 2839 888 2870 5.
907 2839 992 2871 Nov.
1018 2841 1050 2872 ⁶2.
1076 2844 1108 2870 et
1126 2842 1157 2874 5.
1175 2839 1272 2881 Dec.)
1296 2839 1542 2883 responderit,
1568 2839 1738 2884 leguntur
1763 2842 1829 2876 vol.
1846 2843 1906 2881 IV,

118 2905 155 2938 p.
183 2893 249 2929 527
275 2904 345 2938 ss.;
373 2893 477 2928 datae
505 2897 589 2926 sunt
613 2892 762 2937 Kepleri
786 2893 912 2928 literae
937 2893 970 2930 d.
999 2895 1050 2930 18.
1079 2896 1157 2931 Oct.
1185 2899 1220 2930 et
1247 2898 1300 2932 12.
1325 2897 1532 2932 Decembris
1559 2899 1643 2932 anni
1669 2899 1769 2935 1008.

252 2962 394 3001 1609.
436 2963 545 2998 Edita
570 2968 654 2997 sunt
678 2963 746 3014 hoc
772 2974 885 2999 anno:
921 2964 1161 3000 Astronomia
1185 2977 1281 3001 nova
1304 2978 1367 3002 seu
1396 2966 1664 3002 commentaria
1687 2968 1730 3003 cle
1754 2969 1911 3005 motibus

115 3025 240 3060 stellae
264 3024 412 3067 Martis,
438 3022 642 3066 Responsio
667 3022 717 3057 ad
739 3022 950 3066 Roszinum,
979 3026 1014 3056 et
1037 3023 1324 3059 Phaenomenon
1347 3024 1532 3070 singulare
1553 3035 1616 3060 seu
1639 3025 1846 3062 Mercurius
1869 3028 1910 3062 in

117 3081 214 3117 Sole.
260 3079 427 3125 Epistola
452 3079 670 3114 dedicatoria
698 3079 1081 3121 „Commentariorum“
1110 3080 1172 3124 (ad
1197 3081 1429 3126 Rudolphum
1445 3082 1718 3127 Imperatorem)
1746 3083 1829 3119 data
1854 3089 1909 3120 est

118 3139 150 3177 4.
177 3137 253 3177 Cal.
278 3138 424 3185 Aprilis,
449 3138 512 3174 illa
539 3138 842 3184 „Responsionis“
863 3139 927 3184 (ad
942 3139 977 3176 J.
997 3139 1039 3176 G.
1059 3138 1291 3186 Godelmann,
1317 3140 1558 3178 consiliarium
1583 3144 1619 3178 et
1641 3141 1798 3190 legatum
1815 3143 1906 3182 elec-
