2157 3398
267 187 351 233 644
669 183 908 223 Summarium
933 184 1115 221 Historiae
1139 184 1392 220 Astronomiae
1417 182 1539 221 seculo
1565 183 1663 223 XVI.

266 305 432 342 tinuavit.
483 304 605 350 Tycho
630 303 757 339 refert:
795 302 957 344 „Literas
983 304 1026 342 (d.
1053 313 1140 334 anno
1168 305 1269 342 1590)
1301 301 1453 346 ipsemet
1484 296 1736 336 Rothmannus
1768 311 1891 337 secum
1927 301 2059 346 attulit,

268 364 412 409 quando
437 374 493 399 me
519 365 686 407 Augusto
712 371 835 397 mense
859 360 1076 404 Uraniburgi
1110 360 1246 405 invisit,
1281 364 1321 395 ut
1345 360 1583 395 instrumenta
1607 369 1688 394 mea
1711 360 1934 404 perspiceret
1959 364 1995 396 et
2021 360 2064 394 de

266 422 450 457 nonnullis
481 421 526 456 ad
551 421 645 455 hanc
671 420 856 455 scientiam
888 418 1030 463 plenius
1058 417 1294 453 excolendam
1325 417 1539 453 facientibus
1572 427 1711 453 mecum
1738 417 1927 453 conferret.
1977 418 2064 452 Cum

264 490 330 524 per
353 480 492 524 aliquot
517 478 737 522 septimanas
755 487 894 512 mecum
911 477 970 511 ille
989 476 1046 511 1110
1063 480 1273 521 moraretur,
1301 476 1453 512 subinde
1479 476 1547 511 hac
1573 475 1616 510 de
1634 486 1673 511 re
1691 486 1773 511 cum
1793 485 1834 511 eo
1855 477 1910 521 egi
1936 475 2064 521 ipsius-

267 548 336 582 que
360 540 572 581 argumenta
598 535 727 579 infregi
751 535 1025 580 hominemque,
1060 535 1148 570 alias
1173 535 1208 570 in
1235 546 1300 571 suo
1326 535 1511 580 proposito
1545 534 1736 569 admodum
1763 537 2065 580 perseverantem,

265 596 409 631 tandem
434 605 475 630 eo
501 593 621 638 adegi,
656 598 696 628 ut
720 593 917 628 haesitaret
941 593 1093 637 primum
1121 593 1302 638 nonnihil,
1334 598 1462 638 postea
1487 595 1646 630 timidius
1672 599 1708 631 et
1732 595 1850 631 minus
1875 599 1972 630 certo
1997 594 2067 630 ista

265 658 460 697 assereret,
489 653 629 688 demum
656 663 694 687 se
720 652 808 687 nihil
833 653 903 687 1130
927 652 970 686 de
994 663 1033 686 re
1058 653 1236 687 hactenus
1262 652 1299 686 in
1324 652 1507 697 publicum
1535 652 1690 688 edidisse
1724 664 1790 688 nec
1822 653 1859 688 in
1883 657 2066 697 posterum

265 714 301 748 id
326 713 521 753 facturum,
553 711 616 746 sed
652 710 779 746 saltem
811 710 1021 756 disputandi
1051 711 1166 754 gratia
1200 711 1288 745 haec
1320 710 1406 744 mihi
1431 711 1664 755 proposuisse
1699 715 1954 747 asseveraret“.
2002 709 2068 744 His

269 771 455 814 subjungit
489 771 612 815 Tycho
646 774 857 814 argumenta
889 769 1083 814 quaedam,
1119 769 1249 813 quibus
1281 770 1455 805 rationem
1483 769 1671 814 Copernici
1703 769 1854 805 refutari
1881 769 2067 813 opinatur:

266 835 515 873 argumentum
542 829 586 864 de
611 839 697 864 casu
722 829 858 873 plumbi
885 838 930 862 ex
956 827 1131 862 altissima
1155 828 1262 872 turri,
1290 827 1378 862 illud
1398 828 1441 862 de
1462 832 1662 869 „tormento
1680 827 1947 872 bombardico“,
1974 826 2069 871 quod

266 889 443 934 Keplerus
469 892 570 922 taxat
593 887 662 923 vol.
690 888 755 922 ΙΙΙ.
779 900 815 932 p.
835 887 912 925 15⁶2,
938 887 1006 922 458
1024 897 1074 921 55.
1113 886 1277 930 Denique
1302 886 1370 920 hoc
1396 885 1500 921 affert
1527 887 1873 931 „experimentum“:
1905 885 2069 930 „quidam

266 947 483 989 existimant,
510 945 620 981 telum
647 957 665 981 e
690 946 771 981 navi
798 956 938 980 sursum
965 945 1120 988 ejectum
1145 954 1309 979 casurum
1336 944 1371 979 in
1398 945 1548 980 eundem
1574 945 1692 979 locum
1718 949 1816 979 mota
1841 943 1937 987 navi,
1965 954 2070 988 quam

266 1005 485 1049 pertingeret
508 1004 577 1039 hac
603 1004 827 1048 quiescente3
866 1002 1130 1037 inconsiderate
1155 1002 1223 1036 hoc
1248 1002 1452 1046 proferunt,
1489 1014 1569 1038 cum
1594 1013 1650 1037 res
1682 1002 1789 1046 longe
1815 1002 1921 1037 aliter
1945 1012 1983 1037 se
2007 1001 2069 1036 ha-

265 1063 362 1098 beat.
411 1063 522 1096 Immo
550 1073 619 1106 quo
650 1061 807 1096 velocior
832 1062 900 1096 erit
924 1061 1023 1096 navis
1049 1061 1242 1105 promotio,
1280 1071 1320 1095 eo
1347 1060 1426 1105 plus
1452 1061 1652 1096 invenietur
1679 1060 1929 1095 discriminis.“

407 1121 629 1164 Quamquam
659 1119 717 1154 hic
743 1119 907 1154 audimus
935 1119 1141 1163 Tychonem
1169 1118 1398 1163 gloriantem,
1433 1119 1702 1154 Rothmannum
1736 1118 1869 1154 victum
1894 1118 1950 1153 1115
1977 1118 2069 1153 aliis-

266 1191 334 1223 que
352 1180 512 1223 ejusdem
529 1178 699 1214 momenti
718 1178 928 1221 rationibus,
948 1178 1131 1213 victoriam
1149 1177 1218 1222 ipsi
1237 1177 1457 1222 concesisse,
1484 1176 1596 1212 nihilo
1617 1177 1732 1210 minus
1751 1176 1965 1221 dubitamus,
1984 1188 2069 1211 num

269 1239 518 1273 Rothmannus
547 1242 621 1272 111111
650 1235 758 1282 plane
788 1236 1006 1280 acquieverit
1034 1236 1231 1270 rationibus
1250 1234 1441 1279 'sychonis‚
1471 1246 1550 1270 cum
1576 1236 1612 1270 in
1637 1235 1789 1280 epistola
1814 1247 1845 1271 a.
1869 1236 1965 1277 1595,
1991 1240 2074 1280 post

269 1295 425 1339 quinque
459 1304 632 1328 annorum
667 1293 848 1328 silentium
882 1293 925 1327 ad
958 1294 1227 1328 Rothmannum
1257 1292 1367 1327 missa
1399 1293 1520 1337 Tycho
1557 1293 1679 1327 eadem
1713 1292 1807 1336 fere,
1842 1303 1935 1337 quae
1968 1298 2075 1327 antea

269 1358 393 1388 contra
419 1352 654 1397 Copernicum
688 1351 914 1396 prodiderat,
949 1356 1104 1395 repetat,
1139 1351 1207 1385 hoc
1240 1355 1380 1386 tantum
1411 1352 1672 1396 pronuncians,
1709 1362 1854 1397 sperare
1887 1362 1943 1395 se,
1979 1362 2074 1386 nune

269 1412 408 1446 demum
433 1410 637 1445 Rothmano
665 1420 702 1444 se
727 1409 997 1444 satisfacturum
1031 1409 1118 1444 fore.
1167 1410 1207 1443 In
1234 1408 1356 1444 eadem
1378 1409 1530 1453 epistola
1555 1410 1646 1446 haec
1672 1410 1792 1446 addit:
1822 1410 1912 1453 „Est
1928 1410 2075 1454 insuper

268 1479 435 1514 magnum
480 1473 728 1512 argumentum
771 1466 987 1502 infirmitatis
1029 1467 1267 1502 assertionum
1303 1468 1647 1514 Copernicanarum,
1687 1469 1783 1513 quod
1825 1468 2073 1504 eccentricitas

268 1527 393 1562 Martis
428 1537 655 1571 nequaquam
688 1527 737 1562 ita
771 1537 809 1561 se
843 1526 992 1569 habeat,
1026 1530 1132 1570 prout
1162 1525 1245 1561 illae
1279 1525 1476 1570 postulant.
1533 1525 1650 1570 Quum
1684 1527 1776 1560 enim
1802 1526 1832 1561 is
1858 1526 1985 1561 Martis
2019 1536 2074 1560 ec-

269 1585 527 1620 centricitatem
560 1583 744 1628 aliquanto
770 1584 941 1619 minorem
978 1595 1084 1628 quam
1119 1584 1190 1619 sert
1215 1583 1412 1619 Ptolemaei
1448 1583 1631 1620 denotatio
1658 1595 1696 1619 se
1722 1584 1946 1619 adinvenisse
1979 1583 2074 1619 affir-

269 1643 384 1684 marit,
418 1647 557 1676 tantum
591 1642 693 1677 abest
726 1642 822 1686 quod
847 1652 905 1676 res
931 1643 980 1676 ita
1012 1652 1050 1677 se
1076 1642 1219 1687 habeat,
1254 1648 1292 1676 ut
1319 1641 1445 1677 Martis
1479 1642 1727 1677 eecentricitas
1760 1653 1781 1677 a
1813 1642 1915 1677 nobis
1949 1642 2073 1686 depre-

269 1701 382 1735 hensa
415 1701 460 1735 sit
490 1711 554 1744 per
587 1701 729 1736 minime
764 1701 889 1736 dubias
926 1700 1288 1745 experimentationes
1328 1701 1452 1736 eadem
1488 1711 1600 1746 pene,
1636 1710 1743 1745 quam
1768 1700 1997 1735 Ptolemaeus
2022 1699 2075 1734 illi

271 1758 431 1793 attribuit
466 1760 521 1793 vel
553 1760 672 1803 potius
707 1760 890 1794 nonnihilo
923 1759 1048 1803 major.
1104 1759 1153 1794 Ut
1188 1764 1223 1794 et
1256 1759 1299 1794 de
1333 1760 1483 1795 Veneris
1518 1758 1785 1794 eccentricitate
1821 1758 1910 1793 nihil
1947 1758 2072 1803 dicam,

272 1827 363 1860 quae
388 1817 524 1860 pariter
549 1817 661 1852 multo
689 1817 793 1852 aliter
819 1828 857 1853 se
882 1817 1003 1861 habet,
1031 1828 1137 1861 quam
1155 1818 1372 1852 asseveravit
1392 1817 1646 1862 Copernicus.“
1698 1816 1833 1850 Iterum
1858 1815 1965 1851 finem
1990 1815 2076 1851 facit

271 1875 388 1910 verbis
415 1876 623 1920 saepissime
649 1877 933 1912 recurrentibus:
964 1877 1038 1917 „De
1065 1877 1196 1920 quibus
1223 1876 1311 1911 alias
1337 1877 1414 1911 Deo
1440 1875 1582 1910 volente
1610 1875 1748 1910 Iatius.“

412 1934 578 1978 Reliqua,
619 1945 711 1978 quae
752 1934 874 1969 insunt
914 1934 996 1969 huic
1036 1933 1269 1978 epistolarum
1303 1933 1526 1976 collectioni,
1562 1934 1686 1979 paucis
1721 1933 1911 1978 complecti
1944 1932 2074 1978 placet.

275 1991 543 2026 Wilhelmus
575 1992 824 2037 Landgravius
856 1992 965 2027 refert
997 1993 1268 2028 observationes
1303 2003 1324 2027 a
1350 2002 1387 2026 sc
1413 1991 1492 2035 ipso
1527 1995 1563 2026 et
1595 1991 1822 2035 adjutoribus
1858 1991 1948 2034 suis,
1983 1992 2076 2025 inter

279 2059 370 2092 quos
404 2053 481 2084 erat
515 2050 655 2084 celeber
687 2051 746 2085 ille
781 2051 910 2085 artifex
941 2051 1101 2085 ,Iustus
1134 2050 1352 2094 Byrgius,
1388 2050 1512 2084 saetas.
1563 2051 1617 2085 De
1652 2049 1784 2094 Byrgio
1816 2050 1887 2092 (cfr.
1916 2052 1958 2084 ΙΙ.
1993 2049 2073 2092 834)

274 2108 342 2141 hoc
378 2108 448 2141 fert
474 2108 674 2143 Judicium:
713 2110 850 2150 „Vnser
875 2109 1097 2143 Vhrmacher
1122 2107 1207 2142 Just
1232 2107 1370 2152 Burrji,
1405 2108 1465 2152 qui
1499 2109 1602 2151 quasi
1636 2107 1805 2151 indagine
1831 2105 1923 2141 alter
1948 2106 2075 2142 Archi-

276 2165 396 2199 medes
422 2167 501 2200 ist.“
548 2166 669 2210 Tycho
696 2166 960 2210 Landgravium
988 2171 1109 2200 monet
1137 2165 1181 2200 de
1206 2166 1453 2200 instrumentis
1480 2171 1649 2200 accurate
1676 2165 1926 2201 construendis
1953 2170 1988 2199 et
2015 2166 2075 2200 ob-

278 2224 544 2259 servationibus
570 2225 637 2259 rite
663 2225 904 2267 instituendis,
931 2225 1093 2269 disputat
1119 2224 1162 2258 de
1190 2224 1296 2258 stella
1323 2225 1406 2259 anni
1427 2225 1513 2260 1572
1541 2229 1576 2259 et
1602 2228 1741 2259 cometa
1767 2224 1850 2258 anni
1872 2225 1973 2259 1557.
2009 2222 2075 2257 His

279 2286 510 2316 accesserunt
536 2282 803 2326 disquisitiones
829 2283 1151 2317 astronomicorum
1179 2282 1403 2325 quorundam
1428 2282 1702 2326 problematum,
1729 2286 1947 2316 cometarum
1967 2291 2075 2316 anno-

278 2351 357 2374 rum
385 2340 473 2375 1590
499 2340 631 2383 (nodus
657 2340 734 2385 ejus
760 2351 780 2375 a
804 2341 975 2385 Tychone
1001 2340 1147 2384 ponitur
1171 2339 1207 2373 in
1232 2340 1318 2375 339ο
1342 2340 1410 2381 45‘,
1436 2339 1619 2375 inclinatio
1645 2340 1737 2384 42⁰),
1764 2343 1799 2374 et
1827 2340 1913 2375 1585
1940 2339 2076 2384 (paral-

281 2397 380 2432 laxin
406 2398 439 2432 ei
463 2398 588 2432 tribuit
614 2399 737 2443 Tycho
764 2400 827 2443 1’);
863 2399 905 2433 (10
930 2399 1156 2443 planetarum
1190 2402 1320 2432 natura
1345 2407 1455 2440 agens
1481 2397 1604 2442 Tycho
1630 2397 1734 2441 dicit,
1765 2398 1884 2431 inesse
1909 2397 1978 2432 illis
2004 2397 2078 2431 ani-

281 2466 392 2500 mam,
429 2467 498 2500 qua
532 2457 675 2501 impulsi
709 2456 979 2502 regularitatem
1013 2455 1205 2490 observent
1230 2459 1401 2489 motuum.
1452 2455 1616 2500 Denique
1641 2457 1737 2490 inest
1767 2455 1858 2490 libro
1884 2455 2077 2500 descriptio

280 2514 612 2556 instrumentorum,
639 2515 770 2559 quibus
797 2525 885 2548 usus
912 2518 969 2549 est
993 2513 1129 2559 Tycho,
1157 2518 1192 2547 et
1221 2513 1333 2554 „arcis
1359 2512 1660 2556 Uraniburgicae“
1690 2512 1893 2548 delineatio.
1920 2532 1963 2537 —
1990 2513 2078 2547 Cum

280 2573 342 2606 Ro
356 2573 568 2608 thmanno
595 2574 669 2617 agit
689 2573 810 2617 Tycho
836 2576 980 2616 praeter
999 2581 1050 2614 03,
1079 2581 1170 2614 111130
1189 2570 1448 2614 praemisimus,
1478 2570 1521 2605 de
1538 2570 1752 2606 refractione
1770 2573 1840 2611 (cfr.
1860 2573 1901 2605 II.
1922 2574 1987 2604 176
2005 2575 2077 2614 ss),

287 2634 437 2673 ⁷,aerem‚
465 2630 551 2665 dicit
574 2631 841 2672 Rothmannus,
877 2633 1007 2664 natura
1039 2628 1117 2673 ipsa
1151 2639 1206 2662 me
1233 2628 1283 2663 510
1316 2628 1485 2672 docente,
1519 2628 1700 2674 distinguo
1735 2629 1773 2663 in
1806 2629 2019 2663 crassiorem
2044 2633 2080 2663 et

285 2689 573 2724 exhalationibus
598 2690 751 2723 terrenis
779 2688 983 2732 obnoxium,
1012 2692 1046 2721 et
1070 2687 1106 2721 in
1130 2697 1274 2731 purum,
1310 2686 1369 2730 qui
1400 2687 1479 2721 istis
1511 2687 1797 2722 exhalationibus
1830 2687 1981 2721 terrenis
2006 2697 2079 2721 non

285 2746 452 2791 inficitur,
479 2758 544 2782 1100
571 2747 711 2782 diversa
737 2746 893 2781 aetheris
921 2750 957 2780 et
982 2745 1072 2780 aeris
1100 2744 1279 2788 diaphana
1306 2749 1407 2787 sunt,
1436 2755 1503 2779 nec
1528 2743 1762 2779 refractiones
1788 2744 1948 2789 aliunde,
1975 2754 2082 2789 quam

292 2816 311 2838 a
337 2815 457 2840 crasso
485 2811 519 2840 et
544 2816 720 2850 vaporoso
747 2808 827 2840 aere
854 2803 995 2840 causari
1019 2805 1208 2848 1105511111.ιι
1253 2803 1347 2836 Dum
1372 2801 1624 2837 Rothmannus
1650 2805 1767 2836 aerem
1793 2812 1908 2845 usque
1933 2802 1978 2837 ad
2002 2802 2078 2846 pla-

290 2866 390 2897 netas
417 2868 605 2898 extensum
631 2864 749 2908 ponit,
788 2863 970 2897 aetherem
996 2861 1119 2906 Tycho
1146 2861 1189 2896 ab
1216 2864 1317 2905 aere,
1353 2861 1415 2905 qui
1450 2861 1545 2896 circa
1569 2861 1693 2896 Lunae
1728 2859 1848 2895 locum
1875 2864 2077 2904 evanescat,

291 2919 489 2965 distinguit.
533 2922 687 2966 Certum,
713 2921 829 2965 inquit
854 2920 1115 2965 Rothmannus,
1143 2920 1299 2964 spatium
1325 2919 1417 2955 30115
1443 2920 1483 2964 (3
1507 2919 1659 2954 terrenis
1685 2918 1878 2962 vaporibus
1903 2917 2027 2953 infecti
2044 2922 2080 2952 et

291 2977 484 3022 crassioris,
511 2978 699 3012 altitudine
726 2978 979 3013 semidiametri
1005 2979 1150 3022 Terrae)
1178 2989 1198 3013 a
1223 2978 1318 3013 Solis
1343 2978 1453 3013 radiis
1479 2979 1516 3013 in
1541 2976 1761 3023 crepusculis
1794 2976 2018 3011 illuminatur
2043 2981 2079 3011 et

292 3034 460 3079 albescit,
487 3036 580 3070 ultra
605 3036 693 3071 illud
711 3037 865 3081 spatium
885 3041 944 3071 301·
970 3037 1013 3071 ab
1040 3037 1109 3071 illis
1134 3036 1244 3072 radiis
1269 3047 1341 3070 non
1364 3035 1559 3070 illuminari
1584 3037 1713 3080 potest,
1739 3033 1828 3070 alias
1855 3040 1977 3070 essent
1999 3045 2079 3079 per-

292 3097 402 3136 petua
428 3093 650 3137 crepuscula.
700 3097 770 3128 Αο1·
794 3095 853 3129 1110
880 3106 1022 3130 01355115
1049 3106 1113 3139 per
1138 3105 1176 3129 se
1202 3094 1455 3129 refractionem
1482 3105 1552 3129 non
1579 3102 1727 3128 causare
1752 3090 1891 3137 potest,
1919 3093 2004 3135 „sed
2034 3094 2078 3128 ob

293 3150 659 3195 multiplicationem.“
713 3153 868 3194 „Radios
895 3157 1014 3189 tamen
1040 3153 1134 3189 Solis
1158 3158 1221 3189 aut
1247 3151 1432 3188 stellarum
1456 3154 1599 3188 vincere
1625 3150 1825 3187 crassitiem
1841 3150 1935 3187 hanc
1952 3161 2018 3188 nec
2034 3150 2079 3188 ob
