2126 3388
242 147 326 191 720
917 147 1001 183 Vita
1024 146 1048 182 J
1051 148 1175 185 oannis
1201 148 1360 195 Kepleri.

242 267 384 316 optime
416 264 604 303 collocare
636 275 702 314 per
733 264 806 303 hoe
837 267 1093 315 interregnum
1113 267 1400 307 scholasticum.
1452 265 1609 305 Utinam
1631 266 1668 304 id
1693 267 1931 318 perpendant
1956 271 2024 305 aut

240 336 264 360 a
293 324 475 373 quopiam
507 322 757 370 edoceantur,
798 335 838 361 se
869 335 1047 372 magnam
1086 332 1234 376 partem
1270 326 1434 375 gloriae,
1474 336 1589 374 quam
1622 325 1664 365 C.
1695 323 1780 362 Mtas
1811 330 2025 375 aucupatur

240 383 360 418 tribus
392 385 458 417 aut
487 385 651 428 quatuor
682 380 867 418 florenum
899 382 1069 420 millibus
1102 386 1139 420 in
1170 395 1290 421 annos
1323 382 1507 432 singulos,
1540 384 1691 421 nonnisi
1725 385 1868 421 usitato
1892 389 1928 420 et
1950 383 2022 420 hoc

240 440 378 487 exiguo
411 438 658 475 ducentorum
690 439 880 488 stipendio
913 439 962 477 ad
993 452 1033 478 se
1066 441 1240 480 derivare
1271 452 1396 491 posse.
1458 440 1534 478 Sed
1565 445 1602 478 et
1632 441 1718 491 plus
1751 446 1880 492 petere
1911 440 2023 478 vide-

238 497 317 542 bor,
350 507 464 545 qnam
496 507 622 533 meam
653 495 786 534 deceat
817 497 1058 536 modestiam.
1100 499 1192 537 Jam
1213 501 1364 537 noviter
1395 500 1495 537 enim
1525 498 1645 537 literis
1677 501 1790 537 amici
1822 498 2022 547 eujusdam

238 555 329 591 mihi
360 553 522 590 relatum
554 558 624 600 est,
656 553 828 591 decretos
859 555 951 592 mihi
985 555 1170 595 ducentos
1201 557 1370 595 thaleros
1408 568 1475 607 pro
1509 556 1677 595 editione
1709 561 1746 594 et
1778 556 2021 595 dedicatione

236 611 356 649 libelli
388 612 473 648 mei.
534 610 671 660 Itaque
712 617 860 649 tantum
901 614 1012 651 abest
1043 620 1084 652 ut
1126 617 1207 665 ipse
1247 627 1317 664 ego
1357 626 1585 652 consensum
1627 615 1803 652 ordinum
1844 615 1881 651 in
1923 615 2022 652 hanc

236 680 381 707 moram
414 680 536 707 meam
575 674 703 719 petere
735 672 897 720 possim,
942 677 984 709 ut
1013 674 1078 710 vix
1109 674 1219 712 aliter
1252 674 1408 710 infamia
1440 684 1567 711 carere
1606 674 1751 723 possim
1788 673 1880 720 nisi,
1922 672 2021 710 ultro

235 728 367 777 jitssus
400 727 449 764 ab
480 727 572 777 ipsis
603 728 664 765 hic
695 740 860 777 manere,
892 741 951 766 me
983 729 1021 767 id
1052 742 1165 780 aegre
1197 732 1320 769 facere
1352 731 1539 768 simulem.

374 783 521 832 Quodsi
552 785 658 823 solus
689 785 823 835 Tycho
865 788 1006 825 scribat
1037 788 1086 825 ad
1117 788 1322 836 Proceres,
1365 788 1469 837 quod
1507 800 1548 826 se
1585 787 1774 826 facturum
1806 788 2020 838 pollicetur,

236 842 369 880 videor
400 853 477 880 non
508 844 602 880 satis
633 844 796 881 multum
831 847 1074 894 magistratui
1105 858 1190 885 meo
1223 848 1455 894 tributurus,
1499 845 1633 884 videor
1662 847 1775 883 nimis
1806 846 2020 894 neglectam

236 902 479 938 instituturus
511 902 747 950 petitionem,
782 907 824 940 ut
855 904 1001 941 scilicet
1032 905 1180 953 integra
1211 906 1442 942 universitas
1472 905 1624 954 privato
1656 903 1810 941 domino
1834 903 2023 942 concedat

235 960 449 996 ministrnm
481 970 605 999 suum.
667 959 753 1008 Quo
793 966 906 1010 paeto
948 966 1096 1009 metuo,
1139 968 1180 1000 ut
1219 963 1413 1012 repulsam
1453 962 1572 1000 feram
1610 966 1677 999 aut
1717 962 1809 999 mihi
1849 962 2021 1011 plenaria

235 1018 366 1055 missio
409 1022 664 1067 proponatur,
707 1029 807 1068 quae
843 1019 936 1056 mihi
973 1022 1103 1069 gravis
1142 1020 1330 1059 accideret
1372 1025 1527 1072 propter
1564 1032 1742 1068 uxorem,
1774 1031 1949 1058 socerum
1982 1025 2019 1058 et

235 1075 369 1114 affines
400 1077 437 1111 in
470 1075 612 1125 Styria.

370 1131 461 1170 Jam
493 1145 598 1180 vero,
630 1138 671 1170 ut
702 1133 843 1184 fingam
875 1135 1031 1173 concedi
1063 1135 1167 1183 mihi,
1201 1135 1305 1185 quod
1336 1137 1524 1186 petiturus
1556 1148 1651 1184 sum,
1684 1147 1760 1173 non
1793 1135 1899 1174 leves
1931 1139 2020 1173 sunt

234 1191 480 1230 difficultates
517 1193 799 1231 oeconomicae.
862 1193 996 1231 Deseri
1038 1205 1134 1231 uxor
1173 1195 1322 1242 integro
1364 1195 1517 1232 biennio
1558 1194 1620 1233 vel
1661 1194 1826 1244 amplius
1858 1194 2018 1231 honeste

234 1261 311 1288 non
343 1254 481 1299 potest.
543 1250 592 1287 At
623 1251 654 1287 si
686 1250 761 1288 hue
792 1250 1015 1299 adducatur,
1049 1263 1124 1289 non
1156 1254 1226 1290 erit
1257 1252 1295 1289 id
1326 1253 1407 1290 sine
1446 1257 1585 1292 sumtu.
1648 1253 1729 1291 Nec
1760 1253 1871 1290 aliter
1903 1263 2018 1301 quam

234 1308 394 1346 honeste
426 1312 463 1344 et
493 1308 610 1345 misso
653 1319 762 1345 curru
803 1309 990 1347 deducere
1028 1309 1135 1346 illam
1178 1321 1345 1360 possum.
1409 1309 1504 1358 Quis
1546 1321 1636 1360 ergo
1678 1316 1826 1348 sumtus
1869 1309 1918 1347 ad
1950 1311 2020 1347 iter

234 1365 516 1416 suppeditabit,
560 1365 605 1403 de
643 1369 870 1404 necessariis
912 1367 960 1405 ad
1001 1367 1162 1405 reditum
1197 1369 1283 1417 quis
1321 1369 1505 1406 cavebit?
1555 1369 1672 1417 Quis,
1715 1381 1814 1418 quae
1847 1368 1949 1405 domi
1981 1368 2018 1404 in

232 1424 397 1475 praediis
429 1424 557 1460 uxoris
587 1423 852 1474 negliguntur,
885 1427 1078 1472 restituet,
1112 1428 1197 1474 quis
1229 1427 1425 1475 neglectas
1458 1427 1749 1465 commoditates
1781 1431 1818 1464 et
1849 1437 2019 1463 annuum

233 1482 408 1528 reditum,
442 1486 592 1519 centum
625 1483 790 1532 amplius
822 1483 973 1521 florenis
996 1484 1289 1530 aestimandum,
1323 1497 1368 1522 ex
1392 1484 1558 1522 donariis
1580 1486 1792 1523 faventium
1813 1484 1906 1521 mihi
1927 1495 2019 1534 pro-

235 1552 362 1579 cerum
404 1540 696 1590 compensabit?
746 1542 805 1578 An
848 1541 952 1579 solus
984 1542 1119 1591 Tyeho
1161 1542 1320 1580 omnia?
1377 1543 1450 1580 Vix
1492 1544 1616 1581 saciet.
1681 1544 1740 1580 An
1783 1554 1854 1591 ego
1892 1543 2019 1579 omnia

235 1599 493 1636 astronomiae
536 1610 653 1636 causa
692 1599 916 1648 negligam?
966 1600 1139 1646 Vellem,
1183 1602 1214 1638 si
1255 1601 1348 1638 mihi
1386 1606 1633 1651 suppeterent
1675 1600 1829 1638 aliunde
1871 1605 2019 1638 sumtus

234 1658 439 1694 necessarii
471 1655 520 1693 ad
552 1657 727 1694 alendam
761 1657 846 1694 loeo
879 1660 1077 1707 peregrino
1111 1658 1316 1706 familiam,
1358 1660 1390 1696 si
1422 1671 1496 1697 non
1530 1660 1575 1697 de
1608 1661 1736 1698 uxoris
1766 1670 1876 1696 meae
1908 1658 2018 1695 bonis

234 1720 429 1764 ageretur,
473 1726 635 1762 quorum
676 1720 778 1752 tutor
809 1727 893 1753 eum
926 1718 1019 1763 sim,
1064 1716 1286 1765 diligentem
1327 1728 1386 1755 me
1418 1718 1616 1756 custodem
1656 1729 1738 1756 esse
1775 1717 1877 1754 fama
1908 1720 2019 1766 post-

233 1772 350 1812 huma
376 1772 501 1820 jubet.

372 1830 521 1878 Quodsi
551 1830 644 1867 mihi
676 1836 824 1869 constet
855 1832 1327 1880 adducendam·uxorem,
1356 1834 1437 1882 jam
1470 1833 1564 1871 illud
1596 1832 1887 1883 dispiciendum,
1919 1837 2018 1869 tem-

234 1889 365 1937 porine
396 1900 549 1938 parcam
589 1890 670 1938 ipse
715 1901 786 1937 ego
819 1896 856 1927 et
888 1891 1006 1928 alium
1039 1893 1104 1940 qui
1136 1903 1293 1929 uxorem
1325 1892 1492 1930 adducat
1531 1892 1741 1929 conducam
1774 1903 1820 1929 ex
1852 1902 2018 1928 consan-

234 1947 383 1994 guineis
415 1947 509 1994 ejus,
543 1947 645 1995 quod
678 1947 855 1996 equidem
877 1949 1019 1996 malim,
1053 1961 1100 1986 an
1133 1961 1223 1987 vero
1257 1951 1338 2000 ipse
1361 1950 1602 1995 descendam,
1635 1950 1764 1987 omnia
1785 1960 1913 1987 coram
1936 1948 2018 1985 dis-

235 2015 386 2053 ponam,
421 2016 574 2042 uxorem
607 2006 766 2043 honeste
798 2009 1014 2056 praesentia
1043 2019 1129 2045 mea
1161 2009 1329 2054 comiter,
1363 2010 1474 2046 etsie
1497 2011 1611 2046 etiam
1634 2020 1694 2046 me
1726 2009 1863 2045 iterum
1885 2007 2017 2043 sistam

233 2061 495 2100 Proceribus‘?
538 2063 729 2100 Fortassis
762 2063 800 2101 id
832 2066 886 2102 ita
916 2065 997 2102 fieri
1028 2060 1245 2103 consultum
1277 2068 1392 2104 etiam
1424 2072 1577 2117 propter
1606 2077 1731 2104 meam
1763 2065 2018 2103 existimatio-

234 2130 333 2167 nem,
365 2131 412 2157 ne
442 2125 577 2169 putent
600 2120 801 2169 Ordinarii,
833 2134 919 2160 meo
951 2123 1130 2161 instinctu
1163 2124 1241 2161 fieri
1274 2125 1359 2171 ista,
1392 2124 1458 2162 sed
1489 2125 1658 2162 habeant
1686 2135 1745 2162 me
1779 2128 2015 2170 excusatum,

234 2178 266 2215 si
298 2179 499 2227 quiescens
531 2190 602 2227 ego
635 2178 738 2216 domi
767 2179 888 2218 literis
919 2192 1076 2219 revocer
1106 2183 1145 2217 in
1175 2181 1414 2222 Bohemiam.

373 2235 473 2272 Illud
506 2238 620 2274 etiam
652 2237 993 2285 considerandum,
1037 2251 1150 2288 quem
1189 2239 1316 2277 locum
1347 2240 1395 2277 ad
1426 2239 1680 2277 habitandum
1713 2239 1829 2276 velim
1860 2237 2014 2287 eligere.

234 2292 362 2341 Praga
393 2295 487 2331 meis
519 2294 656 2331 studiis
687 2301 778 2345 apta
809 2301 883 2343 est,
928 2297 1040 2334 isthic
1073 2303 1130 2334 est
1159 2296 1375 2346 frequentia
1406 2299 1626 2344 nationum,
1660 2297 1773 2335 isthic
1803 2298 2014 2335 rectissime

234 2351 348 2389 rebus
388 2353 482 2389 meis
520 2354 734 2402 prospicere
774 2365 948 2403 possem,
991 2355 1101 2392 isthic
1142 2360 1199 2392 est
1241 2355 1373 2404 aliqua
1414 2358 1511 2393 inter
1550 2356 1725 2393 homines
1756 2356 2015 2404 germanicam

236 2410 406 2457 linguam
439 2409 622 2448 callentes
654 2414 884 2458 amoenitas,
925 2424 1001 2461 qua
1032 2413 1176 2450 soletur
1207 2424 1300 2450 uxor
1338 2425 1424 2452 mea
1454 2416 1662 2451 amicorum
1695 2418 1732 2451 et
1764 2418 2014 2462 cognatorum

234 2467 460 2507 absentiam.
512 2467 654 2505 Contra
685 2480 760 2506 non
793 2474 918 2519 potest
949 2470 1061 2507 isthic
1093 2472 1172 2507 vivi
1204 2473 1277 2508 nisi
1309 2483 1448 2520 magno
1480 2478 1619 2519 sumtu,
1653 2473 1718 2521 qui
1740 2471 1832 2508 mihi
1855 2471 1916 2508 vel
1937 2481 2013 2508 non

233 2527 403 2575 suppetit
436 2525 495 2563 vel
527 2538 550 2563 a
580 2525 763 2576 Tychone
795 2539 870 2564 non
901 2528 1221 2577 suppeditabitur.
1282 2528 1358 2566 Hie
1388 2531 1426 2566 in
1457 2530 1634 2568 Benatka
1663 2531 1777 2580 pauci
1807 2534 1895 2567 sunt
1924 2539 2013 2577 ger-

235 2585 349 2629 mani,
382 2583 549 2621 solitudo
581 2583 796 2630 hominum,
830 2586 1026 2635 Tychonis
1051 2598 1139 2624 vero
1171 2593 1358 2636 angustae
1378 2587 1505 2635 aedes,
1538 2600 1678 2637 magna
1700 2588 1812 2625 turba
1831 2586 2011 2632 familiae,

235 2642 294 2678 cui
331 2641 450 2678 nolim
490 2643 703 2680 immiscere
744 2654 870 2691 meos,
913 2645 978 2692 qui
1020 2645 1288 2693 tranquillitati
1321 2651 1357 2683 et
1388 2646 1600 2684 modestiae
1639 2649 1904 2684 assueverunt.
1965 2644 2013 2681 Et

234 2703 360 2736 tamen
393 2705 434 2736 ut
466 2699 640 2749 Tychoni
687 2702 817 2739 crebro
856 2713 1037 2751 praesens
1075 2704 1168 2751 sim,
1214 2703 1427 2741 studiorum
1469 2705 1566 2742 ratio
1599 2709 1636 2742 et
1665 2705 1786 2754 ipsius
1817 2702 2013 2752 Tychonis

235 2758 470 2806 propositum
503 2758 684 2807 postulat.

371 2814 446 2853 Sed
478 2815 553 2854 fere
586 2817 708 2864 omisi,
742 2817 843 2865 quod
876 2818 996 2867 primo
1028 2817 1115 2856 loco
1149 2824 1228 2856 erat
1260 2818 1583 2869 perpendendum,
1614 2823 1843 2868 praestetne,
1876 2819 1908 2855 si
1929 2817 2011 2855 fieri

234 2872 356 2920 possit
386 2874 595 2921 commode,
627 2876 812 2925 tantisper
843 2877 879 2911 in
903 2876 1078 2913 Caesaris
1110 2879 1266 2914 servitio
1289 2879 1419 2915 vivere
1451 2883 1487 2915 et
1516 2878 1689 2927 Tychoni
1722 2888 1768 2914 ex
1799 2874 2010 2913 abundanti

237 2940 390 2977 operam
423 2930 523 2978 dare,
556 2944 603 2969 an
636 2945 659 2970 a
690 2933 772 2970 solo
794 2933 977 2983 Tyehone
1008 2934 1207 2983 pendere?
1258 2935 1359 2972 Illud
1389 2936 1527 2973 suadet
1557 2935 1730 2973 Caesaris
1762 2934 1951 2983 Majestas
1973 2937 2011 2970 et

237 2985 348 3023 aulae
379 2987 568 3037 splendor,
602 2989 824 3029 dissuadent
855 2991 961 3030 haec.
1004 2992 1173 3029 Primum
1194 2995 1258 3030 vix
1289 3005 1348 3030 me
1379 2995 1564 3042 recipient
1595 2994 1666 3030 nisi
1699 2996 1834 3039 totum,
1866 3002 2009 3029 renun-

237 3042 337 3079 ciata
366 3044 538 3094 Styrensi
577 3046 792 3096 functione,
833 3055 899 3087 aut
937 3055 1133 3100 receptum
1172 3055 1306 3101 postea
1343 3062 1417 3087 non
1460 3052 1625 3101 amplius
1666 3050 1868 3088 dimittent.
1929 3048 2010 3086 Nee

238 3100 336 3139 enim
372 3104 511 3142 rustice
558 3104 861 3145 clementissimis
902 3107 1077 3146 Caesaris
1117 3109 1285 3159 imperiis
1328 3109 1619 3160 repugnandum
1664 3113 1777 3148 esset.
1857 3105 2008 3145 Deinde
