2157 3398
257 153 339 198 650
671 154 907 191 Summarium
930 157 1112 193 Historiae
1135 157 1386 194 Astronomiae
1410 157 1534 194 seculo
1558 158 1656 194 XVI.

255 271 425 314 nomicas,
454 271 497 307 de
522 272 806 307 revolutionibus
834 274 971 309 orbium
998 273 1208 309 coelestium
1235 274 1280 309 ad
1305 275 1539 310 imitationem
1564 274 1761 310 Ptolemaei
1787 279 1824 309 et
1849 274 2046 320 Copernici,

255 329 398 364 tabulas
424 335 585 364 motuum
603 330 811 365 coelestium
837 336 907 367 etc.
949 332 988 366 In
1007 331 1120 366 literis
1146 332 1190 366 ad
1215 336 1377 367 senatum
1396 332 1661 376 Tubingensem
1678 332 1771 367 datis
1787 333 1898 368 refert
1914 334 2046 368 Maest-

256 387 361 432 linus,
389 387 529 422 tabulas
555 387 627 422 huc
651 398 766 432 usque
792 389 944 425 usitatas
970 390 1072 424 inniti
1098 389 1408 425 observationibus
1441 390 1558 432 falsis,
1590 400 1635 424 ne
1661 391 1870 426 Prutenicas
1905 392 2047 436 quidem

254 447 475 490 apparentiis
503 446 726 491 satisfacere,
760 448 811 482 ita
836 453 875 482 ut
900 459 931 482 v.
959 459 987 482 c.
1026 449 1124 483 Mars
1150 457 1243 492 pene
1268 449 1308 483 2⁰
1332 459 1353 483 a
1378 448 1516 484 calculo
1552 448 1647 483 absit
1679 452 1714 482 et
1738 448 1843 483 Luna
1867 448 2047 483 interdum

253 505 391 548 integra
416 504 503 539 hora
528 504 667 539 coelum
684 510 899 551 antevertat,
926 506 1017 540 fixas
1044 506 1166 541 stellas
1192 506 1267 540 fere
1286 517 1407 542 omnes
1435 517 1500 548 „ex
1519 517 1560 541 eo
1581 505 1694 551 gradu
1720 512 1756 542 et
1780 507 1950 551 scrupulo
1977 506 2046 541 dis-

256 563 448 606 cessisse“‚
475 574 590 608 quem¹
604 564 751 599 tabulae
775 564 846 599 illis
872 564 1069 609 assignent.
1119 564 1210 598 Eam
1237 564 1280 598 ob
1307 575 1451 599 causam
1475 570 1636 599 tentasse
1662 575 1700 599 se
1725 565 1910 609 („quando
1928 563 2046 599 adhuc

254 621 440 666 Tubingae
465 623 656 658 Sacrarum
683 623 868 658 literarum
894 623 1014 658 studio
1043 633 1188 668 operam
1215 622 1393 670 dabam“),
1419 624 1570 658 fixarum
1596 629 1631 657 et
1655 623 1881 667 planetarum
1906 621 2046 666 positus

253 685 288 714 et
312 685 429 715 motus
455 682 722 716 accuratissime
749 681 972 716 observando
997 681 1203 726 restituere,
1238 681 1433 716 confecisse
1467 692 1537 726 qua
1570 681 1728 726 potuerit
1753 681 1936 725 diligentia
1961 691 2045 725 qua·
2097 715 2102 722 ,

253 738 415 773 drantem
450 749 616 783 magnum
649 744 684 774 et
709 740 876 774 baculum
911 740 1207 783 astronomicum,
1241 739 1338 784 long.
1364 741 1409 776 18
1433 740 1580 785 pedum,
1614 744 1650 774 et
1681 750 1747 784 pro
1779 744 1875 774 certo
1901 740 2046 784 habere,

254 796 345 830 haec
372 795 441 831 duo
466 796 705 831 instrumenta
730 798 874 840 negotio
901 797 1101 832 convenire.
1151 798 1239 832 Cum
1265 803 1485 842 compertum
1510 799 1692 843 habuerit,
1729 797 1843 833 Stadii
1868 797 2046 841 Epheme-

253 853 358 894 rideS,
386 853 422 887 in
448 864 580 888 annum
608 855 697 889 1576
725 855 948 900 desinentes,
981 867 1052 890 non
1084 857 1302 900 continuari,
1337 869 1420 893 suas
1445 857 1706 901 Ephemerides
1733 861 1940 901 computare
1966 867 2046 891 coe-

253 912 350 955 pisse
377 923 569 956 earumque
595 913 745 957 primam
771 924 864 948 anno
894 914 995 950 1576.
1021 915 1151 949 rectori
1177 920 1213 949 et
1238 915 1379 949 senatui
1397 915 1618 959 Tubingensi
1643 914 1828 958 obtulisse,
1855 918 2046 958 sequentes

252 980 345 1004 anno
373 971 474 1004 1577.
502 971 719 1008 additurum.
771 972 881 1013 „Cum
917 978 1036 1007 autem
1069 983 1129 1008 eas
1158 973 1306 1017 jamjam
1338 973 1502 1009 volebam
1536 973 1661 1017 proelo
1688 972 1928 1017 committere,
1963 982 2046 1006 ecce

252 1033 327 1062 tum
353 1028 494 1063 demum
521 1039 565 1063 ex
591 1029 831 1075 Heidelberga
868 1030 913 1064 ad
938 1041 993 1064 me
1027 1031 1210 1071 scribitur,
1246 1031 1340 1074 quod
1374 1031 1487 1066 Stadii
1511 1030 1772 1076 Ephemerides
1799 1030 1874 1073 jam
1913 1030 2046 1065 dudum

254 1087 370 1121 editae
403 1086 547 1122 fuerint.
600 1088 736 1132 Quibus
768 1089 852 1124 visis
885 1100 948 1133 ego
980 1100 1078 1125 meas
1112 1101 1184 1125 non
1219 1090 1454 1135 publicandas
1488 1089 1584 1124 duxi.
1636 1090 1768 1123 Verum
1801 1099 1882 1123 cum
1915 1088 2047 1123 diutius

256 1149 414 1193 cunctor,
439 1146 503 1179 viri
531 1146 668 1191 aliquot
694 1147 881 1182 clarissimi
907 1154 947 1183 ut
972 1148 1157 1193 promissis
1185 1154 1281 1183 stare
1314 1149 1494 1193 fidemque
1519 1148 1722 1183 academiae
1749 1148 1868 1182 datam
1893 1146 2046 1181 liberare

253 1204 367 1248 velim,
395 1215 522 1247 urgere
547 1206 736 1250 incipiunt.
785 1207 827 1240 In
852 1206 979 1240 horum
1005 1211 1187 1241 tantorum
1213 1207 1369 1242 virorum
1395 1207 1608 1242 sententiam
1635 1206 1798 1242 concessi
1824 1216 1865 1241 eo
1891 1204 2047 1249 facilius,

253 1262 348 1306 quod
375 1262 463 1305 vidi,
498 1263 611 1298 Stadii
647 1263 788 1299 labores
813 1264 902 1299 istos
937 1266 1155 1310 posteriores
1187 1267 1295 1311 paulo
1321 1266 1560 1311 negligentius
1597 1277 1701 1310 quam
1727 1266 1867 1311 priores
1892 1265 2047 1308 scriptos

251 1324 286 1354 et
311 1330 462 1356 excusos
489 1325 600 1357 esse.“
653 1322 804 1367 Sperare
827 1333 881 1365 se,
908 1324 1006 1359 addit
1032 1325 1262 1369 Maestlinus,
1290 1326 1530 1361 astronomiae
1555 1326 1733 1361 cultorum
1765 1325 1884 1361 odium
1913 1335 1950 1359 se
1975 1335 2047 1359 non

253 1378 516 1422 demeriturum,
544 1379 640 1424 quod
666 1380 732 1415 hos
760 1392 843 1416 suos
869 1381 1011 1417 labores
1040 1383 1090 1417 eis
1115 1383 1287 1418 fruendos
1313 1390 1502 1429 proponat,
1530 1389 1565 1419 et
1591 1389 1756 1419 senatum
1781 1382 2047 1426 Tubingensem

255 1437 340 1471 ..has
366 1437 642 1483 Ephemerides,
678 1446 848 1485 tanquam
881 1442 1007 1476 exules
1039 1443 1194 1487 patriam
1229 1446 1359 1477 terram
1394 1448 1616 1488 repetenteS,
1652 1442 1759 1477 solita
1794 1440 2047 1477 benevolentia

251 1500 478 1538 recepturum
505 1500 621 1532 esse“.
657 1499 775 1537 (Datae
800 1505 877 1532 sunt
902 1502 962 1532 hae
986 1501 1104 1532 literae
1134 1504 1188 1541 „in
1214 1503 1394 1542 Backnang
1421 1506 1474 1535 11.
1495 1502 1562 1535 Cal.
1582 1503 1671 1543 Sept.
1696 1504 1807 1539 1580.)
1844 1497 2047 1534 Praemittit

251 1553 466 1588 Maestlinus
492 1554 796 1599 Ephemeridibus
829 1557 903 1592 suis
930 1558 1207 1600 Regiomoutani
1244 1559 1557 1600 „commentarium
1590 1560 1626 1594 in
1651 1558 1932 1604 Ephemerides¹⁴
1966 1568 2046 1592 cum

251 1611 493 1648 additionibus
521 1614 606 1658 suis,
633 1615 669 1649 in
694 1615 823 1659 quibus
851 1618 944 1652 hanc
970 1618 1147 1651 rationem
1175 1618 1291 1662 affert,
1318 1630 1381 1653 cur
1404 1630 1476 1653 non
1501 1618 1617 1653 locum
1645 1618 1704 1652 det
1723 1616 1910 1661 Copernici
1933 1616 2045 1660 hypo-

251 1669 424 1714 thesibus,
454 1672 543 1713 „etsi
566 1672 678 1707 multo
698 1675 866 1709 certiores
895 1680 929 1710 et
954 1676 1111 1711 veriores
1138 1677 1208 1712 sint
1233 1687 1339 1721 quam
1364 1678 1559 1721 usitatae“,
1593 1676 1676 1720 quia
1711 1680 1903 1710 consuetus
1929 1685 2045 1709 sermo

250 1727 293 1760 ab
321 1729 485 1764 omnibus
512 1732 591 1774 capi
623 1733 739 1776 possit
765 1738 800 1766 et
825 1734 909 1777 quia
943 1733 999 1767 hic
1034 1734 1122 1768 nihil
1162 1734 1374 1769 discriminis
1401 1735 1551 1779 incidat,
1585 1739 1701 1770 utram
1727 1733 1939 1769 sententiam
1965 1727 2044 1777 quis

249 1786 493 1830 amplectatur.
529 1789 638 1824 Plura
656 1790 699 1824 de
717 1790 771 1825 his
790 1791 1088 1835 Ephemeridibus
1107 1803 1179 1826 non
1197 1793 1355 1827 notanda
1374 1804 1577 1837 censemus,
1605 1803 1686 1827 cum
1710 1791 1822 1826 nihilo
1841 1791 2047 1835 discrepent

249 1843 292 1876 ab
312 1844 401 1889 aliis,
423 1856 513 1889 quae
531 1847 575 1881 ab
592 1847 661 1882 illis
680 1849 899 1892 temporibus
919 1850 1035 1885 editae
1054 1856 1148 1891 sunt,
1174 1862 1282 1885 unum
1301 1851 1375 1885 fere
1394 1855 1599 1895 spectantes
1617 1861 1722 1885 usum
1739 1848 2006 1891 astrologicum.

389 1904 650 1949 Heidelbergae
675 1907 888 1942 Maestlinus
914 1909 1155 1942 astronomiae
1181 1909 1355 1943 rationem
1381 1915 1417 1943 et
1443 1908 1669 1954 disciplinam
1694 1907 1926 1951 conscripsit,
1953 1915 2044 1950 quae

248 1960 360 2005 primo
380 1973 472 1996 anno
491 1963 580 1998 1582
599 1964 695 1998 edita
712 1970 837 2004 (recusa
854 1970 898 1998 ib.
916 1970 1015 2003 1588.
1036 1971 1136 2002 1610.
1157 1970 1338 2008 Tubingae)
1356 1968 1580 2002 inscribitur:
1600 1967 1666 2012 Ep
1679 1968 1812 2002 itome
1837 1969 2044 2009 astrono-

252 2020 370 2063 miae,
397 2033 468 2065 qua
493 2022 590 2057 brevi
615 2024 854 2068 explicatione
881 2025 1005 2059 omnia
1027 2029 1101 2059 tam
1127 2025 1176 2060 ad
1199 2026 1425 2070 sphaericam
1449 2036 1558 2071 quam
1582 2025 1779 2060 theoricam
1805 2023 1882 2067 ejus
1899 2025 2046 2067 partem

244 2079 469 2122 pertinentia
493 2092 536 2115 em
560 2081 677 2125 ipsias
701 2083 875 2117 scientiae
898 2083 1061 2125 fontibus
1087 2083 1241 2118 deducta
1267 2084 1459 2127 perspicue
1483 2094 1554 2128 per
1577 2084 1806 2128 quaestiones
1836 2081 2044 2116 traduntur.

248 2135 398 2170 Causam
430 2137 560 2173 librum
595 2139 689 2173 hunc
719 2140 896 2174 scribendi
926 2141 1019 2176 hunc
1052 2141 1137 2175 dicit
1162 2140 1393 2175 Maestlinus:
1433 2141 1586 2182 „nullam
1620 2142 1714 2176 inter
1748 2141 1920 2186 plurimas
1954 2151 2044 2185 quae

248 2199 393 2230 exstant
417 2197 594 2240 epitomen
613 2198 720 2232 talem
735 2198 898 2241 judicare
917 2209 1076 2243 possum,
1102 2209 1171 2242 qua
1190 2199 1362 2233 tironibus
1389 2200 1628 2234 astronomiae
1647 2199 1786 2243 cupidis
1806 2199 1843 2233 in
1860 2198 2043 2233 tradendis

247 2253 339 2287 veris
366 2253 442 2296 ejus
468 2254 710 2289 fundamentis
738 2243 943 2292 satisfieret.
991 2257 1084 2291 Nam
1109 2257 1145 2291 in
1171 2256 1351 2300 aliquibus
1376 2262 1475 2292 certa
1499 2257 1689 2292 methodus
1717 2256 1959 2300 desideratur,
1983 2255 2044 2290 alii

246 2311 281 2345 in
307 2314 468 2356 parergis
495 2318 578 2347 sunt
608 2315 768 2354 verbosi,
806 2315 841 2349 in
878 2315 984 2350 rebus
1010 2315 1097 2359 ipsis
1125 2315 1232 2358 muti,
1267 2315 1327 2348 alii
1351 2321 1494 2359 praeter
1520 2316 1630 2350 ullam
1662 2315 1844 2350 notionem
1868 2314 1983 2349 nudas
2009 2316 2044 2348 et

248 2370 409 2404 concisas
437 2371 630 2406 divisiones
657 2373 863 2408 existimant
887 2373 1130 2408 methodicum
1157 2373 1241 2417 quid
1267 2383 1366 2416 esse,
1393 2373 1455 2407 alii
1480 2385 1551 2409 non
1575 2373 1680 2409 modo
1707 2373 1795 2409 m'hil
1819 2373 1866 2408 ad
1890 2383 1965 2407 rem
1989 2371 2042 2406 fa-

247 2429 377 2464 cientia
405 2430 543 2465 omissis
569 2432 783 2466 necessariis
809 2432 1025 2475 immiscent,
1062 2431 1125 2466 sed
1151 2436 1187 2466 et
1212 2431 1305 2466 falsa
1331 2432 1500 2478 dogmata
1532 2444 1596 2477 pro
1622 2433 1714 2468 veris
1745 2432 1888 2467 tradere
1915 2432 2041 2467 solent.

246 2487 327 2521 Non
353 2499 478 2532 parum
503 2499 559 2522 me
585 2490 775 2523 commovit
799 2490 1016 2524 desiderium
1043 2489 1295 2533 plurimorum,
1323 2492 1384 2534 qui
1409 2491 1588 2535 epitomen
1615 2491 1789 2535 aliquam,
1823 2501 1894 2536 qua
1918 2501 2040 2527 neces-

247 2545 341 2579 saria.
365 2555 436 2579 nou
457 2547 588 2582 omissa
605 2558 671 2582 nee
689 2548 803 2583 otiosa
828 2548 990 2582 immixta
1015 2552 1137 2581 essent
1163 2549 1392 2592 exoptabant,
1418 2549 1610 2584 miserebat
1633 2560 1690 2584 me
1707 2549 1901 2584 multorum
1925 2547 2041 2582 irrito-

246 2613 324 2636 rum
348 2603 529 2645 laborum,
565 2616 655 2648 quos
689 2616 753 2649 ego
779 2606 1037 2641 commilitones
1070 2617 1167 2641 meos
1200 2607 1404 2653 aliquando>
1424 2608 1461 2642 in
1487 2608 1730 2643 describendis
1763 2608 1884 2643 nescio
1911 2607 2040 2652 quibus

247 2662 515 2704 quaestionibus
541 2663 751 2699 insumsisse
776 2665 847 2699 vidi
872 2670 940 2700 etc.
990 2665 1151 2707 Rogatus
1176 2665 1283 2708 igitur
1299 2678 1320 2701 a
1337 2677 1408 2700 non
1433 2667 1568 2710 paucis.
1594 2667 1693 2701 nolui
1711 2666 1894 2701 studiosae
1913 2665 2040 2709 juven-

249 2723 315 2756 tuti
341 2723 433 2758 dono
458 2732 536 2757 meo
562 2722 803 2766 qualicunque
830 2722 998 2759 divinitus
1023 2724 1111 2757 mihi
1137 2733 1308 2758 concesso
1335 2724 1432 2759 ultra
1457 2724 1595 2759 deesse.
1640 2725 1758 2767 Quare
1774 2724 1840 2759 has
1858 2725 2037 2768 quaestio-

249 2791 312 2813 nes
338 2782 551 2825 conscripsi,
589 2781 830 2815 commodiore
863 2782 1033 2817 methodo
1065 2794 1130 2827 pro
1161 2783 1255 2817 virili
1279 2794 1358 2819 meo
1385 2784 1435 2819 sic
1468 2785 1717 2827 concinnatas,
1749 2788 1788 2818 ut
1812 2784 1850 2817 in
1875 2783 2039 2818 omnibus

250 2839 488 2874 astronomiae
514 2840 684 2874 scientiae
701 2839 941 2875 fundamentis
960 2841 1186 2876 addiscendis
1203 2842 1458 2877 satisfaciant.“
1495 2842 1704 2876 Methodum
1724 2842 1759 2877 S.
1778 2841 1910 2876 Buschi
1928 2842 2039 2884 („n0n

252 2896 294 2930 de
319 2897 351 2931 S.
371 2897 494 2938 Busto,
521 2902 559 2932 ut
585 2899 729 2942 quidam
754 2904 952 2939 autumant,
979 2900 1040 2934 sed
1067 2900 1193 2934 vocula
1219 2899 1370 2934 barbara
1389 2899 1432 2933 de
1451 2899 1485 2934 S.
1509 2899 1655 2934 Buscho
1673 2899 1728 2932 vel
1753 2899 1871 2942 Rubo,
1898 2900 1942 2934 de
1968 2901 2037 2944 quo

252 2953 367 2987 Exod.
387 2955 418 2997 3,
445 2955 500 2988 cui
525 2955 581 2989 vel
606 2956 719 2990 altare
744 2956 799 2990 vel
826 2957 1014 3000 sacellum,
1052 2958 1088 2991 in
1113 2969 1183 3001 quo
1216 2968 1318 2992 sacra
1344 2959 1541 3002 peragebat
1571 2959 1779 3002 priusquam
1802 2957 1967 2993 Lutetiae
1992 2959 2038 2993 ad

251 3011 457 3046 Matheseos
474 3011 735 3056 professionem
761 3020 961 3059 vocaretur,
989 3016 1127 3050 dicatus
1153 3017 1265 3059 erat‘·)
1291 3020 1332 3049 ut
1356 3015 1498 3050 veritati
1522 3016 1674 3050 maxime
1699 3021 1978 3051 consentaneam
2003 3022 2038 3052 et

251 3069 420 3104 studiosis
438 3076 573 3113 gratam
591 3073 752 3107 omnibus
766 3073 844 3108 aliis
859 3072 1130 3117 praeferendam
1149 3084 1227 3108 esse
1241 3084 1390 3117 eamque
1407 3073 1474 3107 sibi
1491 3074 1710 3118 sequendam
1727 3075 2037 3111 censet.-Orbes

251 3126 287 3160 in
305 3125 456 3171 sphaera
472 3128 636 3172 planetae
661 3130 809 3165 totidem
834 3141 913 3169 esse
939 3131 1105 3176 affirmat,
1133 3137 1221 3176 quot
1243 3131 1377 3172 habeat
1392 3137 1532 3177 motus,
1557 3131 1642 3176 quia
1658 3136 1776 3169 autem
1795 3143 1914 3172 coram
1930 3144 2034 3171 nemo
