2126 3388
609 182 663 219 De
687 182 810 219 amicis
836 186 873 219 et
897 182 1098 220 fautoribus
1124 183 1284 230 Kepleri.
1767 185 1850 232 969

55 306 152 348 tum,
195 300 471 341 incolumitatis
515 315 676 342 suorum
702 305 1049 354 prosperitatisque
1091 304 1486 353 studiosissimorum,
1533 307 1653 356 primo
1695 318 1850 356 quoqne

53 365 225 410 tempore
258 361 488 410 tranquillos
517 374 562 400 ex
595 362 668 400 hac
698 368 807 412 parte
837 361 988 400 reddas

198 418 280 455 Etsi
312 431 402 457 vero
435 431 618 469 magnum
650 421 725 458 hoc
756 422 831 470 ipsi
863 421 1031 457 futurum
1066 426 1122 457 e>t
1155 421 1360 469 augurium
1382 422 1532 460 consilii
1555 434 1735 473 prospere
1761 435 1850 461 sus-

53 478 175 526 cepti,
208 477 240 513 si
272 489 295 514 a
326 479 402 515 tuis
436 478 599 516 aedibus
631 485 669 516 et
701 480 883 516 convictu
917 489 991 514 non
1025 477 1281 516 excludantur
1325 480 1614 527 adolescentes,
1657 483 1688 518 si
1721 487 1850 520 tamen

50 535 239 585 inopinati
272 535 386 584 quid,
433 536 537 584 quod
569 549 591 574 a
623 536 884 575 Miitschelino
923 547 1001 573 non
1045 538 1213 585 potuerit
1253 540 1409 587 aperiri,
1453 541 1730 586 intercesserit,
1772 551 1849 589 quo

52 594 179 630 minus
211 592 257 630 de
289 595 366 631 tuis
397 593 558 631 aedibus
593 594 653 632 vel
687 596 867 633 convictu
909 595 1124 633 consentire
1166 597 1311 643 possis:
1353 598 1449 645 petit
1482 596 1702 635 Generosus
1735 599 1848 646 Baro,

51 657 93 689 ut
123 650 240 688 alium
273 663 341 701 pro
374 653 466 701 ipsis
498 652 638 700 locum,
673 655 739 702 qui
770 659 875 691 tutus
899 655 947 690 sit
969 665 992 690 a
1013 651 1202 689 sodalitiis
1235 655 1364 702 pravis
1390 656 1692 705 commodusque
1717 657 1850 706 fruga-

52 709 140 747 liter
170 705 349 747 educatis
378 716 415 747 et
446 709 598 748 modico
631 713 834 759 contentis,
868 711 1050 761 dispicias
1083 715 1121 748 et
1141 712 1174 747 si
1196 723 1273 759 qua
1306 713 1453 751 ratione
1487 715 1685 752 commode
1708 717 1850 764 poteris

57 779 330 817 praeoccupes,
365 769 402 804 in
435 780 550 817 quem
583 770 657 818 ipsi
691 771 812 819 primo
845 771 975 807 statim
1007 767 1179 806 adventu
1211 781 1280 806 suo
1314 772 1576 820 commigrent,
1628 773 1784 810 Habere
1807 785 1850 811 se

51 825 143 863 dicit
166 827 402 874 Argentinae
434 828 493 863 sui
517 826 838 875 studiosissimos,
873 829 938 876 qui
970 828 1002 864 si
1034 828 1256 873 resciscant,
1291 828 1429 866 obvias
1460 829 1681 878 hujusmodi
1715 832 1850 869 condi-

50 885 174 922 tiones
207 883 320 921 laturi
354 885 442 931 sint,
475 885 548 923 sibi
583 896 672 923 vero
707 897 772 923 eas
797 886 846 924 ob
869 885 1112 935 disciplinam
1137 885 1334 932 domuum,
1367 887 1415 924 ob
1449 899 1574 926 mores
1607 889 1848 927 dominorum

50 947 88 980 et
118 942 372 991 frequentiam
412 943 630 991 juventutis
671 943 881 982 indomitae
919 955 995 981 non
1036 944 1233 982 astrictam
1274 945 1368 982 satis
1407 947 1562 984 minime
1596 948 1761 997 probari.
1794 970 1848 975 —

48 1000 125 1039 Sed
156 1000 269 1038 adest
300 1000 467 1038 famulus
500 1001 796 1051 Starenbergius
802 1030 941 1042 .....

191 1058 247 1096 Ex
267 1061 516 1109 responsione
537 1060 771 1109 Berneggeri
793 1062 838 1106 (d.
867 1062 899 1097 d.
930 1062 980 1097 14.
1006 1061 1096 1106 Maji
1121 1062 1238 1105 1624)
1278 1060 1374 1098 haec
1396 1060 1470 1099 huc
1494 1064 1704 1112 pertinent:
1738 1062 1849 1101 Felix

49 1128 186 1164 essem,
220 1118 253 1154 si
284 1117 358 1155 hac
389 1123 466 1155 tam
498 1118 698 1168 praeclara
730 1120 934 1157 occasione
965 1119 1062 1155 bene
1094 1119 1263 1156 merendi
1289 1119 1335 1157 de
1358 1119 1584 1158 charissima
1616 1122 1739 1171 patria
1762 1133 1849 1159 mea

49 1175 175 1224 deque
208 1181 286 1213 tam
318 1175 456 1214 illustri
487 1176 646 1223 familia,
680 1189 794 1226 quam
827 1188 946 1226 prope
971 1190 992 1213 a
1016 1188 1147 1224 puero,
1181 1176 1255 1214 hoc
1288 1182 1345 1215 est
1376 1184 1466 1215 ante
1499 1191 1619 1216 annos
1645 1183 1696 1217 28
1720 1185 1757 1217 et
1780 1184 1846 1227 29,

47 1245 133 1271 cum
166 1234 203 1270 in
236 1233 431 1272 Welsensi
471 1236 676 1284 gymnasio
721 1247 838 1273 causa
876 1234 1090 1272 studiorum
1129 1247 1304 1284 agerem,
1349 1236 1554 1275 observare
1594 1244 1630 1275 et
1673 1239 1848 1276 venerari

48 1293 170 1341 coepi,
206 1293 259 1329 uti
292 1291 385 1329 mihi
416 1292 604 1332 licuisset.
666 1293 812 1331 Verum
844 1294 979 1342 iniqua
1010 1304 1092 1329 sors
1125 1293 1225 1331 hanc
1257 1294 1349 1331 mihi
1381 1294 1603 1333 felicitatem
1636 1301 1770 1345 negat,
1803 1307 1848 1334 eo

48 1349 151 1399 quod
193 1349 312 1387 vidua
345 1353 476 1399 magni
518 1351 622 1389 illius
653 1350 692 1389 J.
727 1352 768 1389 C.
802 1352 982 1401 Dionysii
1017 1349 1244 1389 Gothofredi
1279 1355 1425 1396 (mortui
1459 1366 1552 1390 anno
1583 1357 1692 1400 1622)
1726 1365 1849 1402 quac-

47 1419 198 1457 cunque
229 1408 380 1457 reliqua
420 1409 540 1448 habui
580 1409 784 1448 conclavia
814 1412 870 1448 sic
903 1410 1131 1458 occupavit,
1176 1416 1218 1447 ut
1256 1410 1305 1447 ad
1345 1411 1612 1459 excipiendum
1657 1411 1850 1461 hospitem

45 1466 193 1504 nullum
225 1466 318 1504 mihi
349 1473 476 1506 vacet.
518 1468 674 1506 Interim
708 1470 895 1517 inquisivi
925 1467 1060 1506 sedulo
1095 1467 1140 1506 de
1173 1467 1249 1506 alio
1274 1467 1441 1517 hospitio
1474 1476 1510 1507 et
1534 1472 1712 1518 quamvis
1732 1470 1852 1508 nihil-

47 1525 136 1562 dum
169 1527 260 1563 certi
294 1524 498 1574 constitui,
543 1531 671 1564 tamen
704 1529 865 1565 veniant
896 1526 1011 1564 modo
1046 1525 1233 1564 Generosi
1268 1526 1447 1573 Domini,
1492 1528 1604 1565 fallor
1644 1534 1712 1566 aut
1743 1529 1851 1578 ipsos

45 1588 148 1622 recte
179 1583 337 1621 curabo.
370 1607 426 1612 —

182 1641 370 1680 Redimus
403 1642 453 1680 ad
484 1655 543 1681 res
576 1643 736 1693 Kepleri
768 1643 911 1692 ipsius,
954 1654 1051 1691 quas
1084 1654 1170 1680 cum
1202 1643 1449 1694 Berneggero
1488 1657 1556 1694 per
1594 1645 1724 1683 literas
1757 1647 1847 1695 egit.

46 1698 308 1748 Starenbergii
351 1701 440 1739 filiis
473 1702 774 1751 Argentoratum
815 1701 1037 1750 petentibus
1078 1701 1209 1739 literas
1243 1701 1307 1739 dat
1347 1702 1396 1740 ad
1433 1703 1720 1752 Berneggcrum
1758 1715 1849 1754 per-

44 1757 222 1796 ferendas
255 1761 302 1803 (d.
336 1763 390 1798 20.
417 1762 507 1806 Maji
534 1763 647 1807 1624),
673 1760 860 1798 nuncians
901 1758 1075 1797 Tabulas
1116 1759 1388 1809 Rudolphinas
1427 1773 1526 1810 pene
1567 1761 1767 1800 absolutas
1810 1767 1848 1801 et

47 1816 250 1854 consilium
282 1824 417 1866 petens
450 1819 498 1855 ab
537 1819 682 1864 amico,
728 1830 805 1867 qua
835 1819 984 1855 ratione
1028 1824 1065 1855 et
1096 1829 1173 1867 quo
1205 1818 1291 1857 loco
1332 1820 1570 1869 temporibus
1603 1819 1679 1858 illis
1710 1821 1848 1859 turbu-

45 1874 158 1913 lentis
191 1876 293 1925 typis
326 1877 600 1925 exprimantur.
653 1877 922 1925 Berneggerus
955 1877 1092 1914 iterum
1124 1878 1264 1914 invitat
1294 1877 1520 1927 Keplerum,
1554 1884 1595 1916 ut
1625 1878 1676 1916 ad
1707 1891 1747 1918 se
1770 1879 1848 1916 Ar-

44 1934 242 1982 gentinam
272 1939 454 1981 transeat,
489 1934 629 1972 dubius
661 1946 753 1972 vero
786 1939 844 1972 est
876 1934 922 1972 de
954 1935 1220 1984 typographi&
1255 1948 1416 1984 quorum
1443 1937 1673 1988 „avaritiam
1705 1942 1742 1975 et
1763 1949 1848 1975 sor-

46 1990 139 2029 des“
164 1993 284 2031 timet.
326 1992 518 2041 Keplerus
541 1991 695 2030 Ulmam
728 1998 992 2041 transgressus
1015 2003 1116 2030 anno
1143 1998 1250 2031 1626
1285 1994 1399 2032 refert
1420 1995 1678 2044 Berneggero,
1712 2002 1846 2046 typum

47 2050 173 2098 operis
206 2051 259 2088 ibi
294 2052 490 2100 inceptum
523 2063 606 2088 esse
638 2050 807 2089 addens:
852 2051 993 2099 „Faxit
1024 2051 1145 2098 Deus,
1178 2063 1224 2089 ne
1259 2054 1296 2089 in
1330 2053 1456 2090 medio
1490 2060 1629 2091 conatu
1662 2065 1844 2092 succum-

43 2107 146 2145 bam.
186 2107 247 2145 Ita
279 2111 436 2158 quidem
467 2121 552 2146 sum
583 2110 789 2158 profectus,
823 2121 868 2147 ac
901 2110 966 2157 qui
997 2110 1047 2146 sit
1078 2121 1313 2148 reversurus.
1365 2111 1506 2159 Ingens
1540 2118 1666 2149 tamen
1702 2112 1845 2150 vulnus

47 2165 232 2204 inflictum
271 2173 330 2205 est
371 2168 552 2206 Austriae
591 2173 764 2214 nostrae,
809 2179 855 2206 ex
899 2178 975 2216 quo
1017 2169 1186 2205 animam
1228 2180 1342 2217 agere
1385 2170 1550 2209 videtur.
1612 2169 1750 2219 Itaque
1794 2171 1844 2208 ad

50 2236 182 2262 omnes
215 2236 328 2263 casus
362 2232 513 2275 oportet
546 2237 630 2264 esse
651 2230 908 2275 attemperata
930 2226 1091 2263 consilia
1114 2225 1492 2276 deliberationesque
1515 2239 1632 2266 meas.
1685 2228 1744 2265 Tu
1768 2231 1846 2267 ita-

45 2294 119 2331 que
161 2294 246 2320 cum
284 2284 500 2322 fautoribus
531 2283 620 2321 aliis
651 2285 831 2334 subjicite
864 2283 1026 2321 consilia
1059 2289 1207 2332 vestra,
1242 2296 1431 2334 quonam,
1465 2288 1495 2323 si
1528 2288 1580 2323 ita
1611 2287 1707 2323 ferat
1738 2299 1844 2335 usus,

44 2353 104 2379 me
135 2352 221 2379 cum
253 2353 370 2391 grege
401 2354 469 2380 sex
491 2342 698 2381 liberorum
720 2340 961 2392 recipiam‘?“
1016 2343 1284 2392 Berneggerus
1317 2345 1430 2382 tertio
1462 2345 1602 2382 invitat
1632 2344 1843 2394 Keplerum

45 2399 240 2437 scribens:
287 2400 355 2448 „Si
387 2399 558 2439 incolatu
597 2400 750 2450 placeat
790 2401 922 2439 urbem
966 2399 1180 2447 honorare,
1223 2413 1298 2439 non
1340 2401 1475 2439 dubito
1516 2409 1551 2440 te
1584 2404 1843 2452 gratissimum

45 2458 224 2496 omnibus
255 2458 448 2508 hospitem
480 2459 664 2497 futurum.
708 2459 778 2497 Est
809 2459 901 2496 mihi
926 2458 1062 2496 domus
1095 2459 1224 2508 ampla
1255 2461 1350 2498 satis
1384 2472 1469 2498 cum
1501 2464 1587 2499 ae‘rc
1611 2468 1842 2509 permeante,

44 2521 125 2553 tum
157 2524 196 2554 et
227 2516 339 2554 horto
371 2519 658 2564 amoenissimo,
693 2529 739 2555 ex
773 2529 851 2566 qua
882 2517 1124 2567 hypocausta
1158 2517 1247 2565 duo,
1281 2518 1502 2556 cubiculum
1536 2531 1673 2566 unum,
1706 2519 1843 2557 cellam

43 2573 290 2623 culinamque
321 2581 563 2624 separatam,
609 2580 647 2613 et
677 2576 781 2624 quod
823 2580 941 2624 caput
972 2581 1047 2619 cst,
1092 2577 1261 2613 animum
1304 2576 1353 2613 ad
1393 2578 1522 2614 omnia
1565 2577 1842 2625 hospitalitatis

45 2631 173 2669 officia
202 2634 506 2681 promtissimum
541 2633 670 2680 offero,
704 2635 736 2671 si
768 2635 942 2681 veneris;
973 2638 1110 2681 pactus
1142 2633 1367 2680 mercedem,
1402 2646 1479 2683 qua
1500 2634 1605 2672 nulla
1629 2635 1719 2672 mihi
1753 2648 1844 2684 pre-

43 2691 201 2728 ciosior:
236 2683 449 2739 alloquium
481 2693 895 2740 conversationemque
918 2697 1023 2728 tuam
1046 2691 1351 2739 quotidianani.“
1395 2692 1547 2730 Deinde
1578 2693 1710 2740 refert,
1744 2694 1842 2732 ima-

41 2749 169 2796 ginem
202 2748 360 2797 Kepleri
395 2748 594 2787 dedicasse
636 2761 676 2787 se
717 2749 977 2786 bibliothecae
1020 2748 1244 2788 academiae
1276 2751 1640 2798 Argentoratensis‚
1684 2751 1844 2802 „vident

44 2805 152 2843 illam
185 2806 371 2854 quotidie,
405 2808 470 2855 qui
503 2804 657 2844 istanff‘.
722 2806 783 2843 Ad
814 2807 914 2844 hanc
945 2806 1146 2844 liberalem
1178 2808 1447 2845 invitationem
1482 2808 1573 2857 quid
1601 2809 1843 2857 responderit

41 2863 254 2913 Keplerus,
298 2876 436 2902 causas
466 2876 692 2910 recensens,
726 2865 866 2913 quibus
899 2870 1025 2901 motus
1057 2863 1163 2901 illam
1195 2877 1270 2902 non
1303 2867 1478 2914 accipere
1510 2868 1635 2915 possit
1668 2873 1760 2914 etc,
1804 2869 1842 2905 id

44 2923 315 2971 praemisimus
349 2922 426 2959 vol.
460 2922 531 2959 VI.
564 2934 600 2971 p.
637 2926 717 2960 620
750 2934 815 2968 ss,
848 2922 913 2959 ubi
947 2923 1062 2960 etiam
1097 2921 1360 2971 deprehendes
1393 2924 1597 2972 epistolas,
1631 2925 1667 2960 in
1702 2926 1842 2974 quibus

43 2981 125 3028 agit
155 2980 351 3030 Keplerus
384 2991 470 3018 cum
503 2982 628 3018 amico
661 2980 708 3017 de
740 2979 999 3017 distrahendis
1032 2979 1175 3016 tabulis
1198 2980 1470 3029 Rudolphinis.
1523 2982 1583 3019 De
1615 2983 1728 3020 rebus
1761 2986 1842 3022 suis

41 3039 208 3087 privatis
241 3038 365 3087 deque
397 3043 501 3076 statu
535 3038 716 3075 Austriae
748 3038 844 3075 haec
876 3038 989 3076 refert
1021 3037 1212 3085 Keplerus
1236 3039 1358 3088 Aprili
1391 3051 1521 3077 mense
1550 3044 1656 3078 1628
1691 3042 1841 3080 amico:

45 3095 190 3144 „Scit0,
223 3107 283 3134 me
316 3097 523 3145 circumagi
554 3096 720 3133 fatorum
754 3096 943 3133 machinis
975 3107 1046 3132 nec
1078 3096 1149 3133 mei
1184 3107 1267 3134 esse
1300 3097 1448 3134 arbitrii
1480 3103 1547 3135 aut
1569 3099 1732 3136 consilii.
1780 3100 1842 3138 Tu

41 3154 72 3191 si
102 3165 190 3194 mco
221 3154 308 3193 loco
341 3166 459 3203 esses,
491 3154 661 3193 timidior
691 3154 789 3193 forte
821 3155 859 3191 in
893 3153 1208 3202 obsecundando,
1241 3154 1336 3193 nihil
1369 3161 1497 3195 tamen
1528 3156 1677 3196 felicior
1706 3158 1744 3196 in
1776 3170 1840 3198 re-
