2177 3408
514 150 751 189 Summarium
776 153 958 190 Historiae
984 154 1235 191 Astronomiae
1262 154 1383 192 seculo
1409 155 1504 193 XVI.
1833 157 1913 203 647

119 268 264 313 fecerit,
301 279 366 314 per
383 269 520 315 aliquot
546 271 782 306 calculatores
808 281 878 306 non
897 272 1090 308 difficulter
1108 273 1279 317 compleri
1296 283 1424 317 posse,
1451 279 1487 309 et
1504 279 1578 309 tum
1598 275 1761 310 omnibus
1779 277 1915 320 perspi-

121 338 226 362 cuum
251 327 338 371 fore,
365 334 483 364 motus
509 340 700 374 corporum
726 329 935 365 coelestium
961 331 1005 365 ab
1024 332 1102 375 ipso
1120 332 1306 366 restitutos
1325 332 1411 375 ipsis
1431 333 1648 377 apparentiis
1666 344 1863 378 congruere
1880 340 1915 370 et

120 384 349 430 undiquaque
368 394 465 422 recte
479 394 654 424 constare.
683 389 841 434 Contigit
854 389 1016 434 Tychoni
1029 390 1204 433 ejusmodi
1225 389 1521 430 „calculatorew
1537 392 1693 426 nancisci
1709 392 1914 436 Keplerum,

121 443 185 478 sed
211 444 363 478 eundem
381 445 487 489 longe
505 446 624 489 alium,
651 457 692 480 ac
718 447 770 481 vir
794 457 879 482 suae
905 447 1077 492 gloriolae
1104 447 1221 482 studio
1247 446 1393 482 infla-tus
1419 449 1579 492 optabat.
1614 450 1730 494 Quum
1755 451 1817 485 ille
1842 452 1915 486 ani-

120 512 215 535 mum
243 501 387 545 juvenis
421 504 509 538 socii
542 504 587 538 ad
620 505 796 540 altissima
826 506 1020 541 enitentem
1046 512 1219 550 quantum
1244 510 1386 549 poterat
1413 506 1644 551 deprimeret,
1679 508 1753 542 suis
1779 508 1915 544 scilicet

119 558 270 594 vinculis
288 559 528 606 adstringens,
554 562 612 596 hic
636 562 678 596 iis
697 574 789 608 quae
806 563 930 597 intimo
949 564 1056 598 animi
1081 573 1188 598 sensu
1207 569 1421 607 conceperat
1439 564 1582 609 infixus,
1609 570 1647 601 ut
1665 576 1795 600 arcana
1814 577 1915 611 prae-

120 616 316 660 sagientem
333 624 486 653 mentem
506 619 678 663 agitantia
697 620 856 656 effundat
875 626 910 655 et
936 627 1032 656 certa
1057 626 1255 665 apertaque
1280 622 1430 663 habeat,
1457 623 1575 657 studio
1601 632 1784 667 nunquam
1809 624 1916 659 inter-

120 677 228 713 misso
254 677 396 713 laborat
423 682 458 712 et
477 678 658 723 Tychonis
685 681 787 715 obitu
813 690 941 724 magna
967 679 1253 715 observationum
1280 681 1382 724 copia
1407 681 1554 726 potitus,
1582 691 1619 715 sc
1638 692 1707 725 quo
1725 682 1918 718 tetenderit

117 737 326 781 ‘pervenisse
347 737 422 781 jam
448 737 614 772 exultans
640 738 769 781 gaudio
796 738 902 774 videt.
952 738 1083 773 Effecit
1109 739 1218 782 enim,
1256 743 1296 773 ut
1322 739 1569 782 Copernicana
1592 740 1683 774 ratio
1715 740 1750 774 in
1782 745 1916 775 certam

120 796 365 840 munitamque
391 796 436 830 ab
463 796 557 830 omni
582 802 685 840 parte
711 796 861 830 formam
886 796 1050 840 redacta,
1084 807 1299 840 quamquam
1331 797 1591 832 reluctantibus
1625 798 1801 842 opinionis
1828 799 1916 833 anti-

120 855 240 898 quitus
266 853 418 888 traditae
445 853 603 897 asseclis,
631 865 702 888 non
727 855 776 888 ita
802 854 908 898 longe
925 858 1008 898 post
1026 854 1189 889 omnibus
1216 854 1290 889 fere
1308 856 1532 899 probaretur.
1553 876 1595 881 —
1617 858 1667 890 De
1693 857 1914 892 observatio-

120 923 204 947 num
230 912 513 956 Tychonicarum
538 911 623 945 fat-is
649 922 844 955 earumque
871 912 1025 946 editione
1052 912 1204 946 diximus
1231 912 1300 947 vol.
1329 913 1355 947 Ι,
1382 925 1416 957 p.
1450 915 1508 948 191
1538 918 1574 947 et
1597 914 1659 948 VI.
1685 925 1719 958 p.
1747 914 1813 949 615
1840 925 1868 949 S.

258 970 356 1004 Inter
381 969 462 1004 illos
490 970 695 1014 scriptores,
723 981 812 1014 quos
831 971 955 1015 Tycho
982 971 1017 1004 in
1043 969 1145 1005 libris
1171 971 1246 1005 suis
1265 970 1308 1005 de
1327 971 1432 1006 stella
1449 971 1533 1005 anni
1554 972 1643 1006 1572
1661 976 1696 1006 et
1714 971 1758 1005 de
1776 976 1916 1006 cometa

122 1029 206 1064 anni
234 1030 323 1064 1517
348 1030 478 1074 partim
504 1029 657 1064 laudans
693 1030 822 1074 partim
848 1030 1037 1074 increpans
1065 1033 1247 1072 recenset,
1281 1029 1386 1073 pauci
1419 1033 1503 1063 sunt
1528 1034 1726 1063 memoratu
1754 1030 1851 1074 digni
1877 1030 1914 1064 iu

120 1088 188 1122 hac
206 1097 344 1122 summa
361 1087 534 1122 historiae
552 1088 802 1132 astronomiae,
829 1099 1047 1133 quamquam
1065 1088 1108 1122 ad
1128 1099 1237 1122 unum
1255 1098 1377 1122 omnes
1397 1087 1540 1123 collecti
1560 1089 1716 1133 speciem
1741 1089 1917 1133 praebent

122 1145 338 1181 conditionis
364 1145 472 1189 hujus
507 1146 678 1180 scientiae
711 1146 777 1180 sub
803 1145 910 1180 finem
943 1146 1056 1181 seculi
1083 1146 1210 1181 decimi
1237 1147 1343 1180 sexti.
1395 1146 1528 1181 Omnes
1555 1146 1598 1181 ab
1626 1146 1915 1181 observationum

123 1203 409 1249 Tychonicarum
437 1203 622 1247 diligentia
650 1210 684 1239 et
703 1204 904 1239 subtilitate
922 1205 1027 1249 louge
1047 1204 1189 1248 absunt,
1216 1204 1361 1248 plurimi
1378 1206 1524 1241 nimium
1547 1206 1680 1242 addicti
1697 1206 1916 1242 inveteratae

124 1262 426 1307 philosophorum
452 1262 762 1297 Aristotelicorum
790 1262 833 1297 de
859 1263 966 1297 rebus
993 1262 1210 1297 coelestibus
1247 1264 1446 1298 sententiae
1478 1264 1534 1298 vel
1561 1264 1666 1299 etiam
1692 1263 1916 1307 astrologicis

121 1320 351 1364 vanitatibus,
378 1322 601 1365 repetierunt
627 1331 679 1364 ea,
707 1331 798 1364 quae
817 1321 976 1364 priorum
1002 1321 1155 1365 scriptis,
1182 1325 1333 1365 excepto
1354 1322 1551 1365 Copernico
1572 1326 1607 1355 et
1625 1321 1836 1366 Reinholdo,
1861 1333 1918 1356 ac-

122 1383 226 1424 cepta
251 1378 435 1424 ferebant3
463 1380 570 1424 pauci
588 1378 769 1424 ingenium
789 1378 918 1412 horum
946 1388 1037 1421 quae
1060 1377 1135 1421 jam
1162 1377 1314 1413 diximus
1339 1378 1511 1413 luminum
1539 1379 1780 1414 astronomiae
1797 1384 1916 1414 mente

121 1442 294 1482 ceperunt
317 1438 470 1482 illosque
495 1439 604 1473 duces
631 1438 825 1480 elegerunt.

103 1504 158 1527 x
260 1497 302 1531 In
327 1496 535 1540 praemissis
562 1493 802 1530 voluminibus
829 1493 964 1538 passim
990 1499 1183 1529 occurrunt
1209 1494 1284 1539 viri,
1313 1505 1402 1539 quos
1423 1495 1545 1540 Tycho
1571 1495 1727 1531 inlibris
1745 1496 1818 1531 suis
1837 1507 1917 1541 pro·

124 1555 234 1601 ducit,
260 1566 371 1600 quare
398 1554 622 1599 superfluum
648 1553 805 1595 videtur,
841 1551 921 1586 illos
949 1552 1006 1586 hic
1031 1556 1207 1597 repetere.
1257 1553 1375 1588 Unum
1408 1554 1681 1590 Michaelem
1708 1555 1802 1589 Mae
1817 1555 1918 1590 stli-

122 1625 233 1658 num,
262 1612 437 1658 discipulo
456 1612 614 1657 Keplero
635 1612 825 1654 celebrem,
852 1610 1015 1654 pluribus
1036 1610 1223 1645 dicendum
1244 1612 1458 1647 censuimus.
1496 1613 1618 1658 Tycho
1637 1612 1767 1648 librum
1785 1613 1918 1648 Maest-

123 1672 188 1707 lini
215 1672 258 1707 de
283 1681 376 1706 nova
406 1671 512 1706 stella
539 1670 836 1715 (Demonstratio
862 1670 1111 1705 astronomica
1137 1671 1206 1704 loci
1230 1671 1353 1705 stellae
1379 1681 1494 1706 novae
1518 1675 1594 1706 tum
1617 1675 1781 1716 respectu
1806 1671 1921 1706 centri

122 1730 259 1774 mundi,
286 1734 363 1765 tum
388 1734 552 1774 respectu
577 1730 743 1775 siqniferzt
769 1734 802 1764 et
828 1728 1126 1773 aequinoctialis)
1153 1728 1331 1771 integrum
1358 1729 1524 1773 adjunxit
1551 1729 1650 1773 operi
1675 1739 1739 1763 suo
1766 1728 1810 1763 de
1827 1739 1920 1763 nova

122 1788 239 1832 stella,
268 1789 410 1823 dicens:
448 1788 574 1829 „Exile
602 1788 745 1832 quidem
772 1787 963 1831 scriptum,
1003 1786 1108 1820 modo
1136 1786 1221 1820 folia
1247 1790 1283 1820 et
1308 1787 1420 1822 lineas
1448 1792 1607 1832 spectes,
1641 1791 1677 1822 at
1702 1787 1732 1822 si
1758 1797 1800 1822 ea
1826 1797 1918 1831 quae

122 1847 282 1882 continet
306 1847 429 1891 reique
456 1847 596 1891 pondus
625 1846 846 1886 consideres,
882 1844 1066 1888 plerisque
1090 1844 1203 1878 multo
1229 1845 1427 1888 majoribus
1454 1846 1608 1890 amplius
1634 1852 1743 1890 atque
1769 1844 1918 1879 solidius

122 1905 167 1939 de
191 1905 260 1940 hac
287 1905 393 1940 stella
423 1906 459 1940 in
484 1905 667 1949 publicum
702 1905 820 1938 emisit
844 1905 893 1938 M.
921 1904 972 1938 M.
998 1902 1233 1946 Maestlinus,
1267 1913 1307 1937 eo
1334 1907 1495 1949 tempore
1528 1904 1562 1938 in
1598 1904 1730 1949 oppido
1763 1902 1919 1947 quodam

122 1964 321 2008 Backnang
347 1963 442 1998 dicto
468 1963 668 2007 parochus,
695 1966 822 2007 postea
847 1962 884 1995 in
911 1961 1096 1996 academia
1122 1960 1442 2006 Heidelbergensi,
1470 1973 1564 1997 nunc
1590 1972 1674 1996 vero
1700 1959 1920 2004 Tubingensi

121 2022 381 2056 mathematum
405 2021 590 2066 professor
616 2022 687 2063 (cfr.
714 2022 780 2056 vol.
809 2025 834 2056 Ι.
861 2033 893 2063 p.
922 2021 1012 2063 188).
1061 2019 1165 2054 Licet
1196 2024 1315 2054 autem
1341 2020 1375 2053 in
1403 2019 1618 2054 denotandis
1653 2019 1760 2063 hujus
1792 2017 1919 2054 stellae

121 2080 379 2125 Phaenomenis
404 2079 504 2115 nulla
531 2079 734 2114 adhibuerit
760 2079 1014 2120 instrumenta,
1040 2081 1166 2121 utpote
1182 2077 1253 2111 illis
1279 2082 1365 2112 tunc
1391 2078 1561 2122 temporis
1593 2078 1684 2112 forte
1711 2077 1918 2119 destitutuS,

124 2139 238 2174 solius
264 2144 385 2174 tamen
408 2138 486 2173 fili
519 2149 587 2183 ope
611 2139 647 2172 in
673 2136 891 2172 dimetiendo
917 2136 995 2180 ejus
1020 2135 1101 2170 loco
1129 2139 1164 2169 et
1188 2135 1419 2180 parallaxeos
1453 2136 1612 2171 carentia
1636 2140 1709 2170 tam
1734 2146 1846 2180 prope
1871 2134 1917 2170 ad

123 2197 286 2232 veritatis
314 2207 462 2241 scopum
487 2196 701 2239 collineavit,
727 2201 767 2230 ut
792 2195 894 2230 multi
919 2205 1052 2238 eorum,
1080 2194 1141 2239 qui
1166 2194 1414 2229 instrumentis
1440 2195 1561 2230 nescio
1589 2194 1719 2238 quibus
1746 2194 1810 2239 usi,
1837 2194 1917 2229 lon-

123 2255 201 2298 gius
228 2255 271 2289 ab
297 2255 366 2290 hoc
392 2253 637 2289 deflexerint.“
689 2253 745 2287 Ex
771 2253 895 2287 libello
919 2252 1017 2297 ipso,
1057 2253 1201 2298 qualem
1227 2252 1350 2298 Tycho
1383 2253 1569 2298 proponit,
1603 2253 1692 2287 haec
1724 2263 1916 2297 excerpere

124 2313 257 2357 placet.
308 2312 420 2347 Stella
443 2312 544 2346 initio
571 2310 784 2347 Novembris
810 2315 1005 2355 conspecta
1031 2315 1085 2346 est
1110 2316 1211 2346 tanta
1237 2311 1398 2346 claritate
1425 2315 1460 2345 et
1476 2311 1730 2355 magnitudine,
1757 2316 1796 2346 ut
1815 2311 1916 2346 coelo

128 2382 256 2408 sereno
285 2371 475 2413 „mediocri
501 2370 599 2405 visus
626 2370 787 2404 acumine
814 2369 967 2405 valenti“
1005 2370 1130 2413 quavis
1162 2370 1252 2404 hora
1284 2370 1353 2404 diei
1379 2370 1539 2414 conspici
1572 2370 1740 2414 potuerit.
1790 2369 1917 2405 Obser-

124 2429 287 2464 vationes
318 2429 355 2463 in
380 2430 565 2473 superiore
594 2432 629 2462 et
653 2428 821 2463 inferiore
848 2428 1106 2463 culminatione
1134 2428 1285 2463 eundem
1320 2427 1428 2472 plane
1460 2428 1578 2463 locum
1604 2428 1730 2463 stellae
1755 2427 1918 2463 ostende-

124 2489 230 2532 bant3
259 2497 360 2529 „cum
386 2497 470 2531 ergo
496 2487 532 2521 in
557 2487 685 2521 diurna
709 2487 934 2521 revolutione
961 2487 1061 2522 nulla
1087 2492 1206 2522 motus
1232 2487 1474 2531 discrepantia
1499 2497 1608 2522 sensu
1633 2486 1767 2531 percipi
1793 2486 1918 2531 possit,

125 2547 232 2582 facile
258 2557 303 2582 ex
328 2546 527 2582 Ptolemaei
551 2546 759 2588 Almagesto
786 2545 1106 2590 demonstrabitur,
1145 2556 1269 2580 verum
1295 2545 1373 2589 ejus
1398 2549 1533 2579 motum
1565 2544 1608 2578 ab
1634 2543 1820 2588 apparenti
1845 2553 1916 2577 non

125 2605 284 2647 differre,
305 2609 340 2638 et
365 2603 458 2648 inde,
484 2604 692 2638 distantiam
717 2603 796 2646 ejus
821 2607 958 2637 tantam
986 2613 1076 2646 esse,
1103 2608 1142 2638 ut
1166 2602 1210 2636 ad
1237 2613 1314 2636 eam
1340 2601 1486 2636 dimidia
1511 2602 1644 2636 Terrae
1671 2601 1843 2635 diameter
1867 2600 1918 2635 in-

125 2661 377 2707 comparabilis
403 2660 482 2696 sit.⁴·
535 2661 628 2695 Hinc
654 2666 688 2694 et
715 2671 758 2695 ex
786 2661 973 2705 Copernici
999 2661 1263 2705 Reinholdique
1289 2660 1431 2704 placitis
1457 2661 1560 2704 sequi
1585 2658 1768 2694 concludit
1784 2660 1917 2694 Maest-

124 2723 239 2766 linus,
277 2720 419 2756 stellam
453 2720 547 2753 hanc
572 2719 608 2753 in
633 2719 787 2753 fixarum
821 2720 1011 2764 sphaeram
1045 2720 1289 2764 reponendam
1317 2728 1407 2753 esse.
1456 2718 1667 2752 Immensam
1696 2721 1814 2751 autem
1839 2727 1918 2752 esse

125 2780 352 2815 altitudinem
376 2778 541 2820 fixarum,
567 2776 611 2810 ad
630 2787 737 2819 quam
756 2776 927 2811 distantia
945 2778 1079 2811 Terrae
1106 2777 1149 2811 ad
1169 2777 1287 2811 Solem
1306 2781 1509 2819 evanescat,
1538 2779 1599 2816 „ut
1615 2778 1769 2808 testatur
1787 2774 1916 2818 Coper-

126 2838 239 2882 nicus,
266 2843 554 2872 astronomorum
581 2839 664 2877 post
688 2833 935 2868 Ptolemaeum
960 2835 1165 2879 princeps“,
1192 2834 1272 2868 ideo
1299 2844 1414 2877 neque
1433 2833 1638 2867 distantiam
1656 2832 1765 2875 hujus
1791 2832 1917 2867 stellae

126 2908 148 2931 a
174 2897 303 2940 Terra,
341 2905 457 2939 neque
490 2893 566 2938 ejus
593 2890 874 2936 magnitudinem
906 2902 1026 2926 veram
1060 2897 1157 2927 certo
1184 2891 1356 2926 constitui
1381 2900 1500 2935 posse.
1550 2890 1606 2925 Ad
1632 2890 1722 2925 haec
1748 2893 1783 2924 et
1807 2890 1917 2926 verba

126 2954 330 2990 Maestlini:
360 2953 412 2994 „si
437 2951 514 2986 orbi
538 2949 690 2994 alicujus
716 2949 885 2994 planetae
911 2949 1017 2983 stella
1034 2949 1125 2983 haec
1143 2949 1251 2983 affixa
1270 2953 1375 2992 esset,
1403 2947 1690 2982 commutationis
1708 2951 1826 2982 motus
1845 2958 1915 2982 non

128 3023 257 3058 expers
283 3016 389 3057 esset,
416 3011 512 3055 quod
537 3009 657 3043 videre
681 3007 766 3042 licet
790 3007 852 3041 lib.
878 3006 920 3042 V.
947 3006 1169 3050 Copernici‘g
1196 3005 1285 3040 haec
1310 3010 1458 3040 annotat
1475 3005 1657 3040 Braheus:
1683 3003 1817 3040 frustra
1843 3006 1915 3040 exi-

129 3072 268 3113 stimat,
302 3069 406 3104 orbes
430 3069 655 3114 planetarum
685 3064 801 3100 reales
837 3068 873 3099 et
897 3063 1031 3098 solidos
1058 3073 1150 3108 esse,
1184 3063 1235 3097 sic
1261 3062 1367 3097 etiam
1391 3062 1679 3097 commutationis
1703 3066 1820 3098 motus
1844 3063 1914 3097 im-

128 3130 282 3173 munitas
306 3138 379 3175 non
405 3127 492 3163 satis
516 3125 655 3172 probat,
682 3123 823 3159 stellam
849 3122 947 3165 ultra
970 3121 1197 3175 planetarum
1215 3120 1385 3156 terminos
1403 3125 1575 3156 remotam
1600 3120 1723 3167 fuisse,
1748 3121 1818 3158 nisi
1834 3131 1913 3157 cum
