2126 3388
949 177 1053 214 1606.
1807 177 1891 222 771

90 299 248 335 editione
280 298 451 344 legimus:
479 326 601 336 .....
652 296 782 344 Potui,
815 296 920 346 quod
950 309 1012 336 res
1045 302 1115 347 est,
1147 308 1358 346 recensere,
1390 297 1527 337 stellae
1558 298 1673 338 finem
1703 310 1781 337 non
1806 303 1896 338 ante

91 355 346 394 Februarium
376 356 494 404 huJ’us
525 357 616 394 anni
648 361 792 394 certum
824 356 964 404 fuisse,
997 369 1175 407 quaeque
1206 357 1330 405 prima
1360 356 1476 406 hujus
1508 357 1629 396 libelli
1649 363 1759 408 parte
1782 357 1828 396 de
1851 370 1897 396 ea

89 415 233 463 scripta
264 419 303 453 et
334 414 534 464 disputata
564 419 654 452 sunt
685 416 953 461 astronomice,
986 415 1166 465 physice,
1198 414 1483 465 metaphysice,
1526 428 1572 454 ea
1602 418 1658 454 sic
1688 418 1726 453 in
1757 420 1895 466 parato

89 472 229 519 fuisse,
270 477 312 510 ut
349 474 570 522 praeteritis
601 472 825 511 vernalibus
856 473 1040 511 nundinis
1072 474 1462 512 Francofurtensibus
1498 474 1653 523 prodire
1684 476 1892 525 potuerint,

91 532 166 569 nisi
197 542 258 569 me
289 543 379 581 spes
410 531 616 570 adventuri
648 531 883 581 typographi
915 532 1126 571 fefellisset.
1189 533 1249 570 De
1282 532 1627 581 significationibus
1660 545 1765 581 vero,
1799 545 1896 582 quas

89 588 212 627 altera
242 595 353 639 parte
386 589 612 640 complexus
643 589 719 627 huc
750 602 872 638 usque
905 592 1023 639 traxi,
1068 591 1252 639 scribere,
1294 602 1375 628 rem
1407 603 1490 629 esse
1523 590 1761 638 taediosam,
1803 603 1894 641 per-

87 647 242 695 plexam
274 649 486 697 multisque
518 650 618 686 euris
649 655 687 686 ct
717 649 979 686 anxietatibus
1012 651 1238 696 exercitam,
1281 654 1324 687 ut
1355 650 1519 695 animus,
1554 649 1895 688 demonstrationi-

88 706 160 743 bus
192 709 437 754 geometricis
470 712 661 753 assuetus,
695 707 941 744 considerata
964 707 1302 744 fundamentorum
1327 709 1551 754 vitiositate,
1586 707 1813 755 diutissime¹
1833 709 1895 744 in-

87 768 166 802 star
192 765 359 813 jumenti
385 767 593 815 pertinacis
623 766 784 812 restitet,
819 765 942 804 donec
963 766 1090 815 plagis
1113 771 1150 804 et
1170 766 1377 804 verborum
1400 766 1550 815 probris
1574 765 1734 805 adactus
1756 766 1894 816 pedem

88 824 126 859 in
157 823 230 861 hac
262 823 403 862 lacuna
434 829 554 873 ponat
585 828 656 862 ete.

225 883 492 928 Maximiliano,
529 883 700 918 Austriae
728 882 941 925 Archiduci,
976 883 1105 919 librum
1133 883 1287 919 offerens
1314 885 1454 920 scribit:
1480 882 1613 920 Morus
1634 881 1788 920 libellus
1811 883 1894 931 ipse

89 944 262 978 excusat.
327 939 450 978 Stella
482 952 572 977 num
607 940 798 977 exstincta
829 940 898 985 sit,
931 951 1007 976 non
1041 946 1130 978 ante
1162 940 1344 977 Martium
1377 940 1492 988 hujus
1525 942 1613 978 anni
1646 942 1732 978 sciri
1755 943 1893 988 potuit.

90 999 147 1036 Ex
180 1010 224 1037 eo
258 997 307 1036 ad
340 998 533 1036 nundinas
565 997 744 1035 vernales
776 999 978 1045 angustius
1011 999 1083 1035 suit
1113 1000 1303 1047 spatium,
1345 1010 1461 1047 quam
1493 1004 1535 1036 ut
1566 1004 1688 1036 totum
1720 999 1894 1036 libellum

87 1056 269 1106 perficere
301 1068 469 1106 possem.
532 1056 672 1094 Aestas
704 1068 796 1094 vero
828 1056 924 1094 haec
956 1069 1055 1105 quae
1087 1069 1162 1094 non
1196 1057 1371 1094 exhibuit
1403 1057 1710 1106 impedimenta?
1756 1057 1894 1106 Itaque

87 1117 153 1153 vix
185 1115 234 1153 ad
257 1115 350 1154 Idus
372 1115 618 1165 Septembres
652 1115 904 1164 archetypum
936 1116 1078 1164 perfeci
1111 1121 1149 1152 et
1180 1115 1476 1154 Francofurtum
1506 1115 1775 1154 commendavi
1805 1120 1895 1153 tan-

87 1173 251 1223 demque
284 1180 373 1213 ante
405 1174 572 1212 triduum
607 1172 845 1222 exemplaria
876 1175 1065 1223 impressa
1096 1180 1234 1212 nactus
1264 1174 1331 1212 fui.

227 1239 388 1275 Libellos
421 1251 509 1284 quos
535 1240 715 1284 Keplerus
749 1239 841 1274 libro
876 1240 919 1275 de
955 1241 1067 1276 Stella
1092 1241 1194 1275 Nora
1228 1240 1434 1284 subjunxit:
1468 1240 1526 1275 Dc
1552 1240 1667 1276 Stella
1698 1240 1738 1275 in
1771 1240 1895 1286 nyno

87 1299 272 1335 Narratio
296 1299 558 1335 Astronomica
590 1303 625 1333 et
658 1299 716 1334 De
741 1299 832 1334 Jesu
861 1297 998 1334 Cleo-istc·
1029 1299 1121 1335 Vero
1148 1299 1259 1334 Anno
1284 1299 1486 1342 Natalitio,
1520 1298 1703 1342 inscripsit
1737 1299 1892 1342 priorem

87 1357 331 1392 L.-Bar0ni
356 1356 390 1391 J.
417 1357 459 1393 F.
486 1356 781 1397 Hoffmanno,
807 1357 1044 1401 posteriorem
1070 1357 1242 1392 ι10011111
1268 1356 1491 1391 Barwitio
1521 1357 1630 1400 „Imp
1657 1355 1852 1400 Rudolpho
1872 1366 1893 1390 a

86 1415 243 1451 consiliis
270 1415 394 1450 aulicis
422 1420 458 1450 et
484 1415 632 1451 secretis
657 1415 826 1451 intimis“.

223 1474 265 1508 In
292 1473 448 1518 epistola
474 1473 695 1508 dedicatoria
729 1473 774 1508 ad
800 1473 980 1508 Hoffma
995 1486 1084 1508 111111
1098 1486 1131 1508 111
1166 1473 1250 1509 data
1284 1473 1372 1517 (non
1405 1473 1589 1518 adscripto
1616 1472 1690 1516 die)
1725 1473 1816 1508 haec
1843 1471 1895 1506 illi

86 1532 266 1577 Keplerus
292 1532 329 1566 in
354 1533 561 1568 memoriam
586 1536 750 1566 revocat:
795 1529 965 1578 Quartus
997 1530 1060 1568 hie
1091 1542 1216 1568 annus
1247 1535 1325 1575 est,
1359 1540 1404 1566 ex
1439 1541 1514 1578 quo
1546 1530 1709 1578 primum
1741 1527 1792 1566 ad
1822 1540 1893 1566 nos

84 1587 253 1638 Pragam
295 1588 399 1626 fama
439 1600 564 1627 novae
604 1587 740 1626 stellae
785 1589 822 1625 in
855 1588 991 1638 Cygno
1031 1594 1188 1627 exortae
1229 1589 1406 1637 pervenit
1432 1590 1517 1633 (cfr.
1544 1589 1614 1625 vol.
1640 1590 1689 1626 II.
1730 1601 1766 1634 p.
1794 1590 1892 1633 751).

85 1646 177 1685 Erat
209 1652 299 1684 tunc
330 1659 462 1686 recens
494 1648 606 1685 nobis
646 1646 755 1684 dolor
787 1659 832 1685 ex
874 1648 1012 1684 acerbo
1057 1647 1189 1685 funere
1221 1646 1418 1696 Tychonis
1450 1645 1612 1692 Biabei,
1654 1658 1767 1694 quem
1807 1657 1892 1683 cum

85 1704 163 1744 alia
193 1705 339 1753 multa,
381 1712 462 1744 tum
494 1705 569 1744 hoc
611 1716 765 1754 quoque
798 1704 985 1743 reddebat
1024 1706 1333 1752 acerbissimum,
1377 1703 1480 1753 quod
1520 1705 1569 1741 ab
1613 1703 1678 1741 illo
1720 1710 1892 1753 tempore

84 1765 368 1813 pretiosissima
412 1765 480 1802 illa
512 1763 687 1814 supellex
720 1765 1059 1802 instrumentorum
1100 1765 1466 1809 astronomicorum,
1511 1774 1611 1811 quae
1645 1762 1818 1800 Braheus
1854 1763 1892 1798 in

83 1822 312 1860 Bohemiam
357 1823 560 1869 intulerat,
606 1821 775 1871 quodam
816 1822 1075 1861 inextricabili
1114 1823 1194 1860 sato
1240 1821 1418 1860 claustris
1459 1826 1497 1859 et
1537 1821 1712 1858 obicibus
1754 1821 1892 1870 positis

84 1880 341 1919 delitescebat
372 1883 410 1917 in
443 1882 625 1920 tenebris.
689 1880 827 1929 Itaque
861 1893 947 1918 cum
980 1892 1112 1919 eorum
1146 1892 1238 1918 usus
1271 1885 1373 1918 essct
1405 1879 1497 1916 mihi
1530 1878 1783 1925 interclusus,
1825 1884 1892 1917 tua

83 1944 212 1977 tamen
245 1939 479 1978 liberalitate
513 1939 630 1989 paulo
663 1945 753 1977 autc
786 1941 984 1988 provisum
1030 1945 1111 1977 erat
1142 1951 1250 1978 meae
1283 1939 1450 1987 inopiae.
1513 1937 1702 1974 Nimirum
1734 1939 1892 1986 praevi-

84 1997 195 2036 doras
213 1998 294 2046 jam
318 2003 407 2035 ante
431 1998 562 2037 divino
586 1997 753 2046 quodam
777 1999 972 2045 instinctu,
997 2009 1179 2046 quorsum
1207 2010 1268 2035 res
1290 1996 1586 2041 astronomicae,
1610 1995 1683 2033 hoe
1704 1997 1890 2044 magistro

84 2055 313 2103 destitutae,
354 2056 446 2094 olim
486 2062 713 2105 vergerent:
757 2057 889 2104 itaque
931 2058 1023 2094 vivo
1063 2058 1271 2094 etiamnum
1305 2055 1457 2092 Brahco
1498 2059 1535 2091 et
1576 2055 1641 2091 vix
1677 2066 1819 2091 amium
1852 2055 1890 2090 in

83 2114 274 2152 Bobemia
305 2120 472 2162 versato,
505 2120 652 2164 partem
686 2126 862 2152 curarum
895 2114 994 2152 ultro
1028 2116 1063 2151 in
1097 2121 1134 2153 te
1163 2114 1413 2160 transtulisti,
1448 2112 1612 2160 denique
1636 2111 1890 2159 quadrantem

5 2165 23 2176 ff
83 2173 358 2210 azimuthalem
391 2180 428 2210 et
460 2178 690 2219 sextantem,
724 2185 770 2210 ex
801 2174 899 2210 ferro
932 2173 1045 2219 hunc,
1078 2173 1186 2210 illum
1210 2185 1255 2210 ex
1279 2171 1483 2217 orichalco,
1518 2171 1593 2207 tuis
1626 2171 1817 2208 sumtibus
1840 2169 1889 2207 ad

82 2230 291 2279 imaginem
325 2231 618 2269 Braheanorum
650 2233 909 2269 conformatos
941 2231 1127 2268 nonnullo
1161 2237 1290 2269 sunitu
1325 2230 1576 2278 comparasti,
1611 2240 1710 2276 quae
1743 2230 1888 2266 instru-

83 2296 215 2328 menta
246 2289 398 2327 Braheo
432 2295 582 2327 mortuo
610 2289 728 2338 paulo
761 2291 867 2339 prius
900 2302 1016 2338 quam
1049 2289 1095 2328 de
1128 2289 1242 2328 stella
1263 2289 1507 2326 audissemus
1539 2287 1635 2324 meis
1658 2287 1793 2324 usibus
1817 2287 1887 2324 abs

10 2342 17 2356 ”
86 2346 134 2386 G.
168 2347 254 2384 Tua
285 2349 474 2396 permissa
504 2348 768 2397 possidebam.

223 2404 332 2452 Quae
362 2408 495 2455 itaque
528 2409 565 2442 in
598 2406 671 2444 hac
702 2406 818 2443 stella
850 2405 954 2443 hisce
988 2407 1064 2443 tuis
1098 2407 1361 2443 instrumentis
1384 2405 1684 2441 observavcram
1709 2414 1886 2452 quaeque

16 2507 19 2513 Ἰ
84 2463 131 2501 dc
163 2475 207 2501 ea
241 2464 404 2502 dicenda
438 2471 565 2502 esseut
597 2470 833 2510 astronomo,
866 2464 931 2500 illo
964 2477 1065 2501 anno
1097 2466 1310 2513 perscripta
1343 2464 1532 2512 ctpaucis
1563 2462 1758 2509 aliquibus
1781 2472 1887 2497 com-

0 2516 27 2569 *f
82 2523 291 2567 mirificata,
325 2524 547 2571 cogitabam
580 2523 693 2561 edere
724 2522 888 2571 Tuoque
911 2523 1066 2559 Nomini
1100 2523 1297 2568 dedicare,
1331 2533 1446 2570 quam
1479 2521 1773 2569 promissionem
1805 2530 1888 2554 me-

18 2574 32 2597 '3
81 2581 226 2617 ministi
259 2592 318 2616 1110
351 2592 478 2619 coram
511 2582 636 2618 facere
641 2609 782 2620 .....
844 2580 946 2628 Quid
969 2593 1109 2619 causae
1132 2592 1222 2618 vero
1254 2581 1336 2625 fuit,
1372 2591 1436 2616 cur
1459 2579 1495 2614 id
1519 2577 1621 2625 quod
1655 2583 1735 2614 erat
1767 2576 1887 2613 desti-

81 2643 215 2676 natum
248 2638 591 2676 intermitteretur?
643 2639 778 2676 Finem
803 2644 1025 2687 exspectare
1050 2640 1230 2677 volebam
1253 2639 1343 2674 novi
1366 2637 1627 2685 phaenomeni
1659 2637 1885 2681 intereaque

9 2695 34 2721 '2¹³
82 2696 132 2734 ad
163 2698 392 2744 praecipuos
424 2697 718 2734 mathematicos
751 2699 899 2745 scripsi,
934 2696 1165 2734 collecturus
1200 2708 1331 2734 eorum
1368 2695 1563 2741 suffragia.
1628 2692 1724 2730 Cum
1756 2697 1886 2728 autem

71 2765 208 2802 'neque
240 2754 353 2792 stella
376 2756 694 2802 exstingueretur,
727 2766 796 2792 nee
819 2767 865 2792 ea
886 2755 1162 2803 promtitudine
1185 2753 1462 2802 responderent
1484 2750 1746 2788 mathematici
1770 2761 1884 2797 quam

1 2804 37 2859 ἧ
82 2813 295 2862 sperabam,
333 2818 484 2861 tempus
516 2814 663 2850 interea
695 2813 846 2860 lapsum
880 2818 948 2858 cst,
982 2812 1105 2849 donec
1137 2817 1224 2860 post
1258 2812 1451 2848 biennium
1485 2813 1521 2846 et
1552 2807 1718 2856 amplius
1750 2808 1886 2855 ingens

0 2885 29 2911 ,1,1,
83 2871 150 2908 illa
180 2882 285 2908 nova
316 2871 430 2908 stella
461 2870 659 2919 effulgeret
691 2871 727 2905 in
760 2870 858 2918 pede
889 2869 1149 2918 Serpentarii3
1193 2870 1302 2917 cnjus
1335 2866 1511 2905 miraculi
1542 2864 1767 2911 magnitudo
1800 2877 1886 2902 cum

2 2934 40 2963 <flii
82 2927 320 2966 luculentam
362 2929 533 2977 aliquam
578 2928 880 2975 disputationem
918 2939 1077 2976 poscere
1120 2927 1334 2973 videretur,
1379 2935 1545 2972 aequum
1579 2922 1800 2969 videbatur,
1845 2929 1886 2960 ut

0 2980 40 3008 ΜΒ
83 2998 208 3036 parva
247 2987 372 3036 Cygni
415 2987 548 3032 stella,
596 2987 785 3024 novitatis
827 2998 903 3022 non
943 2985 1042 3022 adeo
1087 2986 1307 3031 confessae,
1350 2984 1462 3020 sicuti
1505 2981 1681 3018 claritate
1724 2981 1886 3018 cedebat

84 3055 258 3095 nuperae
289 3045 344 3081 illi
376 3046 412 3081 in
436 3045 693 3095 Serpentario,
726 3046 782 3082 sie
812 3044 939 3082 locum
974 3045 1089 3081 etiam
1122 3045 1156 3080 ei
1188 3044 1350 3091 primum
1383 3043 1419 3077 in
1453 3039 1550 3076 libro
1582 3038 1825 3077 concederet.

223 3103 307 3139 Etsi
337 3103 454 3151 igitur
486 3104 587 3140 hune
618 3103 656 3138 in
688 3102 845 3140 modum
874 3102 1010 3151 Jejuna
1050 3102 1153 3139 facta
1194 3107 1251 3138 est
1290 3101 1388 3137 haec
1429 3099 1584 3146 scriptio
1626 3101 1664 3135 et
1696 3109 1792 3147 pene
1824 3099 1886 3134 in-

2 3173 44 3197 or
86 3158 215 3209 digna,
248 3172 349 3209 quae
379 3161 567 3211 peculiari
599 3162 848 3212 inscriptione
870 3172 894 3198 a
914 3159 1011 3198 libro
1034 3160 1182 3209 reliquo
1214 3162 1469 3210 separaretur,
1501 3160 1632 3194 tamen
1652 3167 1778 3206 neque
1800 3155 1886 3195 Tua

1540 3224 1608 3262 50*
