2177 3408
514 136 751 174 Summarium
775 136 956 173 Historiae
979 136 1231 173 Astronomiae
1257 136 1378 174 seculo
1403 137 1497 175 XVI.
1835 139 1916 183 589

118 256 268 292 Primus
283 256 372 292 liber
392 254 613 291 Tabularum
636 255 886 297 directionum,
914 255 1133 292 discentibus
1149 255 1274 301 prima
1292 255 1462 292 elementa
1487 257 1734 292 astronomiae
1757 268 1918 294 necessa-

119 315 198 350 rius
222 319 256 350 et
278 314 509 358 utilissimus;
542 313 598 349 his
629 314 787 348 insertus
819 318 870 349 est
895 325 1012 349 canon
1036 314 1230 358 secundus,
1258 314 1308 349 ad
1332 315 1479 361 sinyula
1503 315 1677 359 scrupula
1701 316 1920 360 quadrantis

113 377 352 419 propayatus.
403 373 500 408 Item
523 383 617 408 nova
643 372 771 407 tabula
795 373 996 417 climatum,
1024 373 1289 418 parallelorum
1314 376 1347 408 et
1370 374 1590 416 umbrarum,
1619 385 1698 409 cum
1723 376 1919 419 appendice

120 441 303 466 canonum
326 430 475 465 secundi
499 431 583 465 libri
608 430 871 473 Directionum,
896 432 958 475 qm·
983 432 1022 466 in
1045 431 1329 477 Reqiomontani
1354 442 1459 477 opere
1485 433 1748 469 desiderantur.
1792 434 1919 470 Insunt

119 487 203 521 huic
229 487 419 532 appendici
454 487 600 523 tabulae
631 488 871 532 tangentium,
900 490 975 532 jam
1001 489 1152 533 primum
1177 489 1253 523 fere
1279 499 1299 523 a
1324 489 1527 525 Reinholdo
1559 490 1605 525 ad
1630 502 1733 526 usum
1759 492 1917 534 trigono-

119 545 306 580 metricum
331 545 586 582 adhibitorum.
613 566 657 570 —
684 546 784 590 Opus
810 552 949 590 autem,
978 559 1047 591 quo
1075 547 1143 582 sibi
1167 548 1386 592 singularem
1410 550 1550 592 paravit
1575 549 1722 594 gloriam
1746 550 1918 585 Reinhol-

119 604 196 648 dus,
223 604 457 648 perlongum
483 611 624 648 tempus
643 605 855 639 astronomis
882 606 1196 649 pretiosissimum,
1224 606 1356 640 editum
1383 615 1436 642 est
1463 618 1555 643 anno
1585 611 1681 645 1551.
1708 610 1918 654 inscriptum

121 664 281 700 Tabulae
309 664 532 700 Pru-tenicae
563 665 767 700 coelestium
802 670 972 699 motuum.
1031 665 1072 699 In
1105 665 1289 709 privilegio
1323 666 1484 701 Caesaris
1520 666 1671 711 longiori
1711 672 1918 703 enumerata

119 727 174 758 est
199 723 310 758 series
334 722 517 767 librorum,
543 732 633 766 quos
661 722 820 758 edendos
841 723 907 757 sibi
932 729 1173 768 proposuerat
1191 722 1426 767 Reinholdus,
1455 725 1514 767 qui
1541 735 1610 768 quo
1628 725 1745 760 minus
1773 726 1917 760 ederen-

71 824 76 828 .
118 787 178 815 tur
208 786 436 825 praematura
466 786 580 815 morte
613 785 668 814 est
698 781 888 825 impeditus
917 782 1084 825 (decessit
1115 781 1340 816 Reinholdus
1376 792 1469 815 anno
1498 782 1604 827 1553,
1642 794 1773 819 annum
1805 795 1915 829 agens

117 840 161 874 42
220 841 241 883 ).
291 838 487 874 Plurimum
514 839 739 874 Reinholdus
772 839 809 873 in
833 839 902 873 1100
937 850 1044 883 opere
1078 839 1204 874 tribuit
1240 839 1454 885 Copernico,
1490 851 1596 883 quem
1624 842 1825 878 „Atlantem
1860 844 1914 878 vel

117 898 363 934 Ptolemaeum
388 897 563 933 alterum‘·'
591 899 771 943 nominat,
807 898 952 933 tabulae
978 908 1079 942 vero,
1114 909 1202 943 quas
1237 898 1337 942 operi
1371 909 1435 933 suo
1468 897 1529 933 ille
1556 899 1761 943 addiderat,
1797 903 1915 937 minus

116 957 317 992 Reinholdo
344 957 505 1002 placent:
536 957 638 998 „Etsi
656 956 860 991 constitutis
879 956 1189 992 observationibus
1215 957 1538 992 demonstrationes
1558 962 1593 992 et
1610 962 1771 995 motuum
1788 972 1915 998 causas

120 1015 360 1051 eruditissime
385 1015 544 1059 tradidit,
570 1020 689 1050 tamen
717 1015 812 1050 hunc
835 1014 996 1049 laborem
1022 1015 1163 1050 tabulas
1190 1015 1422 1050 construendi
1448 1016 1536 1051 adeo
1556 1017 1703 1063 defugit,
1731 1023 1769 1054 ut
1787 1020 1816 1054 si
1837 1021 1915 1065 quis

119 1079 303 1119 computet
329 1085 373 1108 ex
398 1074 511 1118 ipsius
537 1074 757 1118 canonibus,
791 1084 836 1108 ne
862 1073 1003 1119 quidem
1029 1073 1074 1108 ad
1101 1083 1161 1108 eas
1188 1073 1457 1109 observationes
1484 1077 1704 1120 computatio
1731 1084 1914 1122 congruat,

118 1132 248 1177 quibus
274 1132 545 1167 fundamentum
579 1132 696 1177 operis
731 1132 905 1168 innititur.
954 1132 1080 1177 Itaque
1113 1131 1253 1167 collatis
1281 1132 1467 1176 Copernici
1502 1132 1810 1170 observationibus
1835 1147 1915 1171 cum

116 1192 320 1226 Ptolemaeo
347 1197 381 1226 et
400 1191 618 1235 Hipparcho,
647 1191 734 1226 alias
762 1190 904 1226 tabulas
929 1190 1078 1231 institui,
1104 1201 1251 1236 quarum
1270 1202 1373 1225 usum
1398 1202 1481 1226 mox
1500 1193 1695 1230 ostendam.
1737 1195 1816 1239 Ego
1839 1196 1914 1240 jam

116 1260 228 1284 annos
261 1255 399 1294 septem
425 1250 506 1284 huic
533 1249 647 1284 labori
672 1250 831 1293 impendi
855 1250 891 1284 in
916 1249 971 1284 his
997 1249 1151 1293 publicis
1182 1249 1332 1284 miseriis
1368 1253 1402 1283 et
1434 1249 1502 1284 1100
1527 1251 1619 1286 tristi
1645 1253 1783 1295 patriae
1807 1254 1914 1295 bello,

114 1307 374 1352 aliquantisper
401 1308 551 1344 exulans
577 1319 656 1343 cum
681 1308 834 1352 familia,
861 1313 897 1343 et
923 1309 1139 1343 exercitatus
1158 1307 1301 1347 morbis,
1327 1307 1426 1342 luctu
1450 1308 1645 1345 domestico
1672 1317 1706 1346 et
1731 1313 1783 1347 rei
1808 1313 1912 1348 fami-

113 1366 210 1401 liaris
237 1367 471 1411 detrimentis,
499 1378 604 1412 quam
631 1377 763 1411 augere
787 1366 996 1411 potuissem,
1025 1366 1053 1401 si
1072 1371 1308 1411 quaestuosas
1338 1376 1466 1410 operas
1493 1374 1554 1403 aut
1579 1368 1814 1406 divinationes
1832 1372 1914 1406 huic.

114 1425 190 1459 utili
222 1430 258 1460 et
291 1424 431 1459 erudito
465 1424 580 1460 labori
613 1424 796 1469 praeferre
828 1425 1054 1459 voluissemf‘
1120 1424 1347 1459 Desumsisse
1382 1435 1421 1460 se
1463 1427 1512 1460 ait
1549 1437 1569 1462 a
1596 1429 1792 1472 Copernico
1825 1431 1913 1465 nihil

113 1483 229 1529 aliud,
263 1493 367 1528 quam
404 1483 672 1518 observationes
706 1488 741 1518 et
775 1483 1143 1524 „demonstrationum
1177 1482 1371 1527 vestigia“,
1405 1493 1559 1520 canones
1594 1496 1676 1520 vero
1712 1488 1912 1532 aequalium

111 1546 271 1577 motuum
302 1547 338 1577 et
363 1543 737 1586 prosthaphaereseon
764 1552 957 1587 omnesque
982 1541 1140 1586 reliquos
1176 1541 1219 1576 de
1250 1552 1341 1576 novo
1377 1553 1415 1577 se
1440 1543 1659 1589 condidisse,
1693 1545 1729 1580 in
1762 1558 1911 1592 quorum

111 1601 293 1636 nonnullis
326 1601 433 1636 aliam
463 1611 611 1645 prorsus
655 1600 830 1635 rationem
866 1604 1011 1635 secutus
1052 1600 1097 1633 sit
1135 1600 1471 1636 convenientiorem.
1529 1602 1910 1647 Prosthaphaeresium

110 1659 252 1694 tabulas
273 1659 413 1703 judicat
452 1664 548 1694 retro
580 1664 615 1694 et
640 1670 746 1703 porro
772 1658 818 1693 ad
851 1663 964 1694 totam
997 1658 1120 1692 mundi
1153 1658 1380 1693 durationem
1417 1661 1623 1704 servituras,
1658 1662 1740 1696 anni
1776 1663 1909 1708 magni-

111 1718 269 1753 tudinem
295 1724 329 1753 et
355 1719 545 1753 maximam
571 1718 663 1752 Solis
690 1717 938 1762 obliquitatem
970 1727 1013 1751 ex
1046 1717 1116 1751 illis
1143 1717 1188 1752 ad
1214 1717 1363 1761 quodvis
1395 1724 1535 1764 tempus
1571 1722 1757 1765 supputari
1789 1733 1909 1768 posse,

111 1777 262 1822 eclipses
288 1777 373 1812 hinc
398 1777 529 1813 certius
554 1776 712 1821 praedici
738 1786 804 1810 nec
829 1786 899 1810 non
925 1780 1020 1810 retro
1047 1777 1234 1820 supputari
1261 1787 1385 1821 posse,
1412 1788 1518 1823 quam
1545 1789 1588 1812 ex
1606 1779 1783 1822 prioribus
1809 1782 1908 1815 tabu-

110 1836 165 1876 lis,
191 1837 325 1872 aditum
353 1837 506 1880 denique
530 1835 610 1870 illas
636 1835 861 1879 praebituras
888 1834 933 1869 ad
958 1835 1074 1870 fontes
1099 1835 1198 1879 ipsos
1225 1835 1322 1879 apud
1345 1835 1590 1871 Ptolemaeum
1617 1841 1652 1871 et
1676 1837 1910 1881 Copernicum

109 1894 373 1938 intelligendos.
400 1915 443 1920 —-
468 1895 510 1928 In
542 1893 780 1938 supputandis
806 1893 1200 1937 'prosthaphaeresibus
1234 1898 1269 1928 et
1294 1904 1377 1928 vera
1402 1895 1712 1939 aequinoctiorum
1745 1907 1910 1940 praeces-

111 1954 210 1988 sione
245 1953 480 1998 Copernicum
512 1953 684 1998 sequitur.
740 1952 843 1986 Hanc
874 1950 985 1985 tradit
1018 1951 1178 1995 regulam
1221 1953 1482 1996 computandae
1516 1954 1796 1997 praecessionis:
1832 1956 1908 1997 „Ad

112 2012 235 2047 datum
260 2016 403 2055 tempus
429 2011 557 2055 collige
583 2021 628 2044 ex
654 2021 789 2045 canone
815 2009 1017 2053 aequalium
1043 2015 1202 2045 motuum
1228 2015 1300 2045 tam
1326 2011 1512 2056 aequalem
1537 2016 1671 2046 motum
1688 2014 1909 2056 praecessio-

109 2072 181 2115 nis,
215 2081 320 2116 quam
354 2070 553 2105 anomaliae
587 2069 767 2113 simplicis.
816 2069 886 2103 Per
918 2068 1136 2113 duplicatam
1162 2080 1246 2103 vero
1280 2069 1493 2104 anomaliam
1526 2070 1708 2112 ingressus
1735 2082 1908 2107 canonem

109 2129 491 2174 prosthaphaeresium
515 2127 821 2172 aequinoctiorum
848 2138 1001 2171 excerpe
1026 2128 1367 2172 prosthaphaeresin
1394 2139 1435 2163 ac
1461 2129 1610 2163 emenda
1636 2140 1713 2163 eam
1737 2140 1802 2174 per
1826 2141 1906 2175 par-

111 2193 180 2222 tem
208 2187 523 2232 proportionalem,
550 2187 579 2221 si
605 2198 693 2231 opus
720 2191 787 2223 est.
836 2187 892 2221 Ita
916 2197 1000 2221 vero
1019 2187 1242 2221 emendatam
1269 2187 1517 2230 aequationem
1543 2188 1712 2223 subtrahe
1741 2189 1796 2224 vel
1814 2190 1906 2225 adde

110 2246 250 2290 aequali
274 2245 397 2289 motui,
424 2245 453 2280 si
480 2244 662 2289 duplicata
689 2245 864 2280 anomalia
890 2245 1004 2280 minor
1022 2245 1078 2279 vel
1095 2245 1209 2289 major
1227 2245 1406 2280 exstiterit
1423 2245 1682 2283 semicirculo.“
1722 2248 1905 2284 Calculum

109 2304 283 2339 maximae
310 2305 403 2339 Solis
429 2303 651 2347 obliquitatis
678 2304 873 2339 seeundum
900 2304 1135 2348 Copernicum
1161 2304 1236 2347 init,
1265 2304 1364 2338 addit
1390 2309 1508 2338 autem
1536 2316 1635 2340 suam
1660 2307 1772 2350 ipsius
1796 2308 1905 2342 ratio-

109 2372 202 2397 nem.
248 2363 542 2398 Praecessionem
567 2362 718 2397 mediam
743 2362 843 2405 ponit
868 2363 935 2397 50*
964 2363 1041 2397 12⁰¹
1068 2363 1133 2396 5¹¹“
1152 2362 1243 2402 SM,
1270 2363 1361 2397 Solis
1388 2364 1690 2399 eccentricitatem
1714 2367 1904 2401 maximam

111 2424 294 2464 computat
311 2421 466 2464 partium
483 2421 585 2464 4170,
611 2420 791 2454 minimam
817 2420 919 2463 3219,
945 2419 1103 2464 qualium
1121 2420 1385 2455 semidiameter
1403 2423 1557 2457 eccentri
1576 2423 1667 2458 Solis
1687 2429 1742 2458 est
1761 2426 1904 2460 100000.

109 2479 253 2511 Annum
278 2477 455 2512 sidereum
480 2478 583 2522 ponit
609 2479 676 2514 365
704 2478 736 2512 d.
764 2478 812 2513 6¹³
839 2480 869 2513 9¹
896 2479 974 2522 391‘,
1000 2479 1179 2522 tropicum
1204 2479 1359 2513 medium
1385 2481 1451 2515 305
1479 2481 1510 2515 d.
1537 2482 1582 2516 5¹¹
1606 2482 1662 2518 49‘
1690 2483 1765 2518 16¹2
1793 2504 1836 2510 —
1862 2484 1902 2518 In

109 2534 246 2570 calculo
271 2534 490 2579 reliquorum
514 2536 740 2578 planetarum
766 2536 962 2571 Ptolemaei
987 2537 1091 2571 simul
1116 2542 1151 2572 et
1177 2538 1365 2582 Copernici
1388 2539 1562 2574 rationem
1590 2540 1762 2584 explicat,
1789 2541 1901 2575 illam-

110 2604 179 2637 que
203 2593 386 2637 praeferre
410 2594 560 2630 videtur.
588 2614 624 2618 —
658 2594 830 2629 Omnibus
848 2596 1049 2640 praeceptis
1068 2596 1113 2630 ad
1139 2607 1242 2630 usum
1260 2597 1457 2631 tabularum
1479 2597 1605 2640 juncta
1625 2603 1707 2632 sunt
1725 2599 1899 2644 exempla,

107 2652 261 2686 maxima
280 2661 324 2685 ex
342 2655 442 2695 parte
461 2651 624 2686 desumta
645 2662 663 2686 e
682 2653 753 2686 vita
771 2653 918 2694 Alberti‚
945 2653 1164 2688 Marchionis
1183 2654 1550 2698 Brandenburgensis,
1569 2655 1678 2689 Ducis
1695 2655 1900 2701 Borussiae,

108 2710 202 2754 quod
228 2711 385 2745 imitatus
412 2709 640 2753 Keplerus
666 2711 701 2744 in
729 2710 874 2746 Tabulis
902 2712 1138 2755 Rudolphinis
1165 2712 1329 2756 exempla
1362 2713 1469 2757 elegit
1496 2723 1538 2746 ex
1571 2712 1642 2746 vita
1668 2713 1899 2757 Imperatoris

106 2768 305 2812 Rudolphi.
353 2767 541 2802 Dedieavit
566 2767 788 2802 Reinholdus
822 2780 911 2813 opus
938 2780 1040 2805 suum
1066 2770 1215 2805 Alberto
1240 2769 1439 2812 indiditque
1465 2769 1610 2804 Tabulis
1636 2771 1778 2806 titulum
1802 2773 1898 2808 Pru-

110 2826 309 2861 tenicarum
338 2830 396 2867 „ut
422 2826 514 2860 sciat
538 2826 741 2870 posteritas,
767 2826 983 2863 liberalitate
1000 2828 1141 2863 Alberti
1165 2839 1230 2862 nos
1255 2828 1396 2871 adjutos
1423 2838 1501 2862 esse
1521 2833 1556 2862 et
1572 2829 1721 2865 Alberto
1748 2831 1897 2875 gratiam

107 2883 151 2918 ab
175 2884 229 2929 iis,
257 2884 385 2927 quibus
410 2884 618 2928 profuturae
636 2885 718 2928 sint,
746 2884 900 2920 deberi.“
945 2886 1179 2930 Computatae
1198 2887 1342 2920 tabulae
1360 2891 1441 2920 sunt
1458 2886 1501 2920 ad
1520 2887 1752 2923 meridianum
1770 2889 1896 2933 Regio-

106 2946 325 2986 montanum,
353 2942 454 2986 cujus
480 2941 554 2986 poli
579 2941 729 2976 altitudo
757 2944 925 2977 statuitur
950 2943 1013 2977 54⁰
1040 2945 1106 2978 17¹.
1156 2943 1379 2978 Reinholdus
1413 2949 1596 2989 comparat
1622 2947 1754 2989 passim
1779 2946 1896 2981 Ptole-

106 3000 198 3034 maei
220 3000 396 3035 rationem
415 3012 493 3035 cum
513 3000 766 3046 Copernicana,
792 3011 908 3044 neque
933 3012 1015 3036 vero
1034 3012 1189 3047 unquam
1206 3002 1304 3036 illum
1322 3002 1621 3047 deprehendimus
1639 3004 1744 3048 plane
1764 3004 1895 3049 Coper«

106 3059 184 3094 nico
210 3059 503 3104 consentientem,
530 3069 602 3093 non
627 3070 703 3094 eam
729 3065 824 3095 certe
851 3061 895 3094 ob
923 3070 1076 3104 causam,
1103 3059 1199 3104 quod
1215 3059 1286 3094 utri
1301 3060 1434 3104 primas
1452 3061 1607 3096 deferret
1625 3062 1751 3097 dubius
1770 3063 1893 3098 haere-

105 3116 183 3163 bat,
211 3118 275 3154 sed
299 3117 394 3164 quod
418 3119 613 3155 astronomi
641 3119 738 3155 illius
763 3120 892 3155 aetatis
919 3120 1105 3166 Copernici
1129 3129 1219 3164 opus
1244 3130 1369 3164 parum
1393 3126 1621 3166 perspectum
1652 3121 1831 3157 habebant
1856 3124 1892 3158 et
