2126 3388
964 134 1072 172 1628.
1831 140 1914 183 911

109 264 145 294 et
170 268 236 303 ego
272 257 363 293 scire
398 255 579 301 cupimus,
615 264 661 289 an
694 252 815 288 adhuc
845 252 953 286 animi
988 252 1051 295 sit,
1089 251 1297 296 Merganiae
1330 252 1569 290 Phaethontis
1603 255 1698 291 illius
1732 260 1768 290 te
1802 256 1922 292 currui

109 316 311 353 vehendum
337 313 587 351 committere?
637 312 675 347 Si
706 311 816 352 facis,
849 314 929 345 utut
954 311 1087 346 intuitu
1113 310 1228 355 primo
1254 310 1372 345 minus
1407 313 1596 356 probabile
1631 313 1766 349 factum
1798 313 1920 348 videa-

107 381 177 421 tur,
204 386 271 411 nec
297 375 479 410 fortunam
513 376 634 419 tamen
659 369 924 414 accusabimus,
951 379 1017 404 nec
1041 369 1269 414 prudentiam
1294 374 1410 414 tuam,
1437 376 1477 405 ut
1502 372 1562 415 qui
1588 372 1753 416 sciamus,
1779 377 1815 407 et
1839 382 1918 407 coe-

108 433 182 469 lum
215 432 299 475 tibi,
334 431 409 465 filio
435 440 518 475 suo,
551 435 612 464 tuo
646 428 772 464 merito
802 427 923 462 favere
950 431 984 462 et
1011 437 1094 461 vere
1119 432 1154 462 te
1187 427 1276 461 nihil
1306 427 1525 473 inconsulte,
1561 430 1651 465 nihil
1681 434 1816 465 temere
1842 441 1918 465 sus-

109 495 300 536 cepturum
337 499 434 533 esse,
477 488 610 532 quippe
650 497 730 522 cum
769 485 879 521 seculi
916 489 1026 529 atque
1067 490 1275 529 magnatum
1312 486 1470 521 omnium
1502 488 1625 531 genios
1661 488 1918 533 possidentem,

109 555 185 585 tum
220 558 339 584 rerum
375 545 618 591 praesentium
660 544 815 578 maxime
853 552 1021 587 gnarum,
1066 542 1285 588 futurarum,
1329 544 1360 578 si
1395 545 1475 587 quis
1512 545 1624 590 alius,
1661 546 1918 591 providentem.

110 608 176 642 His
212 606 313 641 addit
337 606 586 648 Berneggerus
621 603 653 637 d.
683 604 713 637 4.
743 602 985 647 Septembris:
1023 602 1144 637 Habes
1175 603 1233 637 hic
1259 613 1280 637 a
1304 602 1379 637 filia
1403 604 1544 647 literas,
1578 604 1635 638 cui
1668 616 1782 650 nuper
1805 606 1827 640 8
1852 606 1920 640 lm-

110 666 264 711 periales
296 664 376 699 misi
408 663 624 707 Durlacum,
660 662 826 696 redactos
863 673 881 698 e
914 662 993 696 libri
1032 662 1083 696 tui
1115 662 1297 697 distractis
1339 661 1603 706 exemplaribus
1641 663 1804 698 omuibus
1842 664 1921 698 rcli-

112 725 205 769 quis.
254 724 347 760 Nam
373 722 531 767 priorum
558 721 714 765 pretium
741 722 828 765 filio,
857 721 952 765 quod
980 720 1061 764 scis,
1089 725 1316 755 numeratum
1342 725 1406 755 est.
1457 719 1585 755 Eidem
1610 720 1694 764 filio,
1720 721 1776 756 vel
1801 722 1922 767 potius

111 783 227 828 ipsius
252 781 397 818 nomine
424 779 648 815 Schickardo
673 779 755 814 misi
781 790 896 824 nuper
921 780 968 815 20
993 778 1161 823 florenos,
1190 789 1280 822 quos
1306 778 1446 812 monitu
1471 777 1567 813 filiae
1591 783 1676 814 tuae
1701 790 1721 813 a
1738 780 1781 815 D.
1800 779 1922 814 Fridio

112 840 251 885 repetii.
300 840 455 874 Mutatio
486 838 654 872 fortunae
685 837 831 882 patroni
862 837 913 872 tui
947 837 1097 872 mirifice
1131 837 1282 872 mutavit
1316 837 1375 871 hic
1409 837 1546 872 animos
1579 837 1762 872 hominum
1796 843 1832 873 et
1861 837 1922 872 ali-

116 899 259 944 quando
286 898 434 933 meliora
461 907 618 943 sperare,
646 902 744 932 certe
770 896 877 931 exilia
902 901 1028 931 nostra
1053 906 1127 930 non
1151 900 1312 930 metuere
1332 894 1470 930 suadet.
1490 916 1535 922 —
1554 895 1740 939 Significat
1763 896 1818 931 his
1836 897 1921 931 Ber·

113 968 292 1003 neggerus
317 956 394 991 fata
419 956 687 991 Wallensteinii
711 966 776 1000 per
801 959 974 990 aestatem
1001 954 1085 988 anni
1114 954 1223 999 1628,
1256 954 1394 988 frustra
1419 959 1634 998 occupatum
1659 954 1922 1000 Stralsundum,

115 1016 219 1060 cujus
245 1014 384 1050 obsidio
411 1013 514 1049 finita
545 1019 601 1049 est
625 1014 727 1049 initio
753 1014 920 1059 Augusti,
949 1018 984 1049 et
1010 1013 1275 1058 negotiationes
1311 1012 1354 1047 de
1385 1023 1476 1057 pace
1509 1024 1588 1047 cum
1614 1013 1738 1048 Danis.
1786 1014 1922 1058 Argen-

114 1078 318 1108 toratenses
350 1072 455 1107 nimis
491 1072 715 1108 confidenter
748 1084 805 1108 res
838 1084 929 1117 quae
962 1077 1037 1107 tum
1064 1072 1283 1116 gerebantur
1312 1071 1514 1116 judicasse,
1549 1083 1594 1106 ex
1626 1071 1681 1107 his
1706 1072 1923 1107 Danielis

114 1131 376 1177 Lipstorpii
410 1131 456 1166 ad
487 1131 720 1166 W'ilhelmum
755 1130 1016 1166 Schickardum
1049 1130 1180 1174 literis,
1213 1130 1306 1164 datis
1337 1130 1505 1165 Lubecae
1540 1131 1571 1166 d.
1612 1131 1665 1165 is.
1699 1130 1922 1171 Novembris,

118 1195 289 1235 apparet:
317 1189 505 1236 Omnia-in
530 1190 635 1234 pejus
661 1194 789 1234 ruunt;
827 1189 1018 1224 Germania
1045 1189 1178 1234 ubique
1204 1188 1392 1223 devastata
1413 1188 1488 1232 jam
1514 1190 1690 1232 cernitur,
1717 1188 1922 1224 academiae

118 1248 258 1293 sopitae
279 1249 422 1292 jacent3
460 1248 530 1283 imo
556 1253 717 1284 nostrum
744 1247 980 1283 Rostochium
1015 1258 1130 1292 nuper
1155 1249 1208 1283 16.
1235 1246 1400 1282 Octobris
1434 1251 1686 1290 strategemate
1718 1247 1922 1282 securitatis

119 1316 161 1341 ex
187 1307 380 1351 improviso
399 1309 614 1350 occupatum
639 1307 708 1341 fuit
726 1318 746 1341 a
766 1307 864 1341 Duce
882 1306 1133 1351 Friedlandio,
1161 1306 1244 1340 dum
1270 1304 1438 1349 antiquus
1465 1315 1587 1340 eorum
1613 1305 1833 1349 capitaneus,
1861 1305 1922 1349 qui

119 1365 202 1399 olim
220 1364 405 1409 vallorum,
432 1376 624 1406 murorum,
644 1376 823 1400 armorum
842 1364 1082 1399 conditionem
1099 1375 1164 1408 per
1181 1374 1295 1398 annos
1313 1363 1452 1408 aliquot
1471 1363 1732 1407 exploraverat,
1751 1363 1922 1398 deficiens

118 1426 225 1467 atque
243 1423 278 1457 in
297 1422 414 1459 officio
427 1423 539 1458 Ducis
551 1422 771 1458 Friedlandii
786 1423 1015 1465 constitutus,
1026 1426 1170 1467 praeter
1185 1432 1284 1467 spem
1304 1422 1411 1457 ullius
1429 1422 1637 1457 inferendae
1654 1422 1806 1466 injuriae
1825 1422 1923 1466 (quia.

121 1480 196 1515 fere
223 1485 366 1516 centum
391 1481 503 1516 millia
521 1480 742 1516 thalerorum
761 1480 1039 1516 contributionis
1057 1480 1136 1516 loco
1154 1481 1420 1526 pependerant)
1447 1481 1599 1515 civitatis
1626 1480 1803 1515 exteriora
1828 1480 1924 1514 valla

121 1538 284 1574 adoritur
309 1543 345 1574 et
370 1551 450 1575 cum
476 1550 580 1574 nemo
606 1539 802 1581 resisteret,
829 1538 927 1573 dedit
952 1549 990 1573 se
1017 1538 1124 1573 certis
1150 1540 1416 1575 conditionibus
1442 1538 1691 1583 Friedlandio;
1719 1538 1780 1573 ille
1806 1539 1923 1573 omnia

120 1597 335 1642 academiae,
362 1598 516 1633 civitatis
543 1609 586 1633 ac
611 1597 795 1641 religionis
823 1597 1008 1641 privilegia
1026 1596 1249 1633 confirmavit
1269 1599 1423 1643 quidem,
1450 1598 1592 1633 interim
1617 1608 1700 1632 vero
1726 1597 1822 1632 mille
1841 1597 1923 1632 viris

119 1661 296 1700 occupata
320 1661 476 1691 tenetur.
529 1656 690 1692 Studiosi
716 1666 839 1691 omnes
865 1655 940 1690 fere
965 1660 1116 1700 propter
1141 1667 1305 1692 annonae
1323 1659 1511 1692 caritatem
1529 1657 1758 1702 aufugerunt,
1782 1656 1924 1700 profes-

120 1723 220 1748 sores
246 1719 282 1749 et
307 1715 532 1750 auditoribus
559 1720 595 1751 et
623 1714 811 1759 stipendiis
843 1714 1017 1748 hactenus
1049 1714 1181 1758 privati
1217 1714 1371 1751 fuerunt.
1421 1715 1528 1750 Initio
1555 1715 1686 1750 mensis
1712 1714 1924 1750 Novembris

119 1782 185 1806 arx
210 1772 258 1807 bie
281 1774 411 1818 Rreml'e
434 1774 527 1808 Duci
552 1773 770 1808 Friedlando
807 1783 845 1807 se
872 1771 983 1808 dedit.
1032 1772 1191 1814 Legatos
1217 1774 1315 1818 apud
1339 1774 1477 1808 Daniae
1502 1783 1622 1818 regem
1654 1773 1847 1815 habemus,
1880 1773 1924 1808 de

119 1841 209 1874 pace
235 1831 342 1867 credo
368 1831 576 1877 recipienda
595 1836 630 1866 et
648 1831 865 1875 quaerenda.
905 1830 1005 1865 Alios
1033 1841 1117 1865 vero
1143 1831 1240 1876 apud
1258 1831 1529 1867 Friedlandium
1556 1837 1590 1866 et
1609 1831 1712 1876 Tilly,
1738 1832 1798 1875 qui
1815 1831 1923 1867 hodie

119 1888 422 1935 Boisenburgium
448 1889 672 1935 convenient,
701 1900 809 1925 causa
836 1889 981 1933 quidem
1006 1889 1110 1924 nobis
1136 1890 1271 1934 ignota.

259 1948 419 1984 Jacobus
445 1947 658 1984 Bartschius
685 1959 714 1984 c.
739 1947 847 1983 finem
873 1948 958 1983 anni
982 1948 1028 1984 ad
1052 1948 1250 1993 Keplerum
1276 1948 1420 1984 transiit
1446 1949 1648 1994 Saganum,
1684 1958 1765 1983 eum
1790 1948 1826 1983 in
1853 1947 1922 1983 cal·

120 2006 207 2042 culis
233 2007 435 2051 adjuturus.
464 2028 505 2031 -

257 2065 315 2099 Ex
350 2065 592 2110 Ephemeride
627 2065 711 2100 anni
744 2066 853 2101 1628:
895 2066 970 2108 „2o.
997 2066 1079 2101 Jan.
1111 2066 1250 2110 Pragae
1286 2069 1323 2101 in
1357 2076 1440 2101 arce
1473 2065 1654 2109 Caesaris,
1689 2065 1768 2101 loco
1792 2065 1924 2101 idoneo

121 2128 240 2158 erecto
258 2129 424 2158 sextante
440 2125 638 2170 Byrgiano,
666 2123 802 2159 affabre
820 2129 965 2169 parato,
992 2125 1245 2170 praesentibus
1263 2129 1298 2159 et
1320 2124 1530 2168 juvantibus
1556 2129 1631 2158 arte
1656 2124 1781 2168 peritis
1800 2125 1923 2159 obser—

120 2180 279 2216 vavimus
312 2181 463 2228 eclipsin
488 2183 649 2218 Lunae.“
702 2181 982 2219 Observationes
1017 2184 1108 2218 aeris
1133 2184 1273 2228 Pragae
1307 2193 1421 2228 usque
1446 2183 1482 2218 in
1515 2182 1623 2217 finem
1648 2182 1799 2226 Aprilis,
1824 2183 1924 2226 Majo

125 2250 211 2284 „per
236 2240 448 2276 Bohemiam
473 2246 509 2276 et
534 2240 810 2286 Palatinatum“,
836 2241 946 2276 Junio
975 2253 1060 2286 „per
1085 2242 1274 2277 Bavariam
1300 2246 1335 2276 et
1360 2241 1567 2285 Noricum“,
1592 2240 1690 2275 Julio
1718 2252 1803 2285 „per
1819 2241 1924 2275 Nori·

124 2308 215 2342 cum,
242 2298 462 2343 Bohemiam,
488 2298 675 2334 Lusatiam
693 2303 728 2333 et
746 2298 944 2334 Silesiam“.
996 2301 1084 2336 Cum
1110 2301 1204 2335 circa
1231 2300 1266 2335 S.
1292 2299 1421 2335 Jacobi
1453 2299 1642 2335 transirem
1666 2304 1832 2334 montosa
1857 2300 1926 2333 Bo-

123 2356 275 2399 hemiae,
302 2357 521 2392 frumentum
547 2356 665 2392 adhuc
690 2358 823 2401 passim
848 2358 885 2393 in
902 2357 991 2394 flore
1009 2363 1096 2402 erat,
1124 2357 1300 2403 postridie
1325 2362 1445 2393 tamen
1463 2358 1498 2392 in
1517 2358 1735 2402 planitiebus
1752 2358 1924 2393 Lusatiae

120 2415 195 2458 jam
227 2415 303 2450 falx
334 2414 594 2450 immittebatur
627 2415 663 2449 in
700 2418 885 2450 messem.“
936 2417 1103 2462 Augusto
1138 2423 1173 2451 et
1207 2416 1408 2461 Septembri
1445 2417 1598 2461 „Sagani
1632 2418 1678 2453 ad
1709 2417 1923 2459 Boberumn,

125 2473 272 2508 Octobri
298 2478 333 2508 et
356 2473 552 2509 Novembri
580 2473 636 2516 „in
661 2473 811 2509 Lusatia
838 2478 874 2510 et
897 2485 964 2519 per
989 2474 1191 2510 Silesiam“.
1229 2476 1283 2511 31.
1309 2475 1386 2511 Oct.
1415 2475 1584 2511 Goerlicii
1615 2476 1817 2512 observatio
1843 2485 1924 2510 con-

121 2531 317 2575 jtmctionis
343 2531 444 2566 Jovis
473 2536 508 2566 et
534 2531 673 2567 Lunae.

264 2590 420 2624 Decreta
447 2589 610 2624 ordinum
636 2589 861 2626 Linciorum:
889 2592 926 2638 3,
948 2591 1050 2626 Julii.
1098 2591 1179 2626 Joh.
1205 2591 1350 2636 Kepler,
1376 2601 1500 2637 wegen
1524 2601 1736 2636 recompens
1761 2593 1841 2628 vmb
1868 2592 1925 2627 die

127 2649 291 2684 verehrte
317 2648 477 2684 Tabulas
502 2648 755 2693 Rudolphinas
781 2649 853 2684 vnd
879 2649 1066 2694 erlassung
1092 2650 1210 2685 seines
1237 2650 1418 2694 gehabten
1445 2650 1572 2685 dienst.

264 2709 306 2742 In
333 2707 390 2742 die
416 2706 569 2752 gebetne
593 2707 815 2751 Erlassung,
849 2708 903 2742 als
935 2708 1027 2742 auch
1060 2708 1096 2742 in
1131 2707 1187 2742 die
1217 2708 1419 2751 Abraitung
1451 2709 1580 2743 wollen
1614 2708 1671 2742 die
1696 2708 1814 2743 Herrn
1838 2708 1925 2743 Ver·

129 2765 303 2801 ordneten
328 2765 454 2800 hiemit
479 2764 661 2809 gewilligt,
688 2765 760 2799 vnd
787 2765 868 2799 dem
887 2765 1145 2809 Supplicanten
1170 2766 1207 2800 in
1233 2766 1406 2810 abschlag
1429 2778 1474 2801 zu
1501 2768 1618 2801 seiner
1642 2766 1926 2802 raissnottdurfft

130 2825 198 2861 200
223 2824 357 2868 gulden
390 2834 456 2858 aus
489 2822 570 2857 dem
594 2822 789 2856 Einnemer
814 2822 924 2858 Ambt
957 2836 1002 2859 zu
1039 2823 1203 2859 bezallen
1235 2823 1458 2866 angeschafft
1493 2824 1619 2859 haben.
1669 2824 1736 2859 Die
1761 2825 1793 2858 4.
1820 2825 1923 2859 Julii:

129 2886 162 2919 J.
188 2883 323 2928 Kepler
347 2892 470 2926 wegen
495 2882 619 2916 seinen
644 2880 702 2916 bei
728 2880 790 2915 der
814 2881 1078 2917 Lanndschafft
1107 2881 1276 2925 ligenden
1301 2882 1407 2925 geltS.
1434 2902 1477 2907 —
1502 2882 1584 2917 Fiat
1609 2884 1680 2917 vnd
1703 2884 1819 2920 sollen
1845 2887 1925 2922 dem

131 2942 392 2987 Supplikanten
410 2942 449 2977 (51
472 2940 506 2974 fl.
533 2940 620 2974 baar
635 2941 756 2975 bezalt
773 2940 845 2975 vnd
863 2940 927 2975 das
945 2941 1046 2985 ybrig
1071 2941 1165 2983 aber,
1194 2951 1284 2976 wass
1304 2941 1374 2975 vnd
1393 2952 1432 2976 so
1458 2941 1504 2976 vil
1522 2941 1598 2976 sich
1624 2942 1660 2977 in
1676 2943 1848 2988 richtiger
1865 2945 1924 2980 ab-

128 3001 271 3045 raitung
288 3000 455 3036 befinden
473 3000 587 3045 thuet,
606 2999 662 3034 ein
681 2999 918 3045 gebreuchige
936 2999 1133 3044 obligation
1149 3000 1312 3043 begerter
1328 3010 1470 3035 massen
1488 3001 1752 3047 angehendiget
1768 3006 1924 3043 werden.

133 3079 174 3084 —-
193 3060 252 3104 (In
267 3058 487 3094 bibliotheca
503 3058 700 3094 Viennensi
716 3059 1016 3103 deprehendimus
1042 3059 1301 3102 delegationem
1326 3069 1549 3105 caesaream,
1576 3060 1695 3096 datam
1714 3063 1745 3097 d.
1763 3064 1819 3100 10.
1838 3065 1926 3110 Maji

133 3117 234 3163 1628,
261 3128 331 3164 qua
352 3117 518 3163 jubetur,
551 3122 591 3154 ut
617 3127 662 3152 ex
688 3117 826 3154 aerario
859 3117 974 3154 aulico
1002 3117 1159 3165 Keplero
1185 3118 1344 3156 solvatur
1376 3128 1514 3156 summa
1541 3120 1652 3157 11817
1676 3120 1924 3173 florenorum.)
