2126 3388
197 191 282 237 966
874 192 958 228 Vita
983 191 1134 227 Joannis
1158 190 1318 236 Kepleri.

197 313 386 362 pecuniae
426 310 615 358 angustiis
653 310 818 347 amicum
859 311 909 347 ab
952 310 1131 347 omnibus
1173 309 1429 348 incommodis
1472 308 1675 347 defendere
1707 321 1782 347 non
1813 314 1985 359 possent,

201 376 328 407 tamen
362 370 488 406 omnia
519 368 707 413 fecerunt,
753 374 792 404 nt
824 369 948 405 amico
981 368 1065 404 viro
1097 368 1218 405 vitam
1249 368 1399 416 Pragae
1432 369 1526 404 satis
1558 367 1699 404 bonam
1733 373 1770 405 et
1801 368 1987 406 tolerabi-

198 428 272 465 lem
313 426 524 464 redderent.
597 424 724 472 Quum
768 430 897 462 autem
941 429 979 463 et
1019 430 1244 473 aegrotante
1285 432 1322 463 et
1364 430 1515 462 mortuo
1553 424 1761 473 Rudolpho
1802 427 1840 461 in
1879 427 1986 475 regia

200 485 404 522 multarum
435 494 558 520 rerum
591 483 840 519 commutatio
874 483 975 520 facta
999 487 1111 529 esset,
1144 485 1235 520 novi
1256 483 1431 520 homines
1453 481 1649 530 Rudolplii
1683 484 1866 520 ministris
1897 495 1987 521 suc-

201 543 419 586 cessissent,
461 545 539 576 tum
580 541 692 577 amici
725 551 879 588 quoque
918 540 1107 588 Keplero,
1152 552 1293 578 novam
1333 541 1572 588 eandemque
1614 540 1918 588 tranquilliorem
1950 546 1988 578 et

200 600 302 635 vitae
333 603 370 634 et
401 597 615 634 studiorum
646 596 776 635 sedem
799 599 1019 646 quaerenti,
1051 609 1127 635 non
1150 598 1265 636 modo
1297 610 1372 636 non
1404 599 1635 642 restiterunt,
1669 597 1735 635 sed
1769 599 1883 636 etiam
1914 601 1988 636 im-

201 658 303 705 pigre
336 655 374 691 id
405 655 591 703 agebant,
626 660 666 692 ut
698 656 732 692 ei
773 655 1012 693 conditiones
1055 661 1282 704 quaererent
1324 657 1418 694 satis
1461 661 1583 701 tutas,
1623 666 1722 703 quae
1755 655 1889 693 Lincio
1927 657 1988 692 in-

201 717 338 751 ventae
369 718 478 759 sunt,
513 714 548 749 in
571 712 786 761 Superioris
809 713 988 751 Austriae
1021 714 1126 752 urbe.
1189 713 1275 761 Quo
1300 719 1341 752 ut
1372 719 1574 752 vocaretur
1594 713 1785 762 Keplerus
1817 715 1989 763 inprimis

201 775 333 808 auctor
375 775 455 807 erat
495 771 595 807 Baro
650 772 876 808 Erasmus
924 771 980 809 de
1025 770 1371 821 Staremberg,
1416 773 1481 820 qui
1519 776 1555 808 et
1595 770 1753 819 Kepleri
1796 773 1832 807 in
1876 772 1989 809 rebus

205 829 473 865 astronomicis
504 839 654 865 summo
687 829 840 877 ingenio
868 829 974 877 justa
1007 830 1254 875 attribueret,
1300 836 1337 867 et
1368 832 1403 866 in
1438 829 1732 877 quaestionibus
1771 831 1890 867 sacris
1922 842 1991 867 ea-

202 885 286 923 dem
319 897 403 923 cum
436 885 502 923 illo
535 887 704 932 sentiret,
739 891 775 924 et
807 888 932 935 ipsum
956 886 1149 925 bominem
1181 889 1337 924 maximi
1363 889 1592 925 aestimaret.
1635 886 1737 923 Huic
1769 888 1841 935 ipsi
1864 887 1986 936 pluri-

203 955 303 980 mum
338 943 470 989 debet,
515 943 618 992 quod
650 945 926 993 benignissime
959 944 1095 981 Lincio
1128 951 1310 994 exceptus
1350 957 1438 982 mox
1471 944 1748 994 amplissimam
1782 946 1991 982 amicorum

201 1001 337 1038 habuit
369 1002 644 1049 cognitionem,
689 1003 755 1050 qui
787 1003 908 1040 vitam
941 1003 975 1040 ei
1004 1002 1216 1050 jucundam
1248 1004 1416 1041 facerent
1456 1008 1493 1040 et
1533 1002 1700 1040 vitalem.
1763 1003 1986 1040 Amicorum

204 1059 302 1096 enim
334 1058 483 1107 Pragae
515 1059 733 1097 relictorum
766 1065 894 1108 partes
926 1066 1180 1108 susceperunt
1211 1062 1305 1098 socii
1340 1060 1525 1098 Ordiuum
1557 1061 1773 1109 Superioris
1798 1062 1989 1107 Austriae,

202 1117 407 1166 praecipue
439 1116 495 1153 illi
528 1118 594 1166 qui
627 1119 724 1155 inter
747 1117 916 1155 Comites
948 1123 1058 1155 erant
1080 1123 1117 1155 et
1139 1119 1312 1169 Equites,
1346 1118 1586 1167 eundemque
1609 1130 1684 1155 non
1717 1118 1831 1156 modo
1865 1123 1991 1156 astro-

204 1185 404 1212 nomorum
436 1175 648 1224 principem
678 1176 977 1222 honoraverunt,
1011 1175 1080 1213 sed
1113 1178 1230 1213 etiam
1262 1178 1562 1225 promtissimum
1586 1176 1799 1214 studiorum
1832 1176 1990 1224 adjuto-

204 1243 281 1269 rem
323 1236 361 1269 et
402 1233 659 1271 consultorem
699 1245 773 1271 nou
807 1235 932 1270 minus
973 1245 1089 1281 quam
1130 1234 1323 1272 hominem
1364 1236 1401 1270 in
1443 1235 1616 1271 coetibus
1652 1234 1989 1282 jucundissimum.

206 1289 282 1327 Sed
315 1301 400 1327 cum
433 1291 566 1328 amieis
600 1303 754 1341 quoque
776 1291 1038 1340 Pragensibus
1070 1291 1270 1340 multiplex
1304 1298 1384 1330 erat
1405 1291 1562 1340 Kepleri
1595 1295 1882 1338 commercium,
1915 1303 1990 1329 non

205 1348 330 1385 minus
364 1348 539 1396 epistolis
572 1348 672 1387 datis
705 1355 742 1388 et
773 1352 955 1398 acceptiS,
990 1361 1104 1398 quam
1127 1351 1328 1387 itineribus
1351 1350 1506 1399 publice
1528 1349 1693 1398 Pragam
1718 1350 1840 1396 factis,
1875 1361 1991 1398 quum

204 1410 293 1454 post
316 1405 510 1455 Rudolphi
542 1412 702 1445 mortem
731 1408 892 1456 jubente
926 1407 1092 1445 Matthia
1123 1409 1353 1457 imperatore
1387 1408 1486 1445 idem
1509 1409 1717 1445 astronomi
1752 1410 1991 1457 imperatoris

205 1463 371 1501 officium
404 1466 593 1503 retineret.
655 1465 728 1503 Per
759 1467 924 1503 amicum
958 1465 1095 1503 deinde
1127 1465 1323 1503 Remum
1355 1465 1545 1514 Keplerus
1579 1466 1805 1503 consiliariis
1837 1477 2000 1514 quoque

204 1522 296 1558 novi
328 1522 569 1570 imperatoris
602 1523 894 1561 commendatus
926 1535 1013 1562 mox
1047 1524 1217 1561 omnium
1249 1536 1438 1561 summam
1470 1525 1633 1572 gratiam
1657 1524 1820 1573 adeptus
1853 1529 1922 1570 est,
1956 1529 1994 1561 et

204 1580 321 1615 variis
367 1580 413 1617 de
454 1580 667 1630 astrologia
707 1580 962 1620 relationibus
1004 1581 1052 1619 ad
1098 1581 1184 1619 illos
1222 1583 1369 1629 missis,
1409 1586 1446 1619 et
1485 1581 1679 1619 nonnullis
1719 1582 1992 1631 opusculorum

204 1635 403 1677 dedicatis.

340 1695 456 1733 Brevi
487 1701 693 1745 postquam
725 1696 916 1746 Keplerus
948 1697 1123 1734 Lineium
1156 1698 1342 1745 pervenit,
1376 1708 1461 1734 cum
1488 1698 1809 1745 ⁴1³1¹·gentoratensi
1842 1698 1992 1747 profes-

203 1764 289 1791 sore
320 1752 535 1792 Matthia
567 1754 892 1805 Berneggero
938 1759 1116 1804 coeptum
1159 1760 1216 1792 est
1254 1755 1449 1792 literarum
1483 1757 1772 1800 commercium,
1813 1756 1901 1793 inde
1942 1757 1991 1792 ab

204 1821 305 1847 anno
341 1815 448 1850 1613
482 1824 606 1860 usque
637 1813 685 1850 ad
719 1825 752 1851 a.
792 1817 899 1851 1630
933 1825 1057 1862 paene
1090 1818 1330 1862 perpetuum.
1382 1812 1533 1860 Quibus
1565 1815 1601 1848 in
1626 1814 1800 1861 epistolis
1821 1814 1992 1863 plerum-

204 1880 277 1916 que
309 1869 546 1907 brevissimis
578 1872 744 1908 maxime
774 1872 901 1919 agitur
933 1871 978 1908 de
1012 1870 1169 1909 edendis
1204 1876 1239 1908 et
1265 1870 1475 1908 vendendis
1497 1870 1654 1919 Kepleri
1677 1872 1869 1919 operibus,
1901 1884 1993 1920 par-

204 1927 271 1963 tim
313 1938 466 1976 quoque
509 1927 555 1966 de
593 1928 882 1967 Austriacorum
935 1929 1122 1967 nobilium
1159 1928 1267 1976 filiis,
1317 1930 1382 1977 qui
1426 1929 1724 1977 Argentoratum
1779 1929 1992 1967 studiorum

205 1996 321 2022 causa
343 1991 539 2032 venerunt,
572 1998 595 2023 a
615 1986 783 2035 Keplero
816 1987 1072 2025 commendati
1103 1988 1245 2032 amieo,
1281 1985 1447 2035 denique
1480 1986 1525 2024 de
1559 1988 1719 2036 privatis
1749 1988 1865 2024 rebus
1895 1989 1992 2025 scri-

203 2042 327 2089 bitur,
371 2044 544 2092 inprimis
576 2044 622 2082 de
654 2045 821 2082 ineundo
855 2044 1057 2083 Susannae
1099 2045 1202 2081 filiae
1234 2045 1493 2082 matrimonio.
1556 2044 1700 2081 Eodem
1734 2056 1810 2094 quo
1842 2057 1992 2094 semper

203 2099 340 2137 solitus
372 2106 429 2139 est
460 2106 592 2150 aperto
625 2103 752 2140 animo
786 2114 844 2141 res
876 2115 965 2141 suas
998 2104 1200 2152 proposuit
1230 2104 1376 2148 amico,
1410 2114 1494 2139 cum
1529 2107 1566 2140 et
1596 2102 1786 2140 liberrime
1819 2102 1864 2141 de
1897 2115 1992 2141 con-

200 2156 412 2196 ditionibus
445 2159 587 2197 diceret
627 2160 701 2197 sibi
741 2161 887 2207 allatis,
930 2167 972 2198 ut
1003 2168 1070 2199 aut
1103 2161 1303 2198 Bononiae
1336 2160 1485 2209 Magini
1526 2162 1664 2197 mortui
1703 2166 1831 2208 partes
1863 2163 1992 2199 susci-

199 2220 324 2264 peret,
357 2221 424 2254 aut
455 2218 493 2254 in
526 2217 707 2266 Angliam
741 2221 911 2266 veniret,
944 2225 1011 2256 aut
1041 2219 1240 2267 Saganum
1271 2220 1342 2256 iret
1374 2231 1394 2254 a
1429 2218 1710 2256 Wallenstenio
1743 2224 1922 2266 vocatus,
1955 2224 1992 2256 et

201 2275 365 2311 amicum
409 2280 581 2323 rogaret,
631 2287 722 2313 num
765 2288 810 2314 ex
851 2288 890 2314 re
938 2281 1109 2315 censeret
1147 2278 1444 2324 Argentoratum
1487 2275 1697 2325 proficisci,
1747 2282 1789 2313 ut
1827 2276 1907 2314 illic
1945 2276 1991 2314 de

201 2331 343 2369 tabulis
374 2331 634 2382 Rudolphinis
666 2334 818 2371 scholas
850 2334 1022 2374 haberet.
1072 2334 1116 2371 In
1140 2334 1317 2371 omnibus
1339 2346 1462 2383 paene
1495 2334 1615 2371 literis
1637 2334 1847 2382 Keplerum
1881 2334 1992 2372 vide-

200 2400 284 2426 mus
327 2395 364 2427 et
405 2390 592 2428 auxilium
624 2396 661 2429 et
694 2393 895 2430 consilium
936 2393 984 2430 ab
1025 2394 1149 2431 amico
1192 2397 1340 2440 petere,
1386 2403 1468 2429 raro
1508 2391 1555 2429 de
1596 2391 1734 2429 studiis
1775 2398 1842 2429 aut
1872 2392 1991 2430 literis

200 2447 343 2494 scribit,
376 2449 548 2498 inprimis
587 2460 672 2486 cum
704 2462 774 2487 sua
807 2463 829 2487 a
861 2451 1118 2500 Berneggeri,
1164 2449 1348 2487 historiae
1387 2455 1423 2487 ct
1463 2449 1709 2498 eloquentiae
1752 2450 1989 2499 professoris,

200 2504 338 2542 studiis
368 2505 521 2554 longius
553 2507 745 2545 abessent.
798 2508 854 2546 Eo
887 2509 1126 2557 frequentius
1158 2509 1272 2545 amici
1306 2518 1424 2555 opera
1457 2509 1586 2554 utitur,
1620 2514 1662 2544 nt
1694 2507 1871 2555 diximus,
1905 2520 1991 2546 cum

200 2567 268 2600 aut
299 2574 384 2600 curn
415 2564 583 2602 librariis
615 2566 715 2614 agit,
757 2572 824 2603 aut
856 2578 1014 2615 operum
1052 2577 1208 2604 suorum
1251 2577 1368 2614 quam
1407 2565 1573 2614 plurima
1605 2566 1781 2615 exempla
1825 2567 1990 2604 vendere

201 2625 267 2658 aut
298 2632 402 2659 raros
433 2622 550 2660 libros
581 2624 768 2672 inspicere
801 2624 903 2670 vult,
938 2636 1023 2662 cum
1054 2625 1257 2674 pecuniam
1290 2628 1356 2660 aut
1388 2623 1616 2672 exigendam
1649 2628 1717 2661 aut
1747 2624 1878 2662 liberis
1909 2630 1991 2661 tra-

202 2677 363 2716 dendam
396 2685 514 2718 curat.
577 2680 685 2728 Quae
719 2683 847 2719 omnia
879 2682 1005 2720 officia
1037 2683 1085 2720 ab
1118 2683 1240 2720 amico
1273 2680 1466 2729 Keplerus
1498 2682 1652 2719 minime
1684 2683 1881 2730 petiisset,
1914 2682 1987 2718 nisi

202 2736 284 2783 ejus
315 2738 490 2775 intimum
523 2739 692 2776 animum
724 2744 761 2776 et
793 2740 1035 2778 voluntatem
1067 2740 1279 2777 officiosam
1311 2740 1464 2788 penitus
1496 2740 1773 2789 perspexisset,
1807 2751 1892 2777 cum
1925 2739 1988 2777 ille

202 2795 377 2832 omnibus
409 2796 567 2845 Kepleri
599 2796 798 2835 desideriis
831 2809 871 2835 se
902 2799 1202 2847 promtissimnm
1235 2797 1404 2843 offerret,
1444 2798 1476 2834 si
1509 2797 1600 2846 quid
1642 2799 1735 2834 novi
1766 2797 1987 2834 mandatum

203 2856 321 2898 esset,
353 2855 497 2901 gratias
527 2859 680 2903 ageret,
723 2857 852 2893 omnia
884 2868 930 2894 ex
961 2856 1119 2906 Kepleri
1151 2856 1342 2893 sententia
1373 2860 1539 2901 curaret,
1582 2866 1732 2904 semper
1761 2860 1918 2904 paratus
1951 2861 1989 2893 et

204 2909 353 2955 agendo
396 2917 433 2948 et
472 2911 706 2950 consulendo
746 2914 858 2951 amici
896 2925 956 2951 res
992 2915 1140 2962 juvare.
1203 2913 1494 2950 Studiosissime
1534 2917 1661 2950 autem
1702 2913 1987 2950 matrimonium

203 2965 358 3015 Kepleri
399 2968 498 3006 filiae
538 2981 623 3007 cum
654 2971 855 3009 Bartschio
897 2971 1105 3009 ineundum
1144 2975 1300 3011 tractat,
1341 2982 1435 3007 suae
1475 2969 1576 3007 domi
1618 2971 1770 3019 nuptias
1812 2976 1985 3019 apparat,

205 3023 354 3061 absenti
384 3026 506 3064 amico
538 3026 747 3066 laetissime
780 3034 817 3066 et
849 3040 970 3078 paene
1008 3029 1107 3067 elate
1148 3029 1326 3076 nunciat,
1370 3028 1462 3076 quid
1493 3029 1704 3077 paraverit,
1748 3033 1986 3078 quantopere

205 3090 275 3116 sua
306 3092 395 3120 cura
426 3089 462 3121 et
494 3083 691 3132 diligentia
722 3087 759 3122 in
791 3086 992 3124 clarissimi
1025 3088 1096 3124 viri
1128 3087 1245 3124 filiam
1277 3086 1452 3124 adhibita
1483 3091 1520 3124 et
1542 3085 1717 3122 omnibus
1741 3085 1986 3134 Argentorati

207 3137 354 3176 civibus
385 3146 423 3177 et
453 3141 709 3190 professorum
741 3142 904 3192 collegio
937 3145 1186 3194 comprobata
1216 3145 1278 3182 sit⁴
1323 3143 1409 3194 Quo
1441 3155 1488 3183 ex
1519 3144 1686 3181 virorum
1717 3154 1789 3181 usu
1821 3149 1858 3183 et
1878 3155 1986 3182 com-
