2126 3388
936 220 1037 256 1600.
1793 212 1875 257 723

220 344 257 378 4.
291 340 386 379 Dies
417 339 574 379 feriatos
605 339 698 377 mihi
729 338 944 378 liberrimos
974 339 1167 389 relinquet
1197 343 1235 376 et
1266 336 1314 375 ad
1346 348 1458 376 saera
1489 341 1527 375 et
1549 335 1598 374 ad
1618 346 1705 374 mea
1726 334 1879 385 privata

82 398 224 438 studia.
256 421 313 426 —-

221 464 498 509 Marginalia
523 464 767 510 Tychonis.
817 464 882 499 Ad
906 475 1017 499 num.
1036 464 1070 500 2.
1094 464 1249 509 priorem
1267 467 1426 508 partem:
1456 462 1576 505 „Haec
1594 470 1776 506 nunquam
1793 459 1881 504 petii

83 532 149 558 nec
174 527 294 568 peto.“

223 582 284 616 Ad
311 593 420 618 num.
447 581 479 617 3.
525 581 659 623 ⁷,Prout
677 582 831 617 voluerit
856 582 893 616 in
910 582 965 617 his
984 581 1106 627 faciat,
1132 593 1249 627 neque
1278 591 1368 625 opus
1388 580 1606 615 indicatione
1622 579 1682 614 hic
1701 577 1758 613 vel
1775 585 1880 621 prae-

84 639 280 684 scriptione
313 639 406 686 ulla,
443 650 522 674 cum
557 649 623 683 ego
655 639 708 674 illi
732 640 768 674 in
794 639 849 675 his
881 651 953 675 non
978 644 1052 675 tam
1079 641 1204 675 stricte
1237 640 1355 674 omnia
1386 649 1496 683 urgeo
1522 648 1587 672 nec
1613 637 1687 672 ursi
1713 646 1881 680 unquam.
1903 660 1907 661 γ

83 698 174 733 Volo
209 704 248 734 ut
280 698 394 732 libera
426 698 613 733 voluntate
647 698 766 733 omnia
799 698 888 733 fiant
921 709 986 744 pro
1013 698 1265 734 commoditate
1291 698 1361 733 loei
1386 702 1422 732 et
1447 698 1638 742 temporis,
1666 701 1737 730 tam
1765 693 1883 739 quoad

85 766 151 801 me,
179 766 286 800 quam
312 755 429 799 quoad
455 755 607 799 ipsum&

223 813 285 848 Ad
310 825 424 849 num.
453 814 486 849 4.
517 813 690 857 „Quando
717 813 887 858 prohibui
919 813 976 849 vel
1002 813 1110 849 ullam
1142 815 1360 849 mentionem
1384 814 1453 848 hac
1487 813 1530 848 de
1555 823 1593 847 re
1621 812 1710 856 feei,
1746 822 1824 847 cum
1852 814 1887 844 et

87 870 260 906 studiosis
286 871 374 906 meis
401 871 436 906 id
462 871 616 907 libenter
640 872 817 907 faciamffffl

228 930 304 964 Hos
331 935 367 965 et
390 930 530 975 priores
556 931 805 975 paragraphos
832 930 1009 975 pactionis
1028 931 1234 975 Tychonem
1261 931 1354 964 inter
1381 934 1416 964 et
1442 929 1650 973 Keplerum,
1677 928 1754 963 sine
1781 926 1887 961 dubio

89 988 196 1024 etiam
220 987 300 1022 viva
324 998 412 1022 voce
431 993 543 1032 actos,
570 989 907 1024 intermediantibus
932 989 1150 1024 Jessenio
1185 995 1220 1024 et
1244 988 1522 1024 Hoffmanno
1557 989 1594 1022 in
1619 988 1713 1022 hane
1738 986 1888 1021 formam

90 1046 257 1082 redactos
284 1047 455 1082 exhibent
481 1048 624 1083 codices
650 1048 894 1083 Viennenses:
923 1044 1075 1093 Quibus
1108 1046 1394 1083 conditionibus
1428 1046 1464 1080 in
1495 1044 1693 1094 Tyehonis
1726 1044 1889 1092 gratiam

92 1104 128 1139 in
160 1102 390 1140 Bohcmiam
422 1115 508 1141 cum
540 1115 659 1142 uxore
693 1103 903 1142 concedere
937 1106 1116 1153 cogitem.

232 1165 267 1200 1.
301 1162 402 1199 Ante
435 1163 564 1199 omnia
594 1162 858 1212 impetrandas
890 1167 948 1200 est
980 1173 1190 1200 consensus
1223 1162 1297 1199 mei
1329 1162 1592 1210 magistratus.
1644 1160 1743 1197 Nam
1766 1160 1798 1196 si
1818 1158 1892 1195 hoc

92 1231 167 1257 non
200 1220 436 1269 impetretur,
469 1223 525 1258 sic
557 1226 597 1258 ut
629 1221 811 1259 salarium
835 1220 1053 1270 Styriacum
1076 1221 1196 1258 nihilo
1229 1222 1354 1257 minus
1388 1221 1550 1257 retinere
1572 1220 1728 1269 possim,
1762 1219 1894 1255 omnia

93 1289 193 1328 quae
226 1278 289 1315 vel
320 1278 509 1317 hactenus
541 1286 628 1318 aeta
660 1286 761 1326 sunt,
795 1279 856 1317 vel
889 1281 927 1316 in
960 1285 1157 1329 posterum
1189 1284 1364 1327 agentur,
1398 1279 1504 1315 irrita
1536 1282 1636 1314 sunt.

231 1340 269 1374 2.
309 1334 362 1375 Ut
398 1336 631 1387 Magnificus
675 1344 712 1376 et
751 1337 974 1376 Generosus
1018 1338 1067 1376 D.
1110 1337 1245 1387 Tycho
1293 1342 1441 1374 sumtus
1484 1338 1611 1374 itineri
1653 1334 1893 1373 necessarios

91 1394 183 1432 mihi
217 1394 456 1445 suppeditet,
502 1396 562 1434 vel
594 1398 626 1434 si
657 1399 793 1434 metuit
825 1401 867 1433 nt
908 1397 1020 1433 nimis
1063 1397 1134 1433 sim
1174 1400 1420 1444 sumtuosus,
1453 1394 1556 1432 dicat
1588 1405 1678 1443 ergo
1711 1393 1895 1430 aestima-

92 1455 196 1491 tione
226 1453 341 1501 saeta,
375 1462 562 1503 quantum
594 1455 688 1492 mihi
721 1456 907 1505 pecuniae
940 1466 1008 1504 pro
1040 1456 1176 1492 itinere
1210 1453 1447 1492 conficiendo
1481 1459 1517 1490 et
1549 1463 1685 1499 uxore,
1718 1452 1897 1502 privigna

93 1520 132 1550 ct
163 1511 305 1550 ancilla
336 1523 422 1550 cum
446 1525 521 1551 una
542 1514 662 1552 rheda
694 1521 732 1552 et
753 1513 1075 1564 supellectilibus,
1108 1518 1296 1562 quantum
1329 1512 1400 1549 sub
1434 1511 1501 1548 illa
1533 1511 1652 1548 rheda
1683 1521 1750 1560 per
1782 1520 1897 1546 sexa-

93 1572 202 1620 ginta
232 1570 411 1608 milliaria
443 1571 672 1611 adducenda
703 1571 951 1623 suppeditare
985 1572 1098 1618 velit,
1130 1578 1172 1608 ut
1205 1571 1415 1609 deliberare
1457 1582 1605 1608 meeum
1637 1569 1800 1619 possim,
1848 1579 1895 1604 au

95 1628 289 1666 sufficiant
320 1641 452 1668 necne.

235 1691 272 1725 3.
306 1687 402 1725 Cum
434 1689 677 1738 proposuerit
707 1688 801 1726 mihi
834 1687 882 1728 G.
906 1688 953 1727 Ι).
976 1687 1112 1738 Tycho
1144 1687 1398 1725 habitationis
1430 1687 1518 1724 loca
1550 1686 1736 1735 Pragam,
1771 1684 1897 1721 Bran-

97 1744 251 1793 disium,
285 1745 563 1794 Boleslaviam,
596 1747 836 1793 BcnaUcam,
869 1759 979 1784 suam
1003 1749 1124 1797 ipsius
1146 1746 1300 1783 domum
1325 1747 1360 1782 in
1385 1757 1484 1791 aree,
1520 1746 1588 1782 etsi
1614 1749 1768 1794 propter
1790 1754 1898 1780 corn-

97 1803 324 1842 moditatem
355 1805 570 1843 studiorum
603 1806 668 1842 diu
702 1806 885 1843 inclinavi
919 1807 955 1842 in
988 1805 1087 1842 hanc
1108 1810 1269 1855 partem,
1303 1804 1613 1842 commodissime
1636 1815 1695 1840 me
1718 1804 1754 1838 in
1778 1802 1898 1851 ipsius

98 1861 259 1900 aedibus
291 1863 573 1901 habitaturum:
617 1871 745 1902 tamen
778 1876 816 1902 re
850 1863 1144 1912 diligentissime
1178 1863 1390 1901 deliberata
1423 1863 1599 1908 invenio,
1642 1861 1767 1898 solam
1805 1859 1899 1896 mihi

99 1920 267 1969 Pragam
301 1921 532 1970 eligendam.
595 1922 764 1959 Primum
798 1921 995 1969 conclave,
1030 1921 1133 1971 quod
1167 1921 1258 1958 mihi
1292 1921 1478 1968 destinat,
1512 1931 1587 1957 non
1621 1925 1678 1956 est
1709 1918 1757 1955 ad
1791 1929 1899 1955 com-

97 1978 253 2016 modam
295 1979 576 2018 habitationem
617 1983 866 2026 instructum,
911 1986 1014 2018 caret
1052 1980 1183 2017 multis
1222 1981 1441 2028 requisitis,
1488 1990 1586 2027 quae
1628 1977 1781 2014 nonnisi
1814 1987 1899 2012 cum

99 2042 227 2075 sumtu
261 2045 548 2088 comparantur,
583 2045 624 2076 ut
656 2039 702 2077 dc
734 2039 1041 2089 supellectilibus
1071 2039 1197 2087 Praga
1231 2037 1469 2075 adveheudis
1501 2036 1597 2073 nihil
1629 2035 1765 2074 dicam.
1818 2034 1900 2070 Etsi

100 2107 190 2134 vero
231 2099 430 2135 constituit
462 2098 595 2147 Tyeho
638 2110 714 2135 non
754 2097 879 2135 solum
919 2097 992 2134 hoc
1032 2097 1216 2134 conclave
1261 2096 1309 2133 ad
1349 2095 1661 2133 commoditatem
1700 2095 1899 2137 instrucre,

98 2153 166 2192 sed
198 2166 342 2192 novum
366 2157 480 2193 etiam
504 2168 636 2194 versus
659 2156 856 2193 meridiem
879 2155 1082 2193 aedificare
1104 2167 1172 2205 pro
1195 2166 1281 2192 mea
1303 2154 1459 2197 familia,
1494 2165 1568 2190 non
1592 2164 1749 2202 possum
1772 2158 1900 2188 tamen

99 2212 173 2250 hac
204 2213 425 2252 conditione
458 2216 665 2263 quicquam
687 2215 843 2265 pacisci,
878 2225 996 2262 quum
1019 2213 1127 2260 hacc,
1161 2225 1261 2262 quae
1287 2213 1334 2249 D.
1360 2213 1494 2262 Tyclio
1517 2213 1706 2261 proponit,
1740 2212 1777 2246 in
1800 2208 1901 2246 mul-

100 2277 225 2308 torum
268 2273 431 2310 aliorum
468 2278 660 2322 potestate
703 2274 800 2320 sint,
845 2277 887 2310 ut
917 2272 959 2309 fit
996 2273 1034 2308 in
1073 2272 1421 2310 aedificationibus.
1484 2269 1611 2318 Quare
1656 2270 1811 2306 omnino
1846 2269 1900 2304 sic

101 2331 294 2379 paciscar,
328 2337 369 2368 ut
401 2331 551 2380 Pragac
583 2342 734 2380 semper
763 2343 829 2381 per
862 2331 934 2368 hoc
965 2336 1117 2380 tempus
1149 2331 1219 2367 sim
1251 2341 1468 2366 mansurus.
1531 2328 1571 2366 Si
1606 2333 1764 2377 postea,
1806 2337 1901 2363 con-

102 2388 204 2425 clavi
237 2388 440 2427 aedificato
473 2395 510 2427 et
542 2391 767 2427 necessariis
798 2388 1104 2439 supellectilibus
1137 2390 1346 2434 instructo,
1381 2388 1462 2424 vult
1493 2386 1591 2424 alias
1625 2397 1775 2423 mecum
1806 2384 1901 2420 inire

102 2445 354 2494 conditiones,
389 2447 425 2483 id
457 2449 494 2484 in
527 2459 614 2486 mea
646 2453 683 2485 et
714 2449 842 2485 uxoris
875 2452 1066 2497 potestate
1101 2448 1182 2495 erit,
1218 2446 1383 2484 velimne
1416 2450 1618 2495 acceptare
1652 2456 1699 2481 an
1732 2443 1900 2492 pristinis

101 2504 313 2553 inhaerere,
347 2517 447 2554 quae
478 2507 594 2544 etiam
627 2507 664 2542 in
697 2518 784 2544 eum
816 2511 997 2544 eventum
1030 2506 1160 2543 valere
1193 2504 1345 2542 debent.
1398 2504 1525 2541 Debet
1556 2503 1629 2540 hoc
1653 2502 1699 2539 D.
1725 2499 1902 2550 Tychoni

104 2567 142 2599 et
171 2562 267 2599 illud
299 2563 543 2613 persuadere,
577 2564 681 2613 quod
712 2564 827 2602 facile
862 2563 977 2610 videt,
1011 2569 1078 2601 aut
1101 2564 1321 2601 diuturnum
1345 2568 1411 2599 aut
1439 2561 1648 2610 jucundum
1682 2560 1902 2597 convictum

103 2625 274 2658 nostrum
306 2633 391 2659 esse
422 2633 498 2659 non
530 2633 665 2672 posse,
699 2622 788 2659 dum
822 2622 894 2660 hac
933 2629 1143 2671 perpetuae
1176 2621 1421 2659 confusiones
1455 2620 1726 2657 oeconomicae
1757 2627 1817 2653 me
1850 2614 1899 2652 ad

103 2679 293 2716 insaniam
326 2684 363 2716 et
394 2679 442 2716 ad
465 2679 617 2717 dicendi
649 2679 909 2729 carpendique
943 2681 1277 2728 intemperantiam
1309 2679 1482 2726 adigunt.
1534 2677 1682 2722 Taceo,
1717 2674 1821 2723 quod
1853 2673 1903 2710 ad

104 2736 298 2774 cavendas
337 2737 469 2774 turbas
510 2737 741 2775 familiarum
780 2749 977 2786 nunquam
1017 2740 1110 2774 satis
1152 2737 1415 2775 conditionum
1458 2736 1543 2772 ferri
1576 2735 1708 2783 possit.
1770 2732 1902 2770 Tertio

105 2806 230 2844 neque
271 2797 353 2833 sine
394 2795 596 2832 commodo
629 2795 826 2845 Tychonis
869 2797 957 2842 erit,
1000 2797 1031 2832 si
1063 2795 1212 2843 Pragae
1256 2795 1439 2831 habitem.
1502 2791 1702 2829 Conducat
1740 2801 1808 2841 pro
1842 2800 1902 2826 me

107 2853 310 2900 conclave,
345 2854 556 2903 prospiciat
588 2853 680 2889 mihi
715 2853 759 2890 de
792 2853 928 2901 lignis,
962 2858 999 2889 et
1031 2853 1182 2900 quotics
1216 2852 1381 2899 Pragam
1414 2851 1518 2887 venit
1551 2849 1598 2887 ad
1631 2861 1691 2887 me
1724 2849 1902 2893 divertat,

105 2913 310 2961 pecuniam
348 2912 412 2950 det
443 2913 552 2948 uxori
595 2922 704 2949 meac
735 2923 803 2960 pro
848 2910 1019 2948 emendis
1052 2910 1139 2946 dum
1173 2909 1281 2946 adest
1315 2908 1569 2953 victualibus,
1615 2919 1691 2945 non
1734 2908 1903 2956 ineptam

107 2971 323 3019 experietur
363 2981 541 3019 coquam.
613 2969 724 3006 Emat
762 2980 927 3006 avenam
967 2968 1234 3013 Boleslaviae‚
1279 2966 1396 3004 vehat
1427 2968 1464 3002 in
1499 2966 1652 3013 urbem,
1695 2965 1901 3015 prospiciat

108 3029 216 3076 equis
250 3028 296 3066 de
327 3027 496 3066 stabulo.
557 3026 597 3065 Si
630 3027 724 3076 quid
755 3027 904 3076 Pragae
938 3026 1114 3065 effectum
1145 3024 1252 3071 velit,
1285 3026 1412 3062 mittat
1444 3023 1493 3061 ad
1525 3035 1584 3062 me
1617 3023 1678 3061 vel
1699 3022 1904 3061 Danielem

107 3085 170 3123 vel
201 3085 418 3124 studiosum
450 3087 640 3135 aliquem,
674 3086 929 3123 conveniatur
959 3084 1006 3122 de
1039 3082 1313 3121 hebdomadali
1346 3084 1544 3132 symposio
1574 3082 1705 3131 ibique
1731 3092 1904 3120 commo-

107 3148 209 3180 retur
240 3149 319 3181 tam
352 3144 417 3182 diu
450 3156 566 3194 quarn
599 3148 657 3182 est
688 3155 860 3182 necesse.
911 3140 974 3181 Ita
993 3142 1134 3180 multos
1166 3146 1315 3179 sumtus
1346 3143 1384 3178 in
1417 3152 1517 3179 anno
1548 3140 1722 3179 redimet.
1774 3140 1904 3177 Vicis-

107 3202 179 3238 sim
211 3212 300 3251 ego,
336 3203 486 3252 quoties
518 3207 675 3252 propter
706 3203 966 3240 astronomica
997 3199 1126 3239 studia
1158 3212 1280 3250 eaque
1310 3199 1514 3251 praecipue
1543 3210 1620 3235 non
1652 3199 1902 3238 amanuensia

1553 3253 1631 3290 47*
