2126 3388
612 199 668 235 De
692 198 814 235 amicis
840 202 876 236 et
900 197 1102 237 fautoribus
1126 199 1287 246 Kepleri.
1773 202 1856 247 961

60 330 148 358 nem
181 318 412 366 effunderet,
455 320 492 356 in
525 319 767 369 aliquantum
810 320 993 369 temporis
1035 319 1268 359 discordiam
1301 325 1338 358 et
1369 320 1530 359 dissidia
1571 321 1796 369 conflavit,
1821 326 1860 359 et

60 382 200 427 postea
231 389 399 427 quoque,
434 390 552 427 quum
585 381 621 415 in
653 380 818 428 gratiam
851 389 938 415 cum
969 378 1155 428 Tychone
1186 379 1382 427 rediisset,
1417 379 1551 418 eadem
1583 381 1709 430 erupit
1739 380 1859 417 animi

61 436 266 484 acerbitas,
301 448 386 474 cum
419 437 504 485 ejus
537 448 632 475 uxor
664 449 687 474 a
718 437 973 487 Tychoniana
1003 437 1153 475 familia
1184 449 1226 475 se
1257 449 1393 487 parum
1426 440 1622 477 aestimari
1646 445 1684 477 et
1710 439 1859 487 argenti

60 495 216 543 inopiae
238 506 373 543 parum
406 495 512 532 illum
547 495 787 534 consuluisse
810 500 1108 544 conquereretur
1140 498 1182 541 (v.
1211 507 1236 532 s.
1263 509 1298 541 p.
1326 497 1412 542 739,
1440 499 1531 543 741).
1578 497 1666 535 Huc
1698 496 1859 543 accedit,

62 551 167 601 quod
198 553 236 588 in
268 555 393 602 priore
425 553 494 591 illa
526 553 765 592 dissensione
797 552 989 603 Keplerus
1021 553 1204 591 humilius
1238 552 1485 602 deprecatus,
1520 560 1560 593 ut
1594 557 1630 593 in
1663 555 1860 605 Tychonis

63 610 229 648 officium
263 618 300 649 et
330 613 494 661 gratiam
526 612 759 661 reciperetur
790 613 924 661 petiit,
970 623 1069 660 quae
1100 623 1159 650 res
1191 613 1276 660 ipsa
1306 623 1460 661 quoque
1492 624 1626 662 parum
1660 613 1862 662 diligenter

59 668 236 717 judicata
268 669 313 707 de
346 669 506 719 Kepleri
538 671 640 707 sama
673 670 873 708 detrahere
905 671 1040 719 possit.
1103 670 1254 719 Quibus
1288 670 1333 708 de
1364 671 1479 708 rebus
1511 674 1541 708 si
1575 672 1666 721 quid
1690 672 1861 721 Keplero

65 728 283 776 objiciatur,
317 729 443 774 facile,
477 728 602 771 credo,
636 728 760 766 refelli
791 730 945 777 poterit.
986 728 1062 766 Hic
1094 730 1193 766 enim
1226 730 1390 777 primum
1424 729 1529 767 solus
1553 730 1718 779 l'ragam
1743 732 1861 776 venit,

64 786 201 834 quales
236 786 287 823 ibi
321 798 381 823 rcs
414 798 454 823 sc
487 786 692 834 haberent,
724 787 980 837 inspecturus.
1043 785 1129 835 Quo
1163 798 1248 824 cum
1283 789 1473 835 venisset,
1507 800 1530 825 a
1560 788 1714 826 Barone
1745 788 1860 826 Hoff-

66 855 209 881 manno
242 850 280 881 et
309 843 492 881 Jessenio
524 844 674 883 medico
707 845 920 884 clarissimo
954 845 1245 882 commendatus
1277 845 1522 895 Tyclroncm,
1558 849 1624 895 qui
1656 859 1742 884 cum
1774 847 1862 896 plus

63 901 184 940 semel
217 902 265 940 ad
297 914 338 940 se
372 904 607 941 invitaverat
640 909 676 941 et
709 902 896 952 quidquid
929 902 1050 940 vellet
1081 915 1167 940 eum
1200 915 1222 940 a
1253 915 1293 940 se
1323 906 1613 953 impetraturum
1638 917 1721 943 esse
1744 905 1863 954 polli-

65 961 164 998 citus
197 965 290 1007 erat,
325 972 370 998 ea
403 961 653 998 observantia
685 962 792 1008 adiit,
826 972 941 1010 quam
964 960 1098 1010 Tycho
1124 961 1294 1000 crederet
1325 963 1582 1010 professorem
1606 963 1862 1011 Gratiensem‚

63 1030 293 1068 pauperem,
336 1021 461 1068 patria
500 1019 704 1069 expulsum
747 1019 896 1058 decere.
957 1019 1133 1069 Benigne
1170 1025 1352 1068 acceptus
1394 1026 1519 1058 estet
1558 1023 1666 1060 initio
1709 1021 1864 1070 quidem

65 1089 216 1115 summa
237 1079 335 1114 inter
356 1079 460 1115 viros
484 1084 566 1115 erat
588 1078 806 1116 concordia.
849 1078 942 1115 Mox
965 1083 1106 1125 autem,
1131 1090 1216 1116 cum
1238 1077 1431 1127 Keplerus
1454 1079 1650 1118 dubitasse
1676 1080 1863 1127 videatur,

65 1147 113 1173 an
147 1136 246 1174 haec
283 1138 454 1173 amicitia
495 1147 654 1174 concors
686 1148 761 1174 non
803 1136 955 1173 stabilis
987 1138 1087 1175 foret
1119 1143 1156 1174 et
1189 1136 1386 1184 diuturna,
1430 1137 1672 1186 adjutoribus
1714 1138 1865 1176 duobus

64 1194 140 1231 illis
164 1206 261 1243 quos
284 1194 398 1232 modo
422 1194 500 1231 dixi
522 1196 654 1232 amicis
687 1196 869 1244 scriptam
901 1195 991 1232 fecit
1021 1196 1253 1244 pactionem,
1288 1207 1403 1244 quam
1436 1197 1518 1245 ipsc
1552 1203 1588 1234 et
1612 1197 1747 1247 Tycho
1769 1197 1865 1234 sub-

65 1254 312 1302 scripserunt.
376 1252 461 1301 Qua
504 1254 540 1289 in
583 1255 763 1302 pactione
803 1265 879 1290 non
919 1253 1034 1290 modo
1078 1259 1182 1291 certa
1213 1256 1378 1302 pecunia
1420 1256 1648 1301 constituta,
1691 1255 1758 1293 sed
1791 1255 1865 1292 hoc

65 1312 231 1348 maxime
258 1311 497 1360 postulatum
533 1318 600 1358 cst,
636 1318 677 1349 ut
708 1318 745 1349 et
778 1314 814 1348 in
847 1313 1012 1360 negotiis
1045 1312 1300 1350 attribuendis
1332 1312 1490 1361 Kepleri
1524 1315 1693 1362 corporis
1727 1313 1864 1350 infirmi

66 1374 104 1407 et
134 1369 318 1407 imbecilli
351 1369 481 1407 debita
512 1371 609 1407 ratio
641 1370 859 1415 haberetur,
895 1375 932 1407 et
963 1371 997 1407 ei
1030 1369 1079 1407 ad
1110 1370 1239 1408 studia
1262 1382 1332 1409 sua
1354 1372 1448 1408 satis
1480 1373 1547 1408 otii
1576 1371 1861 1411 concederetur.

66 1427 214 1477 Tycho,
250 1430 313 1476 qui
346 1439 421 1475 non
455 1430 693 1466 assuevisset
725 1428 964 1467 conditiones
998 1429 1172 1477 accipere
1205 1441 1228 1467 a
1252 1429 1460 1477 „famulis“
1493 1431 1572 1467 suis
1594 1431 1864 1479 praescriptas,

65 1488 286 1535 pactionem
319 1498 393 1524 non
427 1487 721 1535 diligentissime
754 1487 983 1525 observasse
1017 1486 1188 1534 videtur,
1231 1487 1299 1525 sed
1331 1487 1500 1536 Keplero
1543 1489 1759 1536 aegrotanti
1794 1500 1865 1526 ne-

67 1545 175 1593 gotia
206 1546 410 1594 imposuit,
456 1545 588 1594 qualia
621 1546 726 1583 obire
759 1551 827 1583 aut
856 1556 931 1582 non
965 1552 1210 1592 assueverat,
1252 1551 1319 1583 aut
1353 1557 1440 1583 cum
1470 1547 1632 1595 primum
1666 1545 1864 1596 Tychonis

69 1607 175 1640 esset
206 1605 348 1651 socius,
383 1608 485 1641 certo
517 1615 591 1641 non
625 1609 932 1652 exspectaverat,
966 1611 1007 1640 ut
1041 1604 1300 1652 epistolas
1335 1604 1724 1652 describendas,
1766 1616 1866 1653 qua-

65 1672 148 1698 rum
179 1673 296 1711 supra
323 1666 369 1708 (p.
397 1666 477 1708 7²15)
514 1662 732 1711 exemplum
774 1662 954 1699 diximus.
1016 1661 1224 1699 Praeterea
1254 1662 1447 1711 Keplerus
1485 1663 1584 1700 hanc
1627 1674 1781 1712 quoque
1816 1664 1865 1701 ob

68 1730 225 1757 causam
257 1721 462 1769 impatiens
496 1726 598 1767 erat,
634 1720 759 1769 quod,
794 1725 836 1757 ut
864 1719 980 1757 modo
1014 1720 1201 1767 diximus,
1245 1721 1380 1770 Tycho
1414 1723 1551 1759 iterum
1585 1723 1799 1770 iterumque
1832 1722 1867 1758 ei

67 1778 256 1825 instabat,
299 1785 341 1815 ut
386 1791 496 1816 suam
538 1779 583 1816 de
616 1778 716 1816 Solis
756 1785 792 1817 et
822 1778 1066 1827 planetarum
1108 1779 1284 1816 cursibus
1323 1780 1583 1828 conjecturam
1627 1781 1865 1829 argumentis

70 1837 342 1874 astronomicis
377 1837 630 1884 confirmaret,
666 1849 750 1874 cum
780 1837 854 1874 hoc
886 1837 1051 1885 aliisque
1083 1839 1251 1885 negotiis
1273 1837 1451 1887 Tychoni
1475 1837 1719 1876 elaborandis
1741 1850 1764 1876 a
1785 1839 1865 1875 suis

67 1894 206 1932 studiis
237 1894 527 1944 prohiberetur,
568 1907 689 1944 quae,
735 1896 900 1945 cognitis
931 1895 1272 1945 Tychonianorum
1306 1895 1352 1934 de
1384 1895 1510 1934 Marte
1542 1897 1700 1945 planeta
1732 1897 1868 1934 obser-

68 1954 312 2000 vationibus,
355 1958 477 1991 totum
511 1954 594 2002 ejus
627 1955 797 1991 animum
829 1959 867 1991 et
898 1953 1101 2002 implerent
1134 1959 1170 1991 et
1201 1954 1453 1993 intenderent.
1517 1954 1557 1992 Si
1590 1954 1690 1992 diem
1729 1955 1865 1992 leviori

69 2010 124 2047 illi
159 2012 348 2061 epistolae
381 2024 403 2049 a
435 2011 604 2061 Keplero
639 2012 853 2061 descriptae
887 2011 1059 2049 additam
1093 2023 1178 2049 cum
1212 2023 1257 2050 eo
1289 2017 1461 2062 tempore
1494 2013 1754 2059 conseramus,
1790 2023 1866 2061 quo

68 2070 166 2107 inter
196 2069 408 2119 Keplerum
442 2076 479 2108 et
511 2070 737 2120 Tychonem
779 2069 939 2107 dissidia
980 2069 1047 2107 illa
1079 2070 1303 2108 acciderunt
1341 2070 1523 2123 (epistola
1561 2083 1690 2109 mense
1723 2070 1866 2108 Martio

68 2129 228 2177 scripta,
271 2128 464 2177 Keplerus
496 2130 652 2166 ineunte
685 2129 810 2178 Aprili
842 2139 971 2165 mense
1004 2129 1197 2177 profectus
1230 2129 1321 2179 est),
1368 2130 1464 2167 haec
1505 2140 1579 2166 non
1623 2134 1681 2167 est
1722 2130 1866 2166 incerta

70 2187 302 2235 conjectura,
337 2186 437 2225 hanc
469 2186 531 2224 vel
562 2186 726 2224 similem
759 2186 964 2236 epistolam
987 2198 1144 2224 causam
1167 2188 1296 2234 fuisse,
1331 2199 1396 2225 cur
1419 2187 1609 2236 Keplerus
1636 2186 1684 2224 ad
1707 2187 1866 2237 Tycho-

65 2255 152 2281 nem
175 2244 344 2294 perditas
366 2245 453 2282 illas
475 2246 607 2283 literas
629 2246 784 2292 miserit,
818 2257 915 2293 quas
938 2244 963 2283 ].
985 2256 1017 2283 c,
1040 2244 1218 2283 diximus.
1263 2246 1307 2283 In
1332 2258 1408 2294 qua
1432 2245 1599 2295 epistola
1620 2245 1723 2282 haud
1749 2245 1865 2282 dubie

67 2305 212 2352 scripta
245 2308 372 2351 erant,
417 2304 550 2352 qualia
581 2303 779 2353 Tyehonis
823 2303 873 2340 ad
905 2314 1016 2340 aures
1051 2305 1180 2341 venire
1216 2315 1291 2340 non
1324 2305 1503 2342 solerent.
1567 2303 1679 2352 Quod
1713 2302 1867 2353 quidem

68 2362 191 2399 exiis
223 2367 404 2411 apparet,
449 2374 548 2410 quae
581 2362 716 2412 Tycho
748 2361 982 2399 Hoffmanno
1017 2361 1159 2398 Baroni
1200 2361 1245 2400 de
1285 2361 1351 2400 lite
1394 2363 1544 2411 scripsit
1584 2367 1621 2399 et
1661 2374 1707 2400 ex
1739 2361 1867 2399 verbis

67 2431 167 2468 quae
198 2419 390 2469 Keplerus
422 2421 506 2469 ipse
537 2426 674 2469 postea
704 2421 916 2459 revocavit.
977 2418 1086 2467 Quae
1124 2421 1321 2458 revocatio
1361 2432 1453 2458 sane
1492 2420 1708 2458 humillima
1740 2425 1797 2457 est
1828 2424 1865 2456 et

65 2489 189 2526 paene
223 2478 441 2527 desperata.
504 2478 624 2527 Cujus
656 2479 710 2516 rei
741 2478 911 2526 aliquam
943 2482 1090 2526 partem
1121 2478 1226 2516 haud
1258 2478 1372 2516 dubie
1400 2479 1685 2517 exhortationes
1719 2479 1866 2516 amico-

66 2547 149 2573 rum
180 2536 419 2584 habuerunt,
464 2537 529 2585 qui
561 2539 725 2574 maxime
766 2537 878 2572 inviti
910 2537 1034 2572 virum
1066 2541 1144 2573 tam
1177 2536 1380 2574 excellenti
1419 2538 1573 2585 ingenio
1605 2537 1732 2585 Praga
1765 2536 1866 2573 exire

67 2596 255 2641 sinerent;
289 2594 356 2632 sed
387 2596 510 2643 prima
534 2606 662 2641 causa,
697 2600 735 2632 et
756 2606 821 2632 cur
842 2593 1018 2643 Tychoni
1040 2596 1249 2631 amicitiam
1271 2596 1555 2632 renunciaverit
1587 2599 1624 2632 et
1645 2606 1710 2632 cur
1729 2599 1867 2643 postea

66 2658 109 2689 ut
139 2654 178 2688 in
211 2653 294 2701 ejus
325 2654 488 2701 gratiam
520 2654 782 2690 restitueretur
802 2653 966 2700 petierit,
999 2653 1036 2688 in
1058 2652 1215 2701 Kepleri
1243 2652 1377 2701 quales
1408 2657 1500 2690 tunc
1533 2657 1640 2691 erant
1672 2652 1864 2689 conditio-

68 2711 180 2748 nibus
210 2712 340 2759 posita
371 2716 440 2748 est.
493 2711 625 2748 Patria
656 2712 773 2756 enim,
808 2709 921 2747 domo
955 2709 1152 2759 expulsus,
1188 2709 1233 2748 de
1266 2710 1413 2748 familia
1444 2710 1630 2748 sollicitus
1662 2712 1697 2746 in
1730 2709 1860 2760 Styria

67 2768 221 2815 relicta,
266 2767 478 2817 Keplerus,
521 2780 581 2805 res
613 2780 702 2806 suas
742 2780 830 2806 mox
872 2767 921 2804 ad
963 2764 1120 2805 meliora
1151 2780 1328 2806 versuras
1360 2780 1443 2806 esse
1475 2780 1652 2817 sperans,
1694 2768 1860 2816 Pragam

66 2826 336 2875 proficiscitur,
379 2827 416 2862 in
449 2828 583 2864 itinere
624 2827 719 2863 febri
759 2832 947 2874 quartana
989 2831 1025 2863 et
1067 2826 1149 2873 ejus
1182 2837 1319 2874 corpus
1360 2826 1548 2863 infirmum
1582 2831 1619 2864 et
1649 2826 1862 2863 invalidum

70 2884 318 2922 vehementer
350 2884 536 2930 afficitur,
580 2888 618 2921 et
648 2885 788 2933 ingenii
829 2884 995 2921 acumini
1039 2883 1246 2920 offunditur
1278 2883 1402 2932 caligo
1435 2883 1671 2935 („quartana
1700 2895 1760 2921 me
1794 2884 1866 2921 ob-

69 2953 222 2980 scurum
252 2939 369 2980 facit“
403 2947 483 2979 tum
516 2943 668 2990 scripsit
699 2941 747 2978 ad
778 2938 1042 2989 Maestlinum)
1074 2946 1111 2978 et
1141 2942 1291 2978 animus
1325 2953 1500 2979 curarum
1532 2943 1644 2990 copia
1676 2942 1865 2980 sollicitus

69 3012 223 3049 prorsus
255 3001 450 3050 affligitur.
511 2999 619 3037 Talis
651 3004 732 3037 erat
763 2998 920 3048 Kepleri
952 2998 1129 3045 habitus,
1168 3010 1253 3036 cum
1285 2999 1333 3037 ad
1365 2999 1591 3048 Tychonem
1624 3001 1796 3038 venisset
1828 3005 1865 3037 et

70 3058 123 3096 ibi
155 3061 284 3096 omnia
316 3058 670 3108 exspectationibus
701 3058 781 3095 suis
813 3057 1005 3095 contraria
1038 3061 1075 3094 et
1108 3055 1260 3094 diversa
1293 3057 1465 3096 vidisset.
1508 3058 1556 3095 Et
1587 3059 1742 3095 morbus
1765 3068 1864 3106 quo-

71 3127 146 3164 que
178 3117 363 3166 quamdiu
394 3115 497 3166 apud
520 3115 745 3166 Tychonem
777 3119 858 3153 erat
887 3125 1096 3162 numquam
1129 3127 1152 3152 a
1184 3116 1267 3153 viro
1300 3115 1496 3164 discessit,
1530 3116 1640 3165 cujus
1672 3116 1865 3154 sanationi

71 3177 326 3224 sempiternus
356 3175 515 3224 Kepleri
546 3186 631 3213 cum
663 3174 830 3224 superbo
864 3174 945 3210 viro
977 3184 1069 3211 usus
1101 3174 1257 3212 minime
1288 3173 1473 3224 prodesse
1510 3179 1675 3224 poterat.
1727 3173 1862 3213 Gratio

139 3241 266 3274 Kepleri
284 3241 383 3275 Opera
397 3241 483 3269 VIII.
1542 3240 1587 3276 62
