2177 3408
505 146 743 185 Summanum
768 146 950 183 Historiae
973 146 1226 183 Astronomiae
1251 146 1372 183 seculo
1398 147 1496 184 XVI.
1818 147 1900 193 601

102 265 219 297 melius
245 267 294 297 est
327 268 533 308 existimare,
566 270 658 298 astra
689 269 812 298 moveri
835 277 895 308 per
926 265 1066 297 mobiles
1097 264 1208 308 polos,
1242 269 1279 297 ut
1304 268 1463 298 Averroes
1496 268 1597 298 etiam
1631 268 1767 298 censuit.
1817 267 1902 299 Nam

102 313 311 345 Ptolemaeus
344 323 410 344 non
442 315 601 354 affirmat,
635 316 833 345 eccentricos
859 317 917 344 aut
943 314 1108 354 epicyclos
1141 322 1227 354 esse,
1264 314 1321 343 sed
1352 324 1425 345 eam
1450 315 1538 345 viam
1574 315 1615 345 ad
1642 315 1903 356 dignoscendum

102 362 239 390 affer-tus
265 361 473 391 erraticarum
500 361 698 392 satisfacere.
749 362 840 399 Quae
867 361 1031 401 descripta
1057 363 1133 390 sunt
1159 361 1222 391 huc
1246 370 1368 402 usque,
1405 364 1526 401 maiore
1552 371 1591 393 ex
1617 365 1709 402 parto
1734 371 1755 392 a
1779 362 1899 393 Fraca-

101 411 208 437 storeo
245 406 395 438 desumta
429 412 520 449 sunt,
557 409 715 449 quoniam
741 409 874 439 veritati
899 407 1102 447 proximiora
1132 407 1330 438 videbantur
1334 433 1457 442 ,,,,,
1501 407 1636 439 Constat
1666 418 1745 438 sanc
1772 418 1809 439 ex
1837 409 1900 447 his,

102 452 259 484 coelestes
285 458 393 485 motus
419 465 477 496 per
503 456 596 485 orbes
623 459 768 485 centrum
795 455 881 485 idem
907 455 1066 485 babentes
1092 453 1173 495 fieri,
1201 457 1259 484 aut
1284 465 1342 494 per
1359 455 1526 496 simplices
1551 455 1676 494 lineas,
1704 458 1740 485 ut
1765 456 1797 485 in
1823 455 1901 487 Sole

101 509 140 530 ac
164 500 262 531 Luna
285 502 402 542 ferme,
438 503 466 532 si
492 505 598 532 motus
624 503 806 532 sectionum
831 502 1040 540 tollerentur,
1066 505 1122 532 aut
1147 511 1205 542 per
1229 499 1362 542 helices,
1389 506 1424 532 ut
1450 503 1558 532 sidera
1584 503 1692 533 omnia
1718 502 1835 532 diurno
1862 504 1899 534 iu

101 551 205 588 motu,
232 551 291 578 aut
307 557 365 588 per
384 548 532 590 reflexas,
559 547 648 578 velut
674 550 858 590 superiores
885 551 916 578 et
940 548 1110 579 inferiores
1136 557 1279 589 errones,
1306 548 1382 578 dum
1400 551 1543 590 propriis
1562 550 1706 580 motibus
1730 550 1766 580 in
1791 549 1900 588 longi-

100 593 249 624 tudinem
272 593 548 635 latitudinemque
574 595 724 626 feruntur
749 597 832 628 etc.“

240 649 340 693 Quae
368 650 552 685 Cardanus
585 650 780 694 profecerit
814 651 849 684 in
881 649 1135 693 arithmeticis,
1169 650 1415 686 contentiones
1440 651 1474 686 in
1501 663 1590 696 quas
1626 651 1791 687 inciderit
1816 664 1896 688 cum

99 707 266 743 Tartalea
300 708 343 743 dc
379 708 643 744 inventionibus
677 708 908 752 algebraicis,
946 708 1074 753 partim
1112 709 1250 742 notiora
1284 713 1384 751 sunt,
1418 710 1547 753 partim
1576 710 1690 744 minus
1719 711 1901 754 attingunt

98 766 303 801 institutum
328 772 512 807 nostrum,
538 778 643 812 quam
669 778 760 810 quae
787 767 949 810 pluribus
976 766 1232 801 examinemus.
1289 767 1402 810 Quam
1428 767 1473 801 ob
1500 779 1573 802 rem
1599 769 1707 804 misso
1739 770 1902 804 (ardano

99 825 144 859 ad
182 825 290 859 alium
327 829 570 860 astronomum
608 824 782 859 celebrem
822 824 962 859 illorum
997 829 1199 867 temporum
1237 824 1447 868 transimus,
1486 825 1667 861 Petrum
1708 828 1903 862 Nonium

100 884 284 927 (Nunnez]
314 883 556 918 Salaciensem
583 882 718 925 (natum
749 883 853 927 1492,
887 886 1067 917 mortuum
1093 893 1124 916 a.
1153 882 1266 925 1577).
1315 882 1506 918 Professor
1531 884 1733 919 matheseos
1759 886 1796 920 in
1822 896 1900 921 aca-³

99 941 215 976 demia
243 941 533 985 Conimbricensi,
561 940 844 985 cosmographus
871 941 1000 986 regius,
1027 952 1107 975 eum
1133 941 1293 985 priorum
1319 941 1454 986 scripta
1479 945 1515 977 et
1545 942 1747 986 aequalium
1773 954 1900 988 magno

100 1000 232 1044 ingenii
250 1000 412 1035 acumine
431 1000 686 1044 interpretatus
706 1003 760 1033 est
779 1004 888 1044 atque
912 999 1094 1035 recensuit
1112 999 1337 1043 (Sacrobosci
1356 1000 1563 1045 Sphaeram,
1582 1001 1775 1036 Purbachii
1800 1003 1904 1038 theo-

106 1058 191 1102 rica,
217 1058 383 1093 Werneri
407 1058 682 1103 Noribergensis
709 1057 978 1092 observationes
1005 1063 1040 1092 et
1067 1057 1226 1093 calculos
1252 1058 1525 1102 astronomicos,
1553 1060 1683 1104 Apiani
1708 1064 1744 1096 et
1761 1061 1900 1096 Orontii

104 1116 228 1150 Finaei
255 1116 390 1160 scripta
416 1117 633 1151 examinavit
658 1116 852 1161 multisque
879 1116 1133 1151 additamentis
1159 1116 1373 1160 illustravit,
1407 1117 1587 1161 Alphonsi
1612 1118 1770 1163 tabulas,
1798 1131 1900 1164 prae-

103 1175 208 1219 cipue
234 1174 479 1219 Alphonsinos
507 1175 549 1209 de
576 1175 819 1218 trepidatione
846 1174 1003 1209 calculos
1029 1174 1242 1216 emendavit,
1269 1174 1447 1210 Alhazeni
1463 1176 1592 1211 Arabis
1619 1176 1662 1211 dc
1680 1177 1904 1222 crepusculis

102 1232 234 1267 librum
261 1232 403 1276 edidit),
442 1237 518 1266 tum
546 1233 619 1267 suis
646 1233 790 1276 scriptis
816 1233 1072 1275 astronomiae,
1109 1231 1261 1267 mathesi
1287 1237 1322 1267 et
1347 1234 1415 1267 arti
1442 1234 1684 1278 navigatoriae
1711 1237 1904 1272 consuluit.

105 1291 280 1335 [Tratado
307 1292 350 1326 de
378 1291 516 1335 Spem-a
545 1291 643 1326 1537.
702 1291 755 1325 De
789 1295 866 1326 arte
902 1295 1012 1335 atque
1043 1291 1181 1326 ratione
1213 1291 1404 1334 navigandi
1433 1294 1530 1328 1537.
1582 1294 1635 1329 De
1672 1295 1902 1340 Crepusculis

107 1349 206 1386 1542.
256 1350 374 1395 Opera
398 1350 506 1384 Nonii
533 1349 628 1384 edita
655 1360 687 1384 a.
714 1350 818 1392 1566,
843 1350 967 1394 1592.)
1016 1350 1070 1384 Dc
1096 1349 1219 1384 circuli
1245 1349 1436 1392 divisssone,
1470 1352 1527 1386 cui
1558 1352 1665 1387 hodic
1692 1363 1820 1388 nomen
1848 1359 1903 1390 est

102 1409 282 1450 ,‚Nonius“
312 1410 367 1453 (ea
394 1420 465 1453 qua
490 1408 598 1443 hodie
624 1412 777 1443 utuntur
802 1419 873 1442 non
899 1408 944 1443 ad
970 1407 1145 1449 Nonium,
1179 1409 1242 1443 sed
1281 1408 1325 1443 ad
1350 1409 1497 1443 Petrum
1522 1411 1753 1457 Vernierum,
1790 1413 1902 1448 virum

98 1469 190 1502 iuter
216 1466 338 1502 Gallos
365 1467 618 1502 mathematica
641 1465 749 1500 laude
774 1465 974 1510 florentem,
1001 1466 1193 1501 referenda
1217 1471 1272 1501 cst
1298 1472 1482 1502 auctorem
1508 1469 1632 1513 (1631)
1648 1498 1655 1512 ,
1689 1480 1794 1514 quem
1827 1472 1902 1515 qui-

104 1526 183 1561 dem
209 1526 326 1570 ipsum
352 1526 553 1560 Nonianam
580 1525 790 1559 divisionem
817 1524 851 1558 in
877 1535 978 1559 suam
1003 1535 1078 1559 rem
1105 1526 1327 1560 convertisse
1352 1527 1546 1571 putaveris)
1572 1528 1704 1563 haecce
1730 1529 1764 1563 in
1791 1529 1904 1565 altero

101 1584 193 1620 libro
224 1584 509 1629 „problematum
536 1582 857 1628 geometricorum“
886 1583 1190 1628 deprehendimus
1208 1583 1340 1619 relata:
1371 1585 1545 1629 „Propter
1570 1586 1797 1622 instrumenti
1824 1600 1905 1632 par-

99 1643 245 1677 vitatem
270 1653 343 1677 non
369 1646 523 1686 possunt
550 1642 628 1686 ejus
654 1647 777 1686 partes
804 1642 954 1677 ulterius
987 1642 1023 1676 in
1049 1642 1218 1676 minutias
1244 1642 1391 1686 partiri,
1427 1643 1517 1677 adeo
1545 1648 1583 1678 ut
1611 1645 1703 1679 ultra
1728 1646 1903 1689 graduum

98 1701 275 1746 integrum
293 1711 490 1743 numerum,
518 1704 691 1744 quantum
711 1711 744 1734 v.
765 1711 791 1735 c.
812 1700 993 1736 altitudini
1018 1707 1203 1737 accrescat
1230 1703 1391 1747 (quando
1419 1707 1551 1739 nautae
1577 1715 1641 1748 per
1667 1705 1904 1748 quadrantem

97 1758 323 1794 altitudinem
349 1758 441 1793 Solis
467 1758 690 1802 aliorumque
726 1764 904 1793 astrorum
929 1770 1058 1804 capere
1084 1760 1224 1806 velint),
1261 1762 1453 1797 aestimare
1480 1773 1550 1797 non
1576 1763 1706 1807 possis.
1757 1764 1905 1800 Juvabit

97 1818 206 1862 igitur
229 1818 323 1853 intra
347 1817 576 1852 instrumenti
601 1818 775 1853 ambitum
801 1818 836 1852 in
861 1818 974 1862 ipsius
1001 1828 1086 1854 area
1111 1819 1155 1854 44
1183 1820 1335 1856 circulos
1355 1832 1463 1866 super
1481 1822 1605 1856 codem
1624 1826 1747 1857 centro
1774 1823 1905 1858 descri-

98 1875 196 1912 bere.
247 1875 449 1910 Exterioris
477 1876 657 1919 quadrans
684 1877 720 1910 in
747 1876 792 1911 90
818 1876 988 1920 aequales
1014 1882 1138 1921 partes
1167 1883 1321 1922 secetur,
1348 1880 1381 1914 ei
1406 1880 1644 1924 propinquior
1668 1882 1703 1915 in
1729 1882 1774 1917 89
1792 1886 1828 1916 et
1846 1882 1906 1926 qui

97 1934 192 1968 hunc
225 1934 388 1978 sequitur
419 1934 454 1967 in
481 1935 526 1969 83
551 1939 586 1969 et
612 1935 662 1969 ita
687 1935 860 1979 deinceps
888 1945 953 1970 suo
980 1936 1122 1981 ordine,
1159 1937 1459 1980 quemadmodum
1485 1939 1520 1972 in
1545 1938 1636 1973 libro
1664 1939 1904 1984 Crepusculo-

100 2003 179 2027 rum
205 1991 427 2027 docuimus.“
478 1992 544 2026 His
571 1993 695 2027 addit:
726 1994 796 2035 „ita
820 1994 914 2029 enim
941 1994 1106 2028 existimo
1134 1995 1322 2030 Claudium
1347 1996 1592 2032 Ptolemaeum
1617 1997 1781 2033 fecisse.“
1809 1999 1905 2034 Nus-

97 2050 192 2095 piam
218 2055 337 2085 autem
371 2051 550 2086 invenitur
581 2051 653 2086 tale
688 2052 774 2096 quid
809 2053 845 2087 in
870 2052 1068 2087 Ptolemaei
1100 2054 1244 2098 scriptis
1278 2065 1473 2099 omnesque
1506 2057 1758 2102 consentiunt,
1785 2058 1904 2093 Nonio

96 2109 204 2152 hujus
230 2109 394 2144 inventae
414 2109 597 2144 divisionis
615 2111 787 2145 honorem
813 2110 1043 2145 tribuendum
1071 2121 1162 2148 esse.
1193 2134 1229 2136 v
1260 2111 1472 2156 Quaestioni
1499 2113 1543 2148 de
1569 2115 1792 2158 crepusculis
1814 2115 1904 2150 haec

98 2167 296 2213 praemittit
320 2167 478 2203 Nonius:
512 2168 549 2202 Si
573 2168 790 2203 luminosum
817 2169 1044 2214 sphaericum
1070 2169 1168 2204 aliud
1195 2169 1422 2214 sphaericum
1449 2182 1578 2216 corpus
1610 2172 1807 2217 illuminat,
1842 2184 1901 2208 ne-

96 2236 196 2261 cesse
223 2230 278 2261 est
304 2230 484 2261 extremos
510 2226 630 2261 radios
657 2227 853 2262 luminosos
879 2231 1069 2272 utramque
1096 2229 1287 2273 sphaeram
1305 2229 1503 2274 attingere3
1530 2230 1746 2266 luminosum
1775 2233 1901 2276 sphae-

94 2285 204 2320 ricum
230 2284 408 2329 sphaerici
433 2285 580 2320 minoris
599 2285 680 2329 plus
700 2296 807 2330 quam
827 2286 1012 2321 dimidium
1038 2286 1235 2332 illuminat,
1274 2288 1335 2322 Sol
1362 2288 1472 2332 igitur
1495 2289 1531 2322 in
1557 2289 1682 2325 mediis
1708 2290 1900 2333 longitudi-

96 2343 200 2378 nibus
219 2343 366 2378 Terram
393 2342 573 2377 illuminat
599 2344 663 2378 sub
691 2354 778 2378 arcu
803 2344 947 2377 maximi
973 2344 1108 2389 circuli,
1129 2345 1335 2380 continente
1356 2347 1439 2382 180⁰
1460 2348 1517 2381 ‘Ze'
1535 2346 1623 2382 fere.
1663 2347 1900 2383 Altitudinem

97 2411 272 2444 vaporum
297 2401 400 2445 ponit
424 2401 564 2435 Nonius
590 2401 634 2435 ad
664 2402 751 2437 1063
777 2412 842 2436 seu
871 2403 958 2438 1052
984 2414 1114 2447 passus
1146 2424 1181 2428 -
1214 2403 1331 2446 „quod
1358 2404 1501 2449 quidem
1526 2417 1605 2440 cum
1633 2411 1821 2441 nautarum
1839 2408 1900 2441 ob-

95 2458 354 2494 servationibus
373 2459 525 2494 maxime
544 2459 744 2494 convenit“.
780 2460 1000 2504 Crepuscula
1021 2461 1186 2495 oriuntur
1211 2461 1424 2497 refractione
1444 2464 1624 2499 radiorum
1644 2465 1736 2499 Solis
1754 2467 1790 2499 in
1808 2466 1899 2500 aeris

96 2518 301 2563 vaporibus.
350 2519 519 2554 Pluribus
547 2519 786 2561 demonstrat,
819 2519 1032 2563 crepuscula
1066 2518 1267 2553 secundum
1293 2519 1367 2564 poli
1393 2521 1620 2556 altitudinem
1655 2526 1689 2556 et
1716 2523 1896 2558 borealem

96 2576 373 2612 declinationem
400 2588 560 2613 crescere
589 2582 652 2612 aut
676 2578 797 2622 minui,
826 2589 892 2613 nec
917 2587 989 2612 non
1007 2578 1222 2621 crepuscula
1240 2578 1404 2621 aequalia
1422 2590 1501 2614 esse
1527 2579 1563 2614 in
1589 2584 1740 2624 utraque
1766 2591 1896 2625 aequa-

94 2636 180 2671 toris
206 2635 330 2680 plaga,
358 2634 658 2670 declinationibus
686 2636 922 2671 existentibus
956 2635 1177 2680 aequalibus.
1228 2636 1318 2670 Dein
1352 2637 1481 2671 transit
1517 2637 1562 2672 ad
1592 2638 1778 2681 problema
1809 2639 1896 2674 satis

95 2693 259 2738 difficile,
293 2698 436 2737 tempus
462 2693 599 2727 minimi
629 2695 834 2738 crepusculi
860 2693 1082 2738 inveniendi,
1112 2694 1206 2737 quod
1232 2693 1373 2737 longius
1403 2694 1546 2736 quidem
1573 2695 1635 2728 sed
1661 2695 1729 2729 rite
1754 2695 1893 2732 calculo

94 2751 386 2796 trigonometrico
413 2751 532 2786 solvit.
561 2771 602 2775 —
629 2752 683 2786 De
709 2752 897 2795 Copernici
922 2753 1061 2787 ratione
1088 2753 1177 2787 haec
1202 2752 1340 2787 Nonius
1366 2751 1490 2785 affert:
1521 2752 1668 2793 „Utrum
1691 2753 1893 2793 rationibus

92 2811 175 2855 illis,
202 2812 331 2855 quibus
351 2810 580 2845 Ptolemaeus
608 2819 696 2844 usus
724 2814 779 2842 est
804 2810 849 2843 ad
870 2809 1145 2852 ostendendum,
1172 2809 1318 2843 Terram
1339 2810 1374 2843 in
1394 2809 1562 2844 circulum
1589 2809 1730 2845 minime
1749 2814 1895 2858 moveri,

92 2871 170 2915 ipse
198 2869 418 2914 Copernicus
446 2867 665 2909 satisfaciat,
702 2878 782 2901 cum
808 2867 876 2910 ait,
903 2879 973 2902 non
1000 2868 1114 2901 solum
1142 2867 1308 2909 Terram,
1344 2868 1406 2902 sed
1433 2867 1537 2902 etiam
1570 2871 1689 2903 terrea
1715 2873 1748 2904 et
1775 2873 1894 2907 omnia

94 2928 217 2972 gravia
242 2928 448 2971 ubicunque
475 2925 594 2968 posita
621 2925 763 2967 fuerint,
793 2925 948 2959 naturali
973 2930 1072 2960 motu
1099 2926 1143 2959 ab
1170 2935 1299 2959 occasu
1325 2925 1360 2960 in
1387 2931 1504 2961 ortum
1528 2926 1633 2970 ferri,
1659 2927 1893 2974 philosopho-

94 2997 172 3020 rum
197 2989 252 3020 est
278 2985 475 3029 disputare.
525 2982 629 3026 Quod
655 2987 775 3018 autem
807 2982 852 3017 ad
884 2983 1137 3016 astronomiam
1165 2982 1313 3026 attinet,
1348 2983 1441 3019 Solis
1468 2987 1502 3018 et
1528 2984 1661 3020 Terrae
1693 2985 1772 3021 loca
1799 2998 1893 3022 com-

93 3047 208 3078 mutat
234 3048 270 3078 et
297 3047 337 3077 ut
361 3042 480 3077 Solem
506 3046 614 3085 atque
640 3041 838 3075 inerrantes
865 3041 989 3075 stellas
1015 3041 1215 3076 immobiles
1240 3041 1367 3085 faciat,
1396 3041 1573 3086 triplicem
1596 3047 1731 3078 motum
1758 3044 1892 3080 Terrae

93 3100 219 3135 tribuit
241 3100 278 3134 in
305 3101 505 3134 eecentrico
542 3099 627 3134 orbe
659 3109 730 3133 una
765 3109 845 3133 cum
879 3098 972 3133 binis
1003 3098 1274 3143 librationibus,
1308 3104 1348 3134 ut
1378 3099 1414 3134 in
1439 3101 1535 3135 omni
1560 3104 1678 3136 aetate
1706 3101 1891 3137 stellarum

93 3157 247 3194 fixarum
272 3157 542 3194 observationes
574 3156 642 3193 sibi
671 3156 825 3194 invicem
858 3167 1055 3202 congruere
1080 3157 1238 3203 possint,
1271 3157 1385 3194 instar
1411 3156 1562 3196 duarum
1594 3158 1887 3206 trepidationum,
