2192 3413
288 220 374 265 566
699 217 936 255 Summarium
961 216 1144 253 Historiae
1167 214 1419 251 Astronomiae
1444 215 1567 252 seculo
1591 216 1687 251 XVI.

284 336 416 382 quitur.
466 336 599 371 Contra
622 334 871 370 Jordanum
894 333 1088 368 Brunum
1120 330 1377 376 philosophum
1401 335 1524 376 aperte
1549 342 1629 366 cum
1662 329 1724 366 illo
1755 331 1884 368 fecisse
1919 335 1955 368 et
1977 332 2077 368 libris

284 394 359 429 suis
384 404 514 429 novam
536 393 711 429 rationem
738 391 919 434 divulgare
954 390 1103 434 ejusque
1129 398 1274 423 causam
1305 398 1410 432 agere
1443 388 1642 424 instituisse
1674 393 1834 434 constat,
1864 401 1937 425 non
1959 391 2077 426 minus

288 457 417 496 autem,
443 453 602 487 Brunum
633 454 781 495 propter
814 450 907 485 hanc
933 453 969 484 et
992 448 1081 483 alias
1107 446 1312 491 opiniones,
1350 456 1443 490 quae
1467 450 1594 482 contra
1625 445 1731 481 fidem
1758 447 1972 483 catholicam
1996 457 2077 483 esse

287 510 510 554 videbantur,
536 508 712 554 supplicio
737 511 897 542 extremo
924 508 1030 551 (anno
1056 505 1159 548 1600)
1185 502 1354 539 affectum
1378 503 1500 539 fuisse.

425 568 524 603 Haec
549 570 631 602 sunt
656 577 749 611 quae
773 566 818 601 de
843 565 1040 610 Copernico
1065 564 1180 608 iisque
1214 561 1276 606 qui
1302 571 1382 595 eum
1413 560 1656 606 sequebantur
1679 563 1881 606 temporum
1906 573 2078 599 successu

281 625 544 672 praemittenda
569 624 789 668 censuimus,
813 623 1022 668 priusquam
1046 621 1164 665 ipsum
1191 620 1377 664 Copernici
1403 631 1494 665 opus
1519 621 1720 665 adiremus3
1745 621 1922 666 reliquum
1947 626 2012 666 est,
2038 626 2079 656 ut

284 695 337 728 ea,
365 695 456 727 quae
481 687 608 718 notatu
633 682 795 726 digniora
820 681 923 717 nobis
948 681 985 715 in
1009 680 1079 715 hoc
1104 688 1213 723 opere
1238 682 1440 722 occurrunt,
1466 677 1662 713 lectoribus
1688 689 1943 723 proponamus,

423 741 641 785 Inscriptum
666 744 722 775 est
747 740 934 785 Copernici
959 749 1067 784 opus:
1093 735 1272 772 Nicolai
1299 735 1542 779 Copernici
1567 736 1836 771 Torinensis
1861 737 1923 772 De
1940 737 2076 774 Revo-

288 799 548 834 lutionibus
581 798 752 833 orbium
786 797 1062 833 coelestium
1096 794 1208 829 libri
1232 794 1299 830 VI.
1348 794 1608 838 Norimbergae
1646 795 1743 838 apud
1777 795 1860 831 Joh.
1891 796 2073 832 Petreium

285 868 378 893 anno
408 857 508 893 1543.
557 856 738 891 Recusum
764 859 819 890 est
844 865 937 890 anno
959 854 1047 889 1566
1074 851 1251 895 Basileae,
1277 850 1400 886 addita
1428 851 1613 893 „Rhaetici
1636 851 1881 897 Narratione“,
1908 858 1943 888 et
1961 854 2079 889 denuo

288 914 423 950 editum
449 913 706 949 Amstelodami
726 912 970 957 („excudebat
986 911 1097 946 Wilh.
1115 909 1321 953 JansoniUS,
1346 910 1413 944 sub
1432 908 1548 944 Solari
1572 910 1721 953 aureo“)
1748 920 1841 944 anno
1863 911 1961 946 1617.
1986 911 2079 947 hanc

289 983 377 1019 prae
402 983 441 1008 se
466 972 584 1007 ferens
610 971 898 1015 inscriptionem:
934 969 1014 1005 Nic.
1042 967 1229 1012 Copernici
1253 966 1462 1001 Torinensis
1487 966 1716 1001 Astronomia
1739 966 1957 1013 instaurata,
1981 969 2079 1005 libris

289 1042 354 1067 sex
370 1030 640 1075 comprehensa,
667 1027 727 1073 qui
746 1028 789 1063 de
809 1026 1106 1063 Revolutionibus
1126 1025 1264 1060 orbium
1282 1024 1490 1059 coelestium
1507 1024 1764 1061 inscribuntur.
1809 1026 1913 1062 Nunc
1939 1027 2080 1063 demum

287 1092 370 1134 post
395 1090 453 1124 75.
479 1087 522 1122 ab
549 1086 650 1122 obitu
675 1085 836 1120 authoris
861 1095 991 1120 annum
1017 1083 1212 1127 integritati
1237 1093 1323 1117 suae
1349 1088 1551 1118 restaurata
1575 1083 1741 1128 notisque
1766 1084 1946 1121 illustrata
1971 1095 2080 1130 opera

290 1151 326 1182 et
351 1145 470 1181 studio
496 1146 540 1180 D.
559 1143 746 1179 Nicolai
770 1142 863 1177 Mul
876 1142 968 1186 erii,
995 1141 1091 1176 Med.
1111 1145 1147 1176 et
1163 1141 1275 1176 Math.
1295 1140 1516 1176 Professoris
1535 1140 1705 1177 ordinarii
1722 1142 1758 1177 in
1777 1153 1870 1178 nova
1887 1142 2080 1186 academia,

289 1214 382 1249 quae
406 1208 462 1239 est
488 1200 777 1247 Groeningae.*)

426 1261 649 1305 Argumenta
673 1259 710 1293 in
734 1257 827 1293 libro
851 1256 965 1301 primo
992 1255 1067 1290 fere
1093 1256 1210 1290 omnia
1235 1255 1375 1300 insunt,
1409 1256 1537 1300 quibus
1564 1256 1718 1292 Terram>
1744 1267 1824 1292 esse
1857 1257 2082 1302 sphaericam

287 1330 437 1365 eamque
461 1318 595 1353 moveri
621 1321 657 1352 et
680 1319 843 1350 veterum
868 1314 1073 1358 opinionem
1100 1314 1143 1348 de
1169 1314 1262 1350 Solis
1288 1318 1387 1348 motu
1413 1313 1542 1349 falsam
1568 1325 1648 1350 esse
1673 1314 1955 1357 demonstratur,
1991 1327 2083 1360 quae

287 1379 394 1414 hodie
418 1377 553 1423 passim
584 1376 621 1410 in
651 1374 751 1409 libris
788 1372 1038 1408 astronomicis
1070 1371 1172 1407 nobis
1205 1376 1399 1407 occurrunt
1435 1373 1531 1417 (cap.
1559 1373 1681 1417 1-3).
1731 1374 1856 1418 Capite
1880 1374 1913 1408 4.
1939 1373 2085 1408 demon-

289 1441 433 1481 stratur,
462 1434 578 1479 „quod
603 1437 722 1468 motus
749 1441 940 1476 corporum
965 1430 1174 1465 coelestium
1201 1431 1247 1466 sit
1271 1431 1432 1475 aequalis
1452 1436 1487 1466 et
1505 1431 1699 1473 circularis,
1724 1436 1932 1478 perpetuus,
1958 1431 2015 1467 vel
2040 1442 2084 1466 ex

290 1493 523 1532 circularibus
556 1492 814 1536 compositus&
861 1488 1052 1531 Rationes,
1089 1499 1178 1533 quas
1205 1489 1423 1533 Copernicus
1456 1490 1578 1535 affert,
1615 1494 1655 1524 ut
1686 1489 1783 1525 hunc
1808 1494 1943 1525 motum
1971 1491 2083 1525 circu-

288 1554 400 1589 larem
425 1553 531 1596 (sicut
555 1550 707 1594 figuram
731 1547 855 1583 mundi
879 1547 1122 1592 sphaericam)
1152 1547 1320 1592 stabiliat,
1345 1548 1548 1583 innituntur
1573 1558 1616 1582 ex
1641 1552 1743 1591 parte
1776 1547 1965 1583 sententiis
1989 1553 2084 1582 vete-

289 1623 383 1656 rum,
420 1610 549 1654 quibus
585 1607 740 1643 circulus
775 1609 827 1649 (et
859 1606 1030 1650 sphaera)
1069 1605 1352 1649 perfectissimae
1387 1610 1470 1641 sunt
1500 1606 1649 1650 figurae.
1699 1604 1756 1639 Ad
1791 1609 1926 1640 motum
1952 1605 2085 1640 Terrae

289 1669 499 1706 circularem
516 1668 604 1711 (cap.
624 1667 671 1709 5.)
697 1663 951 1700 stabiliendum
975 1663 1011 1697 in
1029 1662 1203 1698 auxilium
1222 1668 1393 1698 vocantur
1410 1662 1651 1709 Pythagoraei
1668 1661 1888 1707 Heraclides,
1914 1662 2083 1708 Ecphan-

291 1732 360 1771 tus,
386 1726 532 1761 Nicetas
558 1728 594 1759 et
618 1722 815 1766 Philolaus,
842 1721 972 1765 quibus
997 1720 1092 1755 hanc
1118 1731 1218 1755 suam
1241 1721 1341 1757 addit
1372 1723 1585 1757 sententiam
1613 1722 1851 1767 Copernicus:
1887 1722 1938 1764 „si
1966 1725 2085 1757 motus

291 1784 419 1829 aliquis
444 1783 578 1818 Terrae
605 1782 809 1826 deputetur,
835 1780 913 1824 ipse
937 1779 973 1814 in
992 1779 1179 1821 universis,
1208 1790 1300 1823 quae
1321 1779 1544 1814 extrinsecus
1562 1784 1658 1824 sunt,
1684 1779 1779 1814 idem
1796 1779 1995 1824 apparebit,
2021 1778 2086 1815 sed

292 1843 338 1878 ad
361 1845 500 1887 partem
525 1839 743 1885 oppositam,
776 1837 894 1883 qualis
926 1842 981 1871 est
1010 1836 1186 1871 revolutio
1219 1837 1428 1881 quotidiana
1457 1837 1493 1872 in
1530 1837 1667 1883 primis.
1716 1839 1815 1872 Haec
1846 1837 1939 1872 enim
1969 1841 2086 1873 totum

290 1900 462 1936 mundum
491 1898 632 1934 videtur
660 1907 787 1941 rapere
817 1900 1069 1942 praeterquam
1106 1896 1263 1930 Terram.
1313 1896 1424 1939 Atqui
1455 1896 1485 1930 si
1521 1895 1660 1930 coelum
1692 1896 1782 1930 nihil
1814 1895 1858 1930 de
1890 1896 1958 1930 hoc
1987 1900 2087 1931 motu

291 1959 425 1994 habere
450 1956 680 1999 concesseris,
707 1956 854 1990 Terram
879 1964 963 1989 vero
990 1953 1034 1988 ab
1054 1963 1186 1988 occasu
1203 1954 1238 1987 in
1257 1958 1373 1989 ortum
1393 1954 1496 1999 volvi,
1523 1953 1681 1988 invenies
1706 1953 1797 1987 haec
1815 1953 1867 1988 sic
1885 1963 1923 1988 se
1940 1952 2084 1988 habere.

293 2017 331 2052 Si
357 2015 435 2060 quis
460 2017 576 2057 neget,
604 2017 765 2048 centrum
781 2011 904 2046 mundi
922 2011 1069 2045 Terram
1088 2010 1260 2051 obtinere,
1284 2020 1350 2044 nec
1367 2014 1486 2045 tamen
1505 2010 1674 2055 fateatur,
1699 2015 1837 2046 tantam
1855 2021 1934 2046 esse
1952 2010 2086 2046 distan-

298 2074 396 2118 tiam,
422 2082 514 2117 quae
539 2070 584 2105 ad
610 2082 682 2105 non
707 2069 902 2105 errantium
928 2067 1113 2103 stellarum
1139 2067 1329 2112 sphaeram
1347 2067 1598 2112 comparabilis
1623 2069 1744 2113 fuerit,
1771 2068 1835 2104 sed
1859 2069 2035 2113 insignem
2052 2074 2088 2105 et

294 2132 495 2169 evidentem
531 2128 576 2164 ad
603 2128 696 2163 Solis
728 2127 950 2170 aliorumque
983 2125 1139 2160 siderum
1170 2126 1291 2169 orbes,
1325 2128 1500 2169 putetque
1531 2130 1743 2170 propterea,
1779 2131 1914 2162 motum
1942 2126 2088 2162 illorum

293 2198 467 2234 apparere
492 2186 681 2229 diversum,
707 2189 879 2229 tanquam
903 2184 948 2219 ad
974 2183 1070 2218 aliud
1089 2183 1159 2218 sint
1184 2182 1347 2226 regulata
1374 2186 1536 2217 centrum
1569 2194 1675 2227 quam
1700 2184 1747 2219 sit
1765 2188 1926 2220 centrum
1943 2184 2086 2228 Terrae,

297 2259 369 2283 non
392 2247 551 2291 ineptam
583 2244 734 2279 forsitan
765 2243 898 2289 poterit
937 2243 1067 2277 diversi
1096 2246 1215 2276 motus
1248 2242 1455 2286 apparentis
1486 2241 1660 2276 rationem
1691 2240 1810 2276 affere.
1861 2241 1964 2286 Quod
1995 2241 2088 2277 enim

297 2304 453 2341 errantia
480 2303 598 2339 sidera
621 2302 881 2346 propinquiora
906 2301 1038 2335 Terrae
1063 2304 1099 2335 et
1123 2299 1246 2334 eadem
1271 2298 1465 2334 remotiora
1490 2304 1702 2342 cernuntur,
1731 2300 1934 2336 necessario
1960 2301 2086 2345 arguit,

296 2368 458 2400 centrum
483 2362 616 2396 Terrae
641 2371 712 2394 non
738 2369 817 2394 esse
842 2359 986 2394 illorum
1005 2358 1220 2393 circulorum
1247 2362 1419 2392 centrum.
1456 2357 1534 2400 Quo
1558 2357 1674 2392 minus
1700 2357 1805 2392 etiam
1824 2362 1976 2404 constat,
2001 2360 2087 2394 Ter-

296 2432 385 2457 rane
411 2419 493 2464 illis,
520 2430 566 2454 an
589 2418 651 2453 illa
675 2418 808 2453 Terrae
834 2422 995 2452 annuant
1020 2421 1056 2452 et
1081 2417 1252 2452 abnuant.
1293 2416 1368 2450 Nec
1394 2414 1483 2450 adeo
1501 2414 1628 2449 mirum
1646 2415 1765 2458 fuerit,
1791 2416 1822 2451 si
1847 2416 1925 2460 quis
1943 2423 2089 2462 praeter

298 2480 397 2516 illam
422 2477 666 2522 quotidianam
683 2476 941 2510 revolutionem
967 2475 1074 2509 alium
1099 2474 1278 2519 quendam
1296 2473 1427 2508 Terrae
1453 2477 1589 2507 motum
1615 2473 1832 2518 opinaretur,
1858 2484 1986 2520 nempe
2003 2476 2088 2510 Ter-

297 2548 373 2573 ram
397 2535 491 2571 volvi
515 2540 625 2579 atque
649 2533 756 2569 etiam
782 2533 944 2578 pluribus
968 2533 1124 2568 motibus
1149 2536 1337 2576 vagantem
1363 2536 1398 2567 et
1431 2541 1539 2567 unum
1565 2541 1645 2567 esse
1670 2543 1715 2567 ex
1740 2532 1881 2569 astris.“
1910 2533 2035 2578 Capite
2053 2533 2084 2567 6.

434 2678 462 2717 *)
485 2678 524 2709 In
553 2676 709 2717 „Tabulis
725 2676 880 2707 Frisicis“
901 2677 1015 2712 (1611)
1040 2676 1128 2706 idem
1154 2675 1260 2705 editor
1285 2673 1458 2714 Copernici
1484 2671 1643 2704 Miillerus
1667 2682 1801 2714 prorsus
1827 2674 1936 2713 rejicit
1961 2673 2086 2715 Coper-

299 2727 366 2757 nici
392 2726 431 2756 de
456 2726 579 2756 mundo
605 2725 779 2755 rationem.
832 2722 996 2762 „Mundus
1022 2725 1070 2753 est
1094 2722 1218 2752 formae
1245 2721 1449 2761 sphaericae,
1481 2720 1518 2749 in
1544 2722 1636 2759 cujus
1670 2720 1777 2751 medio
1813 2721 1964 2751 consistit
1988 2721 2087 2751 Terra

300 2773 416 2813 puncti
441 2773 555 2810 instar,
581 2771 641 2801 ubi
666 2780 704 2800 ex
724 2770 914 2800 Aristotelis
941 2772 972 2799 et
997 2770 1143 2799 omnium
1168 2777 1252 2808 pene
1269 2767 1542 2807 philosophorum
1569 2767 1735 2797 sententia
1758 2767 1831 2798 loco
1857 2776 1916 2797 suo
1941 2767 2086 2798 naturali

300 2818 503 2858 conquiescit
528 2821 559 2847 et
582 2818 718 2847 immota
748 2818 918 2857 permanet
922 2838 1067 2848 ......
1109 2815 1217 2845 Tanta
1249 2817 1297 2844 est
1327 2813 1415 2854 apud
1450 2822 1511 2843 nos
1545 2813 1724 2844 auctoritas
1749 2811 1785 2848 S.
1809 2813 2017 2853 Scripturas,
2051 2818 2087 2844 ut

301 2868 414 2895 contra
439 2866 585 2904 apertam
611 2864 806 2893 sententiam
838 2863 928 2892 illius
953 2862 988 2892 in
1019 2862 1213 2892 sententiam
1238 2860 1539 2898 pythagoraeorum
1572 2858 1768 2890 descendere
1798 2868 1864 2890 non
1895 2859 2086 2895 audeamus.

301 2910 340 2941 In
364 2909 448 2940 libro
480 2910 538 2950 qui
568 2910 759 2939 inscribitur
793 2909 1042 2947 „Institutiones
1075 2907 1201 2938 novae“
1229 2908 1342 2944 (1616)
1374 2905 1492 2936 itidem
1524 2906 1677 2944 legimus:
1713 2906 1936 2944 „argumentis
1969 2915 2028 2945 pro
2055 2910 2087 2937 et

301 2959 415 2987 contra
439 2965 497 2995 per
522 2956 562 2985 25
589 2964 691 2985 annos
717 2956 774 2986 diu
800 2958 832 2985 et
856 2955 998 2986 multum
1025 2955 1219 2985 examinatis
1244 2953 1391 2984 nondum
1410 2961 1603 2989 cognoscere
1620 2961 1756 2993 possum
1781 2960 1910 2982 causam
1934 2952 2086 2983 idoneam

302 3005 335 3032 et
358 3003 436 3032 satis
460 3001 620 3042 validam,
646 3011 729 3041 quae
755 3011 806 3032 me
831 3011 853 3032 a
877 3002 1043 3032 sententia
1067 3003 1116 3031 tot
1140 3003 1305 3040 tantisque
1330 3000 1410 3029 viris
1436 2999 1622 3039 approbata
1649 2997 1798 3028 recedere
1824 3001 1962 3035 cogeret.
2010 2999 2086 3040 Ipse

303 3047 513 3088 Oopernicus,
540 3047 614 3077 dum
641 3048 881 3078 absurditatum
907 3047 1060 3088 scopulos
1086 3048 1189 3077 vitare
1214 3045 1303 3085 vult,
1327 3045 1465 3075 incurrit
1495 3046 1532 3075 in
1556 3040 1667 3076 ἀτοπα
1692 3043 1779 3074 haud
1803 3044 1912 3074 minus
1939 3047 2086 3076 enormia

302 3094 481 3134 prioribus,
528 3092 662 3130 Cogitur
686 3095 771 3123 enim
796 3094 916 3124 mundo
950 3097 1096 3124 centrum
1129 3093 1273 3123 tribuere
1307 3092 1451 3121 immane
1486 3094 1517 3121 et
1541 3099 1687 3130 enorme,
1720 3090 1998 3130 comprehendens
2022 3093 2086 3122 tria

304 3149 439 3180 corpora
464 3140 582 3177 Solem,
608 3140 734 3169 Lunam
759 3143 791 3169 et
815 3139 980 3171 Terram.“
1032 3139 1222 3180 Libentius,
1256 3137 1366 3175 addit,
1401 3145 1435 3166 se
1457 3137 1492 3166 in
1517 3135 1691 3178 Cepernici
1723 3136 1920 3166 sententiam
1953 3137 2086 3168 descen—

306 3186 381 3217 dere
404 3186 564 3228 potuisse,
592 3186 619 3216 si
645 3186 760 3217 Terrae
785 3186 819 3216 in
845 3186 951 3216 medio
982 3185 1096 3217 mundi
1120 3184 1326 3226 permanenti
1346 3192 1447 3214 unum
1473 3186 1598 3214 motum
1625 3182 1779 3214 diurnum
1804 3183 2013 3222 assignasset.
