2157 3398
1411 95 1426 105 ο

254 193 337 241 628
666 192 904 231 Summarium
929 192 1112 230 Historiae
1138 192 1391 230 Astronomiae
1416 195 1540 231 seculo
1563 194 1658 230 XVI.

254 316 365 362 torio,
399 326 477 365 qua
507 315 545 352 in
577 327 616 352 re
648 313 775 353 adhuc
795 314 989 354 haeream.
1039 314 1192 354 Dicam.
1245 313 1409 364 Quando
1430 313 1627 353 anomalia
1656 312 1792 352 Lunae
1824 319 1883 352 est
1905 311 1951 352 0ο
1979 318 2049 354 aut

261 374 384 421 180⁰,
417 379 507 412 tunc
529 372 778 410 nihilominus
809 379 938 422 potest
969 385 1053 411 esse
1085 374 1266 422 aequatio
1298 373 1450 423 aliqua,
1489 378 1568 410 tam
1597 370 1776 410 addenda
1807 384 1924 422 quam
1955 373 2050 410 sub-

256 431 456 478 trahenda,
489 432 636 470 scilicet
667 436 778 478 tunc,
820 431 976 481 quando
1008 431 1120 468 Luna
1151 431 1264 468 simul
1297 438 1355 469 est
1386 445 1409 470 a
1440 431 1531 469 Sole
1563 429 1625 467 vel
1657 429 1741 478 ejus
1773 433 1953 480 opposito
1987 442 2050 468 re-

253 495 359 528 mota
391 489 487 528 45⁰.
550 489 624 526 Hie
657 500 729 538 ego
750 492 900 538 putavi,
935 489 1128 527 circellum
1161 488 1402 527 libratorium
1433 489 1504 527 hos
1535 487 1647 525 ludos
1679 488 1818 536 facere,
1852 490 1944 537 quia
1967 488 2050 536 ejus

253 549 457 597 aequatio,
500 547 675 597 Tyehoni
708 549 873 585 variatio
907 547 1030 594 dicta,
1071 549 1108 584 in
1142 547 1215 585 hac
1245 560 1268 585 a
1300 547 1391 586 Sole
1423 547 1608 585 distantia
1641 550 1700 584 est
1729 547 1910 584 maxima.
1972 546 2050 584 Sed

251 607 455 644 manifeste
485 617 570 643 sum
603 605 799 654 deceptus.
861 606 960 644 Nam
1001 606 1296 643 observationes
1336 606 1647 643 constantissime
1687 609 1901 652 testantur,
1944 603 2048 654 quod

250 664 347 701 haec
379 665 561 712 aequatio
594 666 892 701 intermenstrua
924 663 1027 713 apud
1061 664 1295 701 anomaliam
1329 662 1374 701 Ο0
1405 664 1468 701 vel
1504 660 1605 701 180ο
1645 662 1833 700 interdum
1867 674 2049 700 accumu-

251 721 349 759 letur
382 733 468 759 cum
500 723 728 769 variatione,
760 722 952 760 interdum
985 723 1034 759 ab
1067 733 1113 759 ea
1144 722 1352 770 auferatur,
1384 727 1422 760 et
1453 723 1484 759 si
1508 722 1715 758 memoriae
1746 720 1954 766 fidendum,
1988 723 2050 757 in-

251 779 401 817 terdum
433 791 479 817 ex
511 781 711 828 utriusque
742 781 979 829 implexione
1012 781 1229 829 composita
1260 781 1442 828 aequatio
1476 785 1534 817 est
1567 780 1649 825 452
1686 778 1876 816 interdum
1910 778 1961 816 2⁰
1998 780 2049 825 7‘,

252 848 330 874 non
364 838 559 885 obstante,
603 837 708 887 quod
740 838 935 876 anomalia
966 839 1015 875 sit
1048 836 1092 875 0Ο
1124 837 1186 875 vel
1224 836 1323 875 180⁰
1354 842 1391 875 et
1423 840 1601 886 utrinque
1643 836 1829 874 distantia
1861 837 1994 875 Lunae
2027 849 2049 874 a

251 895 353 942 Sole,
386 896 448 933 vel
481 902 570 934 ante
603 896 664 933 vel
696 903 785 945 post
818 908 889 943 00,
925 894 1010 934 450.
1071 895 1158 933 Hoc
1189 895 1314 933 solum
1346 897 1463 944 igitur
1503 898 1673 933 rationes
1715 894 1901 945 physicae
1934 907 1956 933 a
1988 906 2048 933 me

253 955 496 1002 excogitatae
527 965 603 992 non
635 955 793 1001 faciunt,
826 960 868 992 ut
899 955 1171 1002 aequationem
1202 955 1239 990 in
1272 953 1467 991 anomalia
1502 951 1546 991 Ο0
1579 953 1641 992 vel
1668 953 1768 991 180⁰
1800 953 1942 990 faciant
1973 952 2048 990 ali—

250 1023 367 1061 quam
399 1018 550 1060 praeter
581 1013 851 1051 variationem.
915 1013 1023 1049 Alias
1061 1019 1188 1049 cetera
1226 1013 1378 1060 egregie
1417 1011 1592 1049 concilio.
1654 1011 1783 1048 Primo
1815 1022 1884 1060 pro
1919 1011 2049 1048 varia-

250 1071 355 1107 tione
387 1070 484 1116 dico,
517 1072 643 1107 inesse
676 1072 713 1107 in
735 1071 847 1117 linea,
881 1082 980 1119 quae
1013 1082 1080 1118 per
1112 1069 1242 1107 Solem
1273 1074 1310 1107 et
1332 1069 1488 1107 Terram
1516 1069 1678 1116 ducitur,
1713 1071 1792 1106 vim
1824 1068 2050 1107 intendendi

252 1134 400 1165 motum
438 1128 571 1165 Lunae
609 1129 796 1175 medium,
844 1140 943 1177 quae
977 1129 1035 1164 vis
1077 1129 1260 1165 accrescit
1293 1128 1426 1165 Lunae
1459 1140 1482 1164 a
1514 1127 1750 1176 quadratura
1790 1128 1961 1165 venienti
1999 1127 2048 1164 ad

253 1185 451 1223 modulum
491 1191 639 1232 rectae,
685 1198 732 1224 ex
770 1197 928 1236 corpore
962 1186 1095 1223 Lunae
1137 1187 1175 1222 in
1213 1185 1354 1223 lineam
1398 1185 1661 1223 diametralem
1693 1184 1795 1223 Solis
1838 1190 1875 1223 et
1906 1185 2049 1222 Terrae

253 1243 444 1281 demissae
467 1244 833 1293 perpendiculariter
850 1253 904 1286 (ο).
959 1244 1108 1281 Deinde
1131 1255 1199 1292 pro
1221 1243 1448 1281 alteratione
1471 1245 1765 1281 eccentricitatis
1798 1245 1854 1281 sic
1868 1241 1928 1295 ÷÷),
1962 1255 2049 1281 cum

255 1302 462 1339 distantiae
494 1302 627 1339 Lunae
660 1315 683 1339 a
714 1302 804 1340 Sole
846 1302 1069 1339 rectilineae
1110 1304 1209 1339 circa
1242 1303 1407 1339 eccentri
1448 1301 1711 1350 longitudines
1743 1301 1890 1339 medias
1922 1303 2049 1339 incre-

253 1366 383 1397 menta
413 1362 616 1409 potissima
647 1365 820 1406 sumant,
858 1365 950 1397 tunc
982 1359 1137 1408 quando
1169 1359 1319 1397 mediae
1358 1359 1619 1408 longitudines
1660 1365 1748 1397 sunt
1785 1361 1823 1396 in
1856 1360 1903 1406 []
1925 1357 1980 1411 Q)
2013 1364 2051 1397 et

249 1418 403 1466 apsides
436 1419 473 1454 in
504 1419 609 1455 linea
635 1418 683 1466 Θ
709 1416 759 1470 5,
794 1420 1029 1455 incrementa
1062 1417 1157 1455 haec
1177 1423 1266 1455 sunt
1287 1417 1447 1466 majora,
1480 1417 1593 1455 Luna
1622 1418 1771 1456 fortiter
1794 1430 1929 1456 versus
1951 1418 2049 1455 Ter·
2091 1422 2097 1428 ⁹

251 1487 331 1513 ram
366 1475 426 1513 vel
459 1489 481 1513 a
512 1476 630 1513 Terra
663 1482 841 1514 movetur
879 1478 914 1512 in
948 1482 1052 1513 recta
1083 1475 1186 1513 linea
1227 1480 1264 1513 et
1294 1477 1349 1513 sic
1388 1487 1565 1524 apogaea
1597 1487 1621 1513 a
1650 1478 1834 1525 perigaea
1865 1476 2051 1514 distantia

253 1533 377 1571 differt
417 1534 600 1581 multum3
645 1535 776 1583 itaque
819 1536 1001 1583 aequatio
1040 1544 1182 1583 magna
1223 1535 1261 1570 in
1300 1533 1549 1582 quadraturis
1564 1533 1649 1582 Η).
1711 1534 1854 1572 Contra
1886 1536 1917 1571 si
1948 1534 2052 1571 linea

256 1591 433 1640 apsidum
466 1598 523 1630 est
555 1597 660 1629 recta
690 1592 739 1629 ad
771 1593 910 1631 lineam
939 1593 988 1641 (ο)
1012 1590 1065 1643 5,
1107 1593 1161 1629 sic
1193 1599 1234 1628 ut
1272 1592 1532 1641 longitudines
1569 1591 1721 1630 mediae
1760 1593 1837 1630 sint
1874 1593 1912 1628 in
1950 1592 2051 1630 linea

259 1650 307 1698 Θ
333 1648 379 1701 5,
412 1655 503 1687 tunc
534 1649 704 1688 tardiora
736 1657 825 1687 sunt
856 1652 1092 1687 incrementa
1124 1656 1159 1687 et
1184 1650 1427 1688 decrementa
1456 1655 1643 1688 rectarum
1666 1650 1799 1688 Lunae
1832 1655 1870 1688 et
1889 1650 2050 1688 Terrae:

257 1719 375 1756 quare
409 1714 446 1745 et
476 1720 599 1757 parva
631 1710 813 1758 aequatio
837 1708 1024 1758 synodica
1046 1712 1083 1746 et
1104 1718 1180 1745 non
1203 1710 1257 1745 ita
1278 1720 1460 1757 magnum
1493 1708 1696 1746 discrimen
1727 1714 1917 1746 rectarum
1938 1705 1993 1760 Θ
2017 1709 2050 1760 5

253 1768 291 1802 in
324 1766 499 1814 [la-xa).
561 1766 683 1804 Plane
715 1766 869 1815 quiden]
903 1768 1094 1804 contraria
1125 1771 1214 1804 sunt
1245 1768 1318 1803 ista
1350 1766 1503 1804 circello
1535 1766 1760 1816 Tychonico
1799 1766 1847 1803 ad
1879 1766 2050 1814 Terram,

253 1836 328 1872 quo
362 1824 413 1869 fit,
447 1830 489 1861 ut
521 1824 632 1862 Luna
664 1836 842 1874 apogaea
873 1826 910 1860 in
943 1834 989 1868 0²
1018 1829 1055 1862 et
1080 1838 1125 1869 σο
1151 1836 1226 1861 non
1259 1824 1326 1861 fiat
1347 1830 1425 1862 tam
1454 1824 1546 1871 alta,
1579 1836 1694 1873 quam
1728 1827 1764 1862 in
1788 1825 1854 1871 [lt
1888 1825 1956 1863 sed
1977 1824 2051 1863 hoc

254 1882 349 1918 nihil
372 1894 431 1920 me
455 1883 669 1931 impediret,
702 1884 733 1920 si
756 1885 793 1919 in
817 1883 952 1921 effectu
977 1882 1229 1931 longitudinis
1251 1884 1404 1931 penitus
1430 1882 1530 1920 idern
1554 1894 1639 1920 cum
1663 1883 1868 1932 hypothesi
1891 1883 2050 1933 Tycho-

251 1941 339 1977 nica
370 1940 523 1988 faceret,
556 1952 644 1978 nam
678 1941 851 1978 doctrina
882 1941 1130 1990 parallactica
1156 1941 1353 1990 Tychonis
1384 1941 1542 1990 pulchre
1564 1953 1713 1978 meeum
1746 1947 1815 1979 est.
1867 1942 2049 1979 Fortasse

254 1998 344 2035 olim
378 2001 492 2035 etiam
525 1999 658 2037 Lunae
691 1999 971 2048 quatriduanae
1004 1999 1095 2048 (hoc
1134 2004 1191 2036 est
1223 2000 1440 2036 anomaliae
1474 1999 1519 2036 0υ
1553 1997 1671 2045 180⁰,
1714 1999 1920 2037 distantiae
1951 2011 1973 2037 a
1999 1999 2047 2048 Θ

252 2056 341 2105 45¹²)
375 2058 625 2105 consulue1·o;
665 2069 754 2095 nam
786 2058 882 2095 haec
913 2057 1075 2106 physica
1106 2057 1335 2106 hypothesis
1367 2058 1546 2095 omnibus
1579 2057 1666 2094 aliis
1698 2059 1736 2093 in
1779 2057 1876 2095 locis
1909 2059 2048 2106 aequi-

248 2120 359 2163 parat
389 2114 662 2164 Tychonieam.
716 2115 792 2153 Hic
814 2116 1003 2153 Dominus
1026 2115 1247 2152 Praetorius
1281 2116 1396 2152 etiam
1431 2114 1524 2152 illud
1549 2115 1703 2163 objecit,
1738 2116 1769 2152 si
1800 2127 1868 2164 per
1899 2127 2048 2165 aequa—

247 2174 390 2210 tionem
423 2173 669 2224 epicyclicam
703 2175 915 2223 corrigatur
948 2173 1131 2211 distantia
1152 2170 1207 2225 Q
1229 2185 1252 2210 a
1273 2171 1340 2224 O,
1374 2173 1542 2211 nondum
1575 2173 1690 2222 plane
1712 2179 1922 2212 correctam
1947 2185 2044 2212 esse.

386 2275 423 2316 ss)
451 2274 600 2317 Quando
628 2285 693 2319 ego
719 2274 851 2318 loquor
877 2274 919 2309 de
946 2274 1211 2309 eccentricitate
1237 2275 1372 2317 Lunae,
1400 2285 1470 2308 non
1496 2274 1658 2319 intelligo
1684 2275 1953 2319 Ptolemaicam,
1980 2275 2044 2310 sed

253 2330 359 2363 quam
383 2320 460 2363 ipse
485 2326 520 2356 et
546 2322 764 2365 Copernicus
791 2321 950 2367 epicyclo
977 2322 1127 2364 salvant,
1156 2332 1262 2364 quem
1288 2332 1352 2364 ego
1378 2322 1413 2355 in
1441 2326 1643 2356 eccentrum
1668 2327 1777 2362 muto,
1804 2326 1843 2355 ut
1860 2322 1966 2356 Luna
1982 2322 2041 2356 hic

245 2366 310 2400 fiat
335 2366 459 2401 similis
490 2368 644 2411 planetis
680 2369 820 2404 ceteris.
875 2369 918 2402 Et
950 2373 1051 2411 nota,
1091 2369 1251 2402 Braneus
1284 2375 1429 2412 praeter
1460 2369 1599 2402 unicam
1634 2368 1868 2402 variationem
1902 2368 2038 2402 nullam

245 2417 434 2456 praeterea
458 2415 709 2458 aequationem
734 2426 862 2449 novam
888 2415 1082 2458 constituit,
1110 2415 1177 2448 nisi
1203 2414 1298 2457 quod
1318 2414 1352 2447 iu
1373 2414 1529 2457 antiquis
1555 2415 1624 2448 illis
1642 2415 1793 2449 mutavit
1812 2415 2036 2458 quantitates

245 2470 456 2504 parumper,
493 2468 533 2495 ut
567 2467 600 2495 et
635 2462 863 2505 hypothesin.
912 2461 1029 2495 Prima
1064 2462 1156 2495 enim
1182 2460 1420 2503 inaequalitas
1445 2461 1653 2496 Ptolemaeo
1681 2468 1716 2495 et
1743 2462 1940 2505 Copernico
1966 2461 2042 2496 sal-

245 2512 350 2540 vatur
376 2517 438 2550 per
464 2507 658 2551 simplicem
685 2509 895 2552 epicyclum,
922 2507 983 2551 qui
1009 2513 1103 2542 esset
1122 2507 1208 2541 mihi
1227 2507 1378 2550 simplex
1396 2509 1627 2548 eccentricus,
1656 2508 1819 2552 Tychoni
1837 2518 1902 2552 per
1919 2508 2036 2552 dupli-

248 2562 324 2586 cem
351 2554 559 2598 epicyclum,
586 2555 644 2598 qui
672 2561 725 2589 est
752 2555 838 2588 mihi
866 2554 1086 2589 eeceutricus
1105 2565 1183 2588 cum
1202 2559 1391 2597 aequante.
1434 2554 1599 2589 Secunda
1617 2554 1855 2598 inaequalitas
1875 2553 2038 2589 salvatur

246 2597 452 2633 Ptolemaeo
484 2612 547 2644 per
572 2602 826 2643 eccentricum,
863 2601 1059 2644 Copernico
1094 2611 1160 2643 per
1185 2600 1395 2644 epicyelium
1421 2601 1749 2644 amplificator-ium,
1788 2600 1950 2645 Tychoni
1974 2612 2039 2645 per

247 2645 340 2679 idem
366 2647 585 2690 epicyclium,
611 2653 751 2682 tantum
776 2648 821 2682 ad
847 2648 994 2681 Terram
1027 2648 1193 2690 positum.
1243 2647 1364 2680 Tertia
1398 2647 1634 2690 inaequalitas
1670 2648 1822 2682 falcatae
1848 2653 1883 2681 et
1908 2647 2037 2691 gibbae

249 2691 376 2725 dicitur
400 2693 604 2728 Ptolemaeo
639 2695 844 2738 prosnevsis
871 2693 1036 2738 epicycli‚
1073 2693 1174 2734 cujus
1209 2694 1323 2736 gratia
1357 2699 1502 2728 coactus
1536 2701 1590 2728 est
1616 2694 1854 2738 Ptolemaeus,
1888 2694 2039 2739 epicycli

249 2747 443 2780 apogaeum
478 2740 594 2776 facere
621 2752 758 2781 vagum.
809 2741 1005 2784 Copernico
1032 2744 1066 2773 et
1093 2739 1253 2784 Tychoni
1280 2751 1351 2773 non
1383 2740 1452 2774 fuit
1477 2751 1567 2784 opus
1594 2741 1693 2775 novis
1727 2740 1918 2783 machinis,
1955 2751 2038 2775 nam

252 2785 465 2827 sequebatur
498 2788 587 2821 haec
619 2788 724 2822 tertia
758 2788 923 2831 aequatio
950 2797 994 2820 ex
1027 2786 1199 2829 epicyclio
1234 2786 1312 2830 illo,
1348 2787 1446 2830 quod
1472 2788 1633 2822 Braheus
1667 2787 1711 2821 ad
1739 2787 1885 2821 Terram
1910 2788 2043 2830 posuit.

251 2829 378 2872 Itaque
404 2833 519 2866 verior
537 2834 715 2878 Tychonis
735 2839 769 2867 et
788 2833 975 2878 Copernici
1000 2832 1211 2876 hypothesis
1239 2833 1401 2877 epicyclii
1427 2833 1548 2877 hujus,
1576 2844 1681 2877 quam
1706 2833 1904 2868 Ptolemaei
1930 2831 2043 2878 hypo*-

252 2875 364 2927 thesis
391 2880 554 2919 eccentri,
581 2880 663 2923 quia
688 2880 750 2914 illa
776 2880 977 2924 simplicior.
1027 2879 1163 2922 Quarta
1189 2889 1272 2923 ergo
1292 2880 1456 2923 aequatio
1476 2880 1655 2924 Tychonis
1680 2890 1776 2915 mera
1802 2884 1867 2923 est,
1892 2880 2042 2914 variatio

255 2922 348 2956 dieta
373 2929 497 2967 estque
524 2927 810 2969 supplementum
835 2928 973 2961 tertiae.

365 2974 420 3019 ²⁸⁹⁵)
447 2977 487 3010 In
514 2977 581 3011 hoc
606 2979 677 3012 situ
704 2981 743 3018 O
768 2976 816 3024 O
845 2982 884 3020 O
911 2979 1015 3013 Luna
1039 2977 1178 3012 fortiter
1203 2981 1365 3012 movetur
1395 2988 1519 3013 versus
1555 2978 1702 3014 Terram
1726 2978 1762 3012 in
1794 2977 1972 3013 anomalia
1997 2978 2041 3014 90

251 3024 308 3060 vel
332 3027 411 3062 270.
459 3028 552 3061 Nam
578 3028 683 3064 etiam
710 3031 842 3064 diutius
868 3037 1026 3065 moratur
1051 3030 1087 3064 in
1113 3029 1181 3064 hoc
1207 3031 1278 3065 situ
1303 3030 1347 3064 ob
1373 3031 1618 3066 variationem.

366 3101 436 3145 ***)
463 3103 503 3136 In
528 3102 583 3136 his
610 3103 734 3138 sitibus
762 3080 808 3174 Ξ
834 3106 936 3140 Luna
961 3105 1113 3140 debilius
1140 3109 1302 3139 movetur
1325 3115 1449 3140 versus
1475 3105 1621 3140 Terram
1652 3104 1688 3139 in
1714 3105 1892 3141 anomalia
1916 3105 2040 3142 eadem

253 3176 299 3214 90
323 3175 379 3213 vel
402 3177 486 3223 2703
511 3188 593 3213 nam
619 3182 654 3214 et
679 3178 781 3214 citius
808 3180 881 3214 exit
904 3190 948 3215 ex
974 3179 1029 3215 his
1056 3180 1181 3216 sitibus
1208 3179 1252 3216 ob
1280 3180 1519 3216 variationem,
