2126 3388
946 156 1047 192 1613.
1800 159 1886 205 817

90 286 212 323 mum,
245 275 393 325 eritque
424 287 574 313 rursum
605 274 818 313 Novembri
850 279 887 312 et
919 275 1125 314 Decembri
1156 277 1419 325 sequentibus.
1464 277 1527 327 At,
1560 280 1591 317 si
1623 278 1696 317 hae
1731 291 1884 328 causae,

91 333 287 383 quomodo
320 334 469 383 agunt?
520 334 620 372 Num
652 334 778 371 locum
808 333 955 371 habent
986 346 1095 372 meae
1128 335 1418 385 explicationes,
1453 349 1551 386 quas
1583 337 1679 376 alias
1712 339 1886 388 usurpo?

89 392 190 430 Nam
229 393 342 430 astris
374 393 447 431 Dei
486 403 645 439 munus,
692 391 879 429 formandi
924 392 1101 439 effectus,
1141 404 1387 442 nequaquam
1430 397 1702 434 transscribere
1744 399 1884 446 cogito.

91 450 184 488 Esto
217 451 333 499 igitur
364 453 401 488 in
433 456 623 488 astrorum
656 452 772 487 etiam
806 451 966 496 ratione,
998 453 1070 488 sim
1098 451 1172 489 hoc
1193 457 1365 500 tempore
1399 453 1644 493 vehementer
1676 455 1714 491 in
1736 455 1887 493 affecti-

91 509 163 546 bus
194 520 304 546 meae
336 516 497 547 naturae
530 509 795 555 familiaribus,
831 510 868 544 in
902 508 1141 555 credulitate,
1175 511 1212 546 in
1246 512 1505 548 ostentatione
1537 514 1705 561 pietatis,
1738 514 1887 551 miseri-

92 566 263 614 cordiae,
307 569 344 603 in
377 568 598 616 captatione
636 567 762 604 famae
795 578 841 604 ex
871 569 984 604 novis
1018 573 1055 605 et
1085 567 1293 616 paradoxis
1335 569 1506 606 consiliis
1539 576 1576 608 et
1617 571 1886 620 singularitate

91 624 290 671 sactorum,
325 626 361 662 in
384 625 551 663 sollicita
570 625 763 662 rationum
786 625 980 662 variarum
1003 627 1298 675 conquisitione,
1325 629 1622 676 comparatione,
1646 631 1888 676 excussione,

91 684 128 719 in
161 685 356 721 anxietate
390 685 506 721 animi
540 684 640 720 circa
674 682 916 720 electionem.
979 684 1060 720 Sim
1094 685 1270 733 exemplo
1306 691 1343 722 et
1375 687 1477 734 ipse,
1525 687 1650 724 Deum
1683 699 1767 725 raro
1800 700 1887 726 cur—

92 753 176 778 sum
198 747 358 778 naturae
383 738 642 785 intervertere,
678 746 715 777 et
735 745 864 778 tamen
887 741 1049 779 formare
1070 748 1186 790 atque
1211 742 1415 791 disponere
1439 746 1688 782 consiliorum
1712 752 1886 784 eventus.

94 799 274 848 Agnosco
315 801 562 837 manifestum
604 800 758 847 signum
799 800 948 847 gratiae
981 799 1055 837 Dei
1095 801 1130 836 iu
1171 799 1244 837 hac
1286 802 1409 849 prima
1447 813 1632 850 persona,
1676 804 1778 853 quod
1811 815 1887 842 non

93 859 234 904 evenit,
269 857 372 906 quod
406 860 559 895 evenire
592 862 754 906 poterat,
788 862 830 894 ut
861 856 929 894 illa
961 857 1052 894 mihi
1087 858 1260 896 nuberet.
1313 858 1536 908 Sequuntur
1568 861 1679 898 aliae.

232 915 329 952 Cum
361 922 481 953 matre
514 916 607 953 mihi
639 921 728 952 sunt
760 916 983 963 propositae
1017 915 1114 953 duae
1146 915 1259 963 filiae,
1294 917 1396 954 malo
1431 921 1576 965 omine,
1612 921 1641 956 si
1676 920 1888 958 honestatis

92 972 213 1010 laesio
250 973 531 1023 qualiscunque.
564 975 601 1009 iu
634 973 725 1010 mali
760 974 897 1010 ominis
918 979 1025 1022 parte
1057 974 1236 1022 ponenda
1268 983 1336 1012 est.
1391 976 1440 1012 Et
1462 979 1558 1014 ratio
1584 977 1712 1024 dictat,
1746 979 1888 1016 malum

93 1031 347 1080 portendisse,
380 1032 446 1069 sed
479 1031 622 1069 malum
655 1037 874 1079 cognatum,
909 1031 1057 1069 scilicet
1089 1034 1281 1070 sinistram
1316 1033 1602 1073 abhorrentiam
1625 1037 1741 1073 animi
1775 1049 1797 1074 a
1829 1048 1889 1074 re-

94 1091 270 1136 ceptione
310 1090 479 1138 consilii,
522 1102 656 1139 parum
698 1089 858 1127 honeste
891 1102 913 1126 a
944 1091 1116 1138 patronis
1160 1093 1385 1128 feminarum
1423 1092 1556 1131 oblati.
1620 1095 1670 1131 At
1702 1094 1797 1131 illud
1828 1107 1888 1132 me

92 1150 230 1184 mirum
263 1148 393 1194 habet,
426 1150 458 1185 si
490 1149 632 1186 malum
666 1147 739 1184 hoc
773 1159 882 1185 omen
919 1151 995 1194 est,
1030 1160 1096 1186 cur
1127 1150 1364 1197 portenderit
1397 1151 1538 1188 malum
1571 1151 1684 1200 plane
1718 1152 1885 1190 alienum

93 1218 117 1243 a
139 1218 256 1243 eausa
290 1208 365 1244 ista
395 1206 525 1244 laesae
557 1207 786 1244 honestatis.
832 1206 930 1243 Ecce
954 1207 1054 1243 enim
1086 1207 1262 1245 fortunae
1285 1208 1505 1256 ludibrium,
1542 1209 1647 1247 nulla
1668 1222 1753 1248 mea
1777 1211 1890 1259 eulpa

98 1267 345 1302 concitatum.
402 1265 488 1303 Non
521 1271 671 1302 tantum
704 1265 812 1301 initio
846 1276 930 1301 cum
964 1271 1083 1302 matre
1116 1264 1194 1302 filia
1228 1265 1361 1303 dotata
1393 1267 1474 1312 suit,
1509 1267 1575 1305 sed
1609 1270 1723 1306 etiam
1755 1276 1892 1318 postea

97 1323 134 1359 in
168 1325 524 1372 compensationem
556 1324 688 1360 matris
722 1324 958 1359 recusantis:
997 1323 1241 1361 vehementer
1262 1336 1321 1361 me
1355 1326 1519 1373 perculit
1551 1326 1772 1364 deformitas
1797 1338 1890 1364 con-

97 1381 187 1426 silii,
221 1388 257 1418 et
288 1387 416 1419 tamen
449 1383 559 1430 coepi
593 1381 638 1418 de
672 1380 892 1418 conditione
932 1383 1134 1430 inquirere.
1196 1382 1352 1420 Interim
1387 1383 1476 1420 dum
1509 1386 1677 1422 animum
1711 1398 1732 1423 a
1764 1385 1892 1422 viduis

97 1438 146 1476 ad
178 1440 347 1488 virgines
379 1440 566 1477 transfero
599 1445 637 1476 et
668 1439 713 1476 de
746 1439 905 1477 absente
938 1451 1014 1476 non
1046 1446 1134 1477 ante
1166 1442 1252 1478 visa
1284 1443 1434 1489 cogito,
1481 1444 1581 1491 cepit
1619 1455 1679 1481 me
1713 1449 1891 1492 aspectus

95 1499 311 1546 praesentis
345 1503 382 1536 et
413 1499 576 1547 probata
607 1497 891 1546 physignomia.
954 1497 1056 1535 Satis
1098 1497 1143 1536 de
1177 1498 1407 1537 educatione
1450 1501 1671 1549 constabat,
1718 1501 1892 1550 splendi-

97 1555 185 1592 dam
217 1557 340 1604 magis
383 1568 465 1594 esse
509 1567 625 1605 quam
667 1556 760 1592 mihi
803 1555 951 1592 utilem.
1013 1556 1174 1593 Deliciis
1215 1562 1294 1594 erat
1334 1559 1500 1595 enutrita
1540 1570 1655 1607 supra
1688 1561 1890 1605 fortunam,

97 1625 168 1652 nec
200 1613 333 1652 aderat
365 1620 473 1652 aetas
506 1619 597 1663 apta
631 1615 729 1651 curis
763 1613 996 1652 domesticis.
1059 1614 1119 1652 De
1152 1614 1281 1653 indole
1314 1622 1440 1653 tamen
1479 1629 1525 1654 ex
1567 1617 1675 1655 vultu
1705 1617 1893 1666 judicium

96 1672 222 1710 ferens
270 1674 416 1721 optima
456 1684 635 1722 quaeque
677 1672 900 1721 sperabam,
944 1673 975 1709 si
1010 1674 1123 1710 etiam
1157 1675 1297 1710 sororis
1332 1673 1556 1712 accederent
1595 1675 1891 1722 admonitiones,

97 1731 261 1768 feminae
294 1733 475 1779 optimae.
539 1730 724 1768 Consului
764 1742 968 1779 personam
1013 1732 1211 1779 utriusque
1251 1738 1423 1769 nostrum
1465 1735 1736 1781 peritissimarn
1769 1746 1892 1782 aeque

98 1800 143 1826 ac
181 1789 519 1827 studiosissimam.
591 1788 725 1826 Visum
768 1794 824 1826 est
862 1789 934 1835 illi,
980 1789 1204 1826 tentandam
1246 1790 1400 1839 puellae
1441 1798 1612 1828 matrem.
1683 1793 1780 1830 Nam
1823 1793 1892 1829 etsi

97 1847 300 1884 lautiorem
340 1859 523 1896 generum
564 1851 642 1884 tam
682 1849 861 1884 teneriter
900 1847 1056 1885 habitae
1098 1859 1283 1896 quaerere
1329 1849 1548 1896 videbatur,
1593 1855 1724 1899 optare
1763 1856 1892 1888 tamen

98 1907 222 1954 magis
262 1917 379 1954 quam
421 1917 574 1955 sperare
618 1910 789 1954 poterat,
832 1906 880 1942 ob
912 1917 970 1942 res
1012 1907 1161 1943 accisas
1195 1912 1231 1943 et
1264 1906 1468 1944 Caesarem
1501 1914 1704 1947 mortuum.
1770 1909 1893 1946 Etiam

97 1970 221 2000 mater
253 1963 496 2001 deliberavit.
559 1963 655 2001 Mihi
699 1963 772 2000 hoc
804 1968 885 2000 erat
916 1963 1138 2011 consilium,
1178 1966 1348 2003 rationes
1379 1977 1485 2003 meas
1520 1966 1774 2004 dissuasorias
1805 1978 1894 2015 per-

98 2023 248 2059 mittere
281 2023 438 2059 arbitrio
472 2023 615 2066 matris,
647 2022 812 2059 feminae
845 2027 883 2059 et
903 2021 1226 2070 prudentissimae
1259 2029 1295 2060 et
1317 2023 1419 2061 filiae
1441 2027 1744 2063 amantissimae.
1795 2025 1893 2062 Nam

99 2081 129 2117 si
163 2080 345 2129 probaret
375 2093 501 2118 meum
535 2079 758 2126 consilium,
801 2091 877 2116 non
910 2080 989 2117 fore
1021 2080 1158 2117 falsam
1192 2093 1314 2118 meam
1348 2094 1455 2130 spem
1488 2082 1533 2120 de
1566 2082 1706 2122 indole.
1766 2081 1892 2121 Unum

98 2138 172 2175 hoc
203 2150 226 2176 a
258 2150 318 2176 me
359 2144 461 2177 recte
504 2139 670 2186 sactum3
716 2132 855 2174 melius
896 2143 1023 2175 tamen
1064 2140 1200 2176 fuisset
1244 2151 1319 2175 non
1362 2146 1510 2188 petere,
1559 2141 1660 2189 quod
1693 2140 1893 2190 probabile

99 2201 191 2242 erat,
224 2208 299 2233 non
331 2197 564 2245 placiturum
599 2198 721 2234 matri.
781 2196 880 2233 Nam
912 2202 1033 2233 mater
1066 2196 1250 2246 denique,
1285 2200 1456 2235 excussis
1489 2200 1723 2245 rationibus,
1757 2200 1894 2236 statuit

97 2265 220 2292 annos
252 2255 356 2292 filiae
389 2255 517 2304 plures
551 2260 793 2304 exspectare,
828 2259 864 2291 et
887 2259 966 2291 tute
992 2256 1120 2292 omnia
1141 2255 1420 2303 administrata,
1454 2257 1555 2294 sama
1577 2257 1684 2294 nulla
1716 2259 1892 2295 excitata.

98 2312 246 2350 Mensis
279 2314 374 2350 abiit
405 2326 472 2363 per
503 2314 573 2350 has
606 2324 728 2355 curas,
761 2313 988 2361 interimque
1022 2312 1148 2361 Praga
1182 2325 1252 2362 ego
1288 2313 1464 2352 discessi:
1498 2327 1585 2352 nam
1619 2321 1685 2353 aut
1707 2327 1888 2364 sponsam

99 2371 285 2416 obtinere,
319 2377 387 2408 aut
418 2377 540 2409 totum
572 2372 810 2420 propositum
844 2382 930 2407 cum
963 2372 1046 2419 ipsa
1079 2372 1171 2409 urbe
1194 2372 1421 2420 relinquere,
1457 2374 1580 2410 visum
1615 2380 1671 2411 est
1704 2374 1893 2411 edictum-

97 2440 170 2477 que
193 2430 317 2468 matri.
353 2430 482 2478 Atque
505 2431 600 2467 haec
623 2428 793 2466 secunda
814 2434 884 2474 est,
909 2428 957 2466 ad
980 2430 1129 2466 tertiam
1155 2431 1280 2468 venio.
1312 2430 1398 2467 Non
1422 2432 1521 2467 euim
1545 2439 1682 2469 noceat
1709 2438 1892 2480 repetere,

99 2487 202 2536 quod
235 2487 380 2524 Illustri
413 2487 677 2525 Generositati
709 2487 817 2524 Tuae
845 2487 926 2533 jam
950 2493 1064 2524 antea
1087 2492 1264 2524 oretenus
1287 2490 1412 2535 retuli,
1446 2490 1592 2527 scilicet
1613 2496 1653 2526 ut
1677 2502 1722 2527 ex
1746 2491 1892 2534 itinere,

98 2544 201 2593 quod
234 2545 409 2582 Lincium
442 2547 701 2590 institueram,
746 2546 782 2580 in
816 2544 1033 2582 Moraviam
1067 2545 1308 2592 deflexerim,
1351 2553 1521 2584 resumto
1562 2548 1745 2593 consilio,
1791 2545 1892 2595 quod

95 2604 206 2640 initio
238 2608 394 2651 propter
427 2603 708 2641 deformitatem
741 2602 1000 2650 displicuerat.
1046 2603 1120 2640 Hic
1144 2605 1294 2641 animus
1316 2604 1479 2651 calebat,
1513 2606 1647 2649 fateor,
1682 2605 1893 2653 quaerebat

97 2661 408 2710 supplementum
441 2663 683 2710 nuperrimae
721 2660 908 2707 jacturae,
943 2661 1037 2697 nihil
1072 2667 1199 2698 tamen
1233 2662 1330 2699 adeo
1364 2675 1409 2699 ex
1443 2662 1581 2700 calore.
1626 2662 1723 2700 Veni
1755 2664 1892 2699 iurem

97 2724 354 2768 praesentem,
387 2719 534 2767 placuit
566 2721 694 2766 virgo,
729 2723 810 2755 erat
842 2718 1006 2755 educata
1038 2719 1085 2756 ad
1119 2720 1360 2756 commodum
1394 2732 1539 2766 meum,
1575 2720 1671 2757 mira
1703 2721 1892 2768 prompti-

99 2776 233 2814 tudine
266 2777 446 2825 amplexa
479 2783 537 2814 est
565 2776 709 2813 liberos
740 2786 870 2812 meos:
904 2776 941 2812 id
972 2778 1225 2825 praecipuum
1258 2783 1339 2814 erat
1370 2777 1650 2815 firmamentum
1683 2783 1892 2826 conceptae

101 2834 281 2883 fiduciae,
316 2847 362 2872 ex
393 2834 467 2872 hac
499 2846 662 2883 propera
694 2833 847 2878 fiducia,
882 2833 970 2870 dum
1006 2836 1070 2870 uni
1093 2836 1146 2871 rei
1169 2836 1327 2870 nimium
1359 2847 1442 2871 sum
1467 2837 1647 2881 intentus,
1682 2835 1892 2873 firmandae

101 2893 249 2930 scilicet
282 2894 500 2942 sponsioni,
543 2893 580 2928 in
614 2892 689 2928 alia
721 2901 759 2927 re
791 2902 925 2939 parum
960 2896 1095 2928 cautus
1129 2891 1202 2937 fui,
1245 2903 1319 2929 non
1363 2893 1510 2929 scilicet
1541 2894 1635 2929 satis
1668 2895 1753 2930 cavi
1787 2905 1893 2930 com-

100 2950 226 2988 modis
258 2953 368 2989 meis.
428 2951 527 2989 Nam
559 2950 701 2987 liberos
734 2948 871 2996 reliqui
903 2948 1053 2986 futurae
1086 2950 1215 2995 matri,
1250 2961 1346 2997 quos
1379 2956 1515 2998 postea
1547 2962 1632 2988 cum
1665 2956 1793 2988 sumtu
1826 2963 1893 2988 ac-

101 3020 248 3047 cersere
281 3009 334 3046 fui
368 3014 539 3047 coactus.
602 3008 661 3045 De
692 3007 866 3054 reliquo,
912 3011 953 3043 ut
984 3018 1100 3055 supra
1133 3006 1222 3052 dixi,
1255 3007 1409 3045 fortuna
1441 3010 1477 3044 in
1511 3009 1625 3057 culpa
1660 3015 1730 3046 est.
1791 3009 1889 3046 Nam

99 3068 203 3105 bona
233 3066 366 3116 puella
396 3067 511 3104 fidem
544 3075 653 3103 suam
693 3069 781 3102 ante
813 3075 955 3101 annum
989 3065 1246 3102 obstrinxerat
1277 3066 1364 3111 alii,
1411 3067 1475 3114 qui
1515 3068 1664 3104 iuterim
1704 3073 1892 3105 scortator

101 3126 227 3163 evasit
265 3124 465 3174 filiumque
497 3136 541 3163 ex
581 3123 721 3175 pellice
761 3128 983 3172 susceperat
1024 3134 1148 3172 eoque
1190 3125 1297 3161 visus
1340 3128 1398 3162 est
1443 3123 1565 3163 deseri
1603 3136 1740 3173 posse:
1781 3131 1892 3175 grata

170 3191 269 3225 Opera
285 3192 411 3225 Kepleri
429 3191 512 3219 V111.
1573 3191 1615 3228 53
