2126 3388
1126 1015 1225 1077 ΠΙ.

425 1250 558 1299 Usque
590 1249 717 1287 adhue
748 1248 913 1287 Joannis
946 1250 1103 1300 Kepleri
1137 1253 1254 1289 vitam
1288 1250 1376 1289 inde
1408 1252 1456 1288 ab
1489 1250 1733 1288 incunabulis
1773 1262 1894 1299 usque
1927 1250 1976 1288 ad
2007 1263 2074 1288 ex-

284 1313 445 1348 tremum
477 1308 577 1346 diem
609 1309 736 1345 animo
769 1310 960 1356 persecuti
992 1321 1136 1356 sumus,
1170 1316 1207 1346 ct
1229 1321 1329 1358 quae
1362 1320 1517 1357 quoque
1550 1310 1689 1346 aetatis
1723 1320 1822 1346 anno
1856 1309 1888 1346 ei
1922 1309 2075 1346 accide-

282 1369 380 1415 rint,
413 1372 450 1404 et
481 1378 594 1415 quem
627 1365 676 1403 ad
707 1365 864 1402 modum
896 1367 979 1414 ejus
1011 1369 1207 1415 ingenium
1240 1369 1401 1406 creverit
1434 1373 1470 1405 ct
1501 1366 1735 1413 adoleverit,
1769 1367 1928 1404 scientia
1961 1372 2076 1404 aucta

283 1431 320 1463 et
351 1424 587 1474 amplificata
618 1425 687 1470 sit,
721 1424 939 1463 referentes,
1000 1425 1208 1463 Praeterea
1239 1426 1376 1472 libros,
1411 1437 1507 1473 quos
1541 1424 1659 1462 edidit
1691 1436 1835 1472 ornneS,
1869 1424 2074 1462 observato

282 1488 384 1522 certo
425 1488 467 1520 ut
507 1482 599 1520 editi
643 1487 732 1520 sunt
770 1481 901 1519 ordine
947 1485 1257 1521 enumeravimus
1301 1489 1337 1521 et
1369 1496 1414 1521 ex
1447 1488 1556 1532 parte
1595 1483 1631 1519 id
1664 1494 1818 1531 quoque
1861 1482 2073 1529 retulimus,

282 1542 422 1590 quibus
454 1542 491 1577 in
523 1541 638 1578 rebus
671 1550 825 1588 quoque
857 1552 957 1578 anno
989 1541 1180 1590 Keplerus
1213 1547 1388 1579 versatus
1419 1543 1480 1581 sit.
1534 1541 1589 1577 Ex
1621 1542 1789 1578 maxima
1820 1540 1957 1579 deinde
1990 1543 2073 1590 epi-

280 1599 466 1637 stolarum
498 1604 535 1636 01
565 1599 766 1635 missarum
790 1603 827 1635 et
856 1603 1098 1648 acceptarum
1131 1601 1242 1650 copia
1273 1611 1318 1637 ea
1350 1605 1387 1637 01
1421 1600 1580 1648 carptim
1618 1606 1654 1636 et
1691 1600 1884 1649 copiosius
1926 1599 2073 1637 reddita

281 1662 379 1702 sunt,
413 1668 513 1705 quae
545 1661 612 1694 aut
645 1655 728 1704 ejus
759 1667 818 1693 res
839 1655 1047 1694 familiares
1068 1657 1324 1705 illustrarent,
1359 1662 1425 1695 aut
1449 1657 1740 1705 cognoscendae
1763 1658 1905 1707 ingenii
1929 1657 2071 1695 educa-

281 1716 377 1753 tioni
409 1720 446 1753 et
475 1715 737 1764 progressioni
770 1713 918 1762 maj0ra
950 1716 1148 1754 minorave
1181 1716 1325 1753 lumina
1356 1716 1544 1753 afferrent.

423 1772 560 1810 Restat
592 1771 757 1821 denique
791 1784 847 1819 ea,
883 1784 981 1821 quae
1015 1774 1222 1811 observato
1257 1778 1358 1811 certo
1392 1785 1579 1811 annorum
1613 1772 1743 1809 ordine
1776 1784 1899 1810 rerum
1923 1773 2070 1810 ratione

283 1835 321 1868 et
351 1831 643 1868 continuatione
676 1831 787 1878 quasi
821 1836 986 1878 careant,
1021 1831 1201 1880 colligere
1235 1837 1271 1870 et
1303 1832 1374 1869 sub
1407 1843 1483 1869 uno
1516 1836 1675 1881 aspectu
1708 1842 1871 1879 ponerc;
1915 1837 1952 1869 et
1984 1832 2072 1879 qui-
2125 1870 2126 1873 ,

282 1887 391 1938 dem,
434 1889 508 1926 nisi
539 1888 635 1926 forte
666 1888 956 1938 pertractandae
988 1892 1042 1927 rei
1074 1896 1211 1927 natura
1243 1890 1477 1939 postulavit,
1523 1896 1562 1926 ut
1597 1890 1645 1926 ab
1679 1900 1752 1925 uno
1785 1890 1910 1938 capite
1943 1894 2069 1926 trans-

280 1958 410 1983 eamus
432 1947 470 1982 in
492 1946 670 1992 alterum,
704 1946 802 1983 hanc
825 1951 965 1984 certam
988 1949 1227 1985 tractationis
1250 1950 1387 1985 seriem
1410 1960 1525 1997 quam
1565 1948 1730 1984 maxime
1764 1947 2069 1992 observabimus,

277 2008 320 2041 ut
352 2006 511 2054 primum
545 2004 590 2042 de
623 2004 705 2053 ejus
736 2004 957 2052 familia,
1003 2011 1084 2043 tum
1117 2006 1162 2044 de
1194 2008 1373 2043 amicis
1406 2012 1455 2044 et
1478 2006 1793 2052 fautoribus,
1828 2004 1991 2054 denique
2025 2004 2070 2043 dc

278 2061 554 2101 literarum
585 2062 777 2100 studiis
809 2067 852 2101 et
885 2063 1121 2102 doctrina
1153 2064 1397 2103 disseramus,

924 2276 987 2311 De
1017 2276 1202 2321 Kepleri
1232 2276 1413 2313 familia.

423 2351 597 2389 Joannes
629 2352 821 2402 Keplerus
853 2353 966 2392 domo
998 2360 1111 2392 natus
1144 2360 1201 2392 est
1233 2367 1332 2403 quae
1372 2357 1409 2391 in
1442 2355 1570 2393 Wilae
1603 2356 1721 2393 1111010
1755 2357 1961 2405 municipio
1994 2355 2068 2392 aii-

279 2414 465 2459 quantum
497 2412 679 2460 temporis
710 2412 879 2449 maxima
910 2415 1138 2450 auctoritate
1170 2413 1342 2450 florebat.
1407 2413 1516 2450 Avus
1549 2415 1648 2450 enim
1671 2413 1915 2451 Sebaldus
1947 2413 2069 2463 Kep-

277 2467 407 2505 lerus
439 2473 475 2505 et
506 2469 589 2517 ipse
623 2469 786 2518 praefuit
817 2471 913 2517 urbi,
946 2478 983 2508 01
1015 2471 1194 2509 abdicato
1229 2483 1383 2519 quoque
1417 2483 1461 2508 co
1495 2483 1649 2508 1111111010
1672 2471 1775 2509 haud
1798 2483 1882 2508 raro
1913 2471 2069 2521 publiea

279 2531 316 2564 et
349 2537 434 2563 cum
478 2525 564 2563 aliis
607 2528 824 2576 municipiis
863 2534 900 2566 01
940 2540 1025 2566 cum
1068 2530 1197 2566 vicina
1238 2528 1346 2566 ducis
1379 2529 1718 2578 Wiirttembergiei
1762 2531 1918 2567 civitate
1962 2540 2067 2567 com-

277 2585 418 2622 mercia
451 2585 684 2633 procuravit.
745 2585 792 2622 Et
824 2597 867 2623 ex
901 2587 1064 2635 publicis
1097 2586 1270 2635 ejusdem
1304 2587 1434 2637 oppidi
1469 2587 1680 2634 codicibus,
1715 2589 1780 2636 qui
1811 2587 1940 2625 Wilae
1973 2598 2066 2624 0011-

280 2643 424 2679 servati
455 2647 544 2679 sunt
576 2654 622 2679 ex
653 2643 876 2681 novissimis
907 2644 1021 2681 XVI.
1054 2645 1173 2682 seculi
1206 2646 1339 2692 annis,
1374 2645 1473 2683 clare
1505 2650 1686 2695 apparet,
1721 2647 1946 2695 saepissime
1980 2656 2064 2682 eum

277 2699 395 2748 legati
436 2701 589 2737 nomine
621 2700 911 2749 Stuttgartiam,
954 2702 1252 2750 Heilbronnam,
1297 2703 1446 2753 Spiram
1479 2703 1654 2752 aliasque
1693 2703 1729 2740 in
1762 2704 1875 2741 urbes
1908 2704 2065 2739 missum

279 2758 420 2794 civium
452 2769 608 2795 suorum
639 2759 841 2797 commoda
871 2760 1076 2799 fortissime
1100 2760 1327 2799 defendisse.
1369 2762 1578 2799 Fortunam
1601 2767 1728 2799 autem
1751 2761 1932 2799 habuisse
1954 2760 2064 2798 vide-

279 2822 338 2852 tur
368 2815 473 2853 haud
504 2828 676 2865 parvam,
709 2829 820 2865 quae,
855 2829 939 2856 cum
971 2824 1194 2856 sumtuosus
1217 2824 1254 2856 et
1275 2818 1387 2856 luxus
1409 2821 1695 2857 amantissimus
1727 2824 1836 2865 esset,
1868 2819 1939 2855 sub
1964 2819 2064 2856 vitae
2109 2831 2111 2855 j

281 2873 423 2910 exitum
455 2874 568 2912 valde
600 2876 801 2912 imminuta
833 2881 902 2923 est,
936 2878 991 2914 ita
1022 2882 1063 2914 ut
1092 2877 1223 2914 liberis
1254 2889 1352 2925 quos
1383 2877 1519 2914 habuit
1550 2877 1757 2926 permultos
1780 2878 1873 2924 (12)
1905 2877 2063 2925 paucis-
2108 2898 2110 2919 ς

279 2932 375 2968 sima
396 2931 596 2980 reliquisse
620 2932 818 2981 videatur3
853 2946 897 2972 ex
929 2936 975 2972 iis
998 2934 1164 2983 quidem,
1198 2946 1296 2983 quae
1330 2934 1376 2972 de
1397 2934 1562 2973 ι1011111113
1594 2940 1792 2984 parentum
1824 2945 1862 2970 re
1884 2934 2062 2971 familiari
2100 2896 2104 2965 l

279 2989 371 3025 satis
404 2994 598 3039 comperta
634 2990 843 3039 habemus,
887 2993 1129 3041 angustiores
1171 2994 1298 3042 potius
1340 3005 1399 3030 res
1439 3005 1553 3040 quam
1599 2992 1834 3042 opulentiam
1874 2992 2062 3040 conjicere
2099 2967 2107 3031 l

279 3044 379 3082 11001.
411 3042 486 3098 (Ex
508 3052 616 3096 patre
639 3048 724 3098 plus
748 3061 863 3097 quam
886 3050 990 3088 mille
1012 3051 1188 3097 florenos,
1221 3062 1268 3088 ex
1296 3055 1415 3089 matre
1447 3052 1520 3087 tria
1540 3050 1661 3087 millia
1682 3049 1910 3086 florenorum
1931 3049 2061 3087 liberis
2097 3045 2106 3096 ll

281 3102 462 3141 obvenire
485 3104 674 3151 debuisse,
710 3105 803 3144 dicit
824 3107 925 3145 filius
948 3108 1245 3158 christophorus
1267 3113 1387 3147 matre
1410 3109 1591 3155 mortua.)
1650 3106 1752 3143 Heu
1767 3108 1899 3144 ricus
1931 3111 2059 3144 autem
2096 3099 2104 3164 l:
2125 3143 2126 3157 χ

281 3158 491 3209 Keplerus,
532 3161 698 3200 ‚Joannis
729 3169 858 3214 pater,
896 3177 1054 3204 uxorem
1097 3166 1204 3204 duxit
1244 3166 1348 3205 haud
1382 3166 1560 3215 pauperis
1591 3165 1663 3201 viri
1700 3163 1841 3213 filiam,
1884 3164 2060 3203 Gulden-
2094 3160 2126 3248 'vs'

2092 3249 2101 3336 l!
2121 3286 2123 3330 ε

2090 3329 2100 3388 l
