2126 3388
609 190 663 225 De
688 189 810 226 amieis
837 193 874 226 et
901 189 1104 227 fautoribus
1129 191 1285 238 Kepleri.
1766 195 1847 239 987

57 309 145 348 dem
177 321 253 359 quo
285 309 476 360 Keplerus
507 321 622 357 anno,
654 309 850 348 nonnullis
881 309 997 347 modo
1030 311 1224 349 mensibus
1257 317 1344 351 ante
1367 313 1570 363 Tubingae
1604 316 1651 353 ad
1685 315 1852 353 doctoris

55 367 216 418 gradum
255 372 466 417 promotus.
528 368 614 416 Qua
645 368 690 406 de
721 380 760 406 re
792 380 837 406 ex
872 380 949 417 quo
992 369 1142 407 haurire
1185 370 1333 419 aliquid
1365 374 1578 421 possimus,
1621 374 1726 412 solus
1766 374 1851 411 fons

55 432 145 464 sunt
175 429 400 472 tentamina,
436 427 577 474 quibus
611 426 863 476 astrologicas
885 427 1050 464 Cardani
1073 428 1314 478 aliorumque
1344 431 1624 480 astrologorum
1656 431 1851 478 formulas,

56 496 153 534 quas
195 496 280 522 cum
322 487 361 522 in
399 485 529 534 Styria
567 496 611 522 ex
652 485 778 523 officio
819 487 929 534 quasi
969 485 1218 534 astrologiam
1262 493 1443 526 tractaret
1481 491 1733 528 assumendas
1769 502 1852 528 esse

56 542 258 586 credebat,
291 543 340 581 ad
371 555 481 581 suam
513 544 654 593 vitam,
696 555 806 580 suam
849 544 1039 581 fortunam
1072 546 1224 593 exigere
1256 550 1293 582 et
1330 557 1550 595 comparare
1593 554 1752 587 conatus
1784 553 1853 587 est.

56 600 142 649 Quo
174 602 211 638 in
243 600 376 639 libello
409 612 509 638 anno
546 605 667 638 1:397.
701 603 844 651 scripto
878 601 924 639 de
955 601 1113 652 Kepleri
1146 612 1231 640 cum
1264 605 1397 642 amicis
1429 610 1465 642 et
1497 607 1726 655 aequalibus
1759 619 1853 645 con-

54 659 258 697 suetudine
287 660 390 697 haee>
414 659 578 707 legimus
610 661 746 709 partim
768 671 862 697 sana
883 667 1009 697 mente
1032 662 1247 711 conscripta
1268 664 1406 710 partim
1436 675 1528 701 sane
1549 666 1718 714 prosecta
1742 666 1852 714 quasi

55 729 102 755 ex
122 724 249 755 mente
272 718 515 766 astrologicis
538 718 875 766 superstitionibus
898 730 1097 766 perversa:
1131 719 1304 756 Crusio
1337 732 1406 769 par
1429 720 1628 769 diligentia.
1649 724 1851 769 minutula,

52 775 185 813 labore
216 775 331 824 longe
352 776 518 822 inferior,
546 775 694 823 judicio
716 776 852 824 major.
887 776 1111 814 Laborabat
1132 776 1196 815 ille
1219 778 1448 827 colligendo,
1484 780 1545 818 hic
1571 784 1636 827 (sc.
1655 784 1852 828 Keplerus)

54 833 283 883 separando,
313 834 377 871 ille
407 838 583 878 rastrum,
612 833 675 871 hic
696 845 853 871 cuneus.
905 833 1120 872 Mercurius
1142 837 1178 871 in
1201 838 1366 885 septima
1388 840 1450 881 (sc.
1478 840 1594 880 domo)
1618 839 1853 876 celeritatem

54 897 92 930 et
114 892 256 929 laboris
279 892 421 938 odium,
455 893 546 940 quia
577 893 608 928 is
633 902 787 940 quoque
811 892 925 930 velox
958 898 1027 939 est,
1061 893 1128 930 Sol
1159 895 1196 930 in
1228 894 1356 932 sextili
1379 894 1532 932 Saturni
1556 896 1795 944 diligentiam
1818 901 1856 934 et

53 951 316 988 tenacitatem.
369 950 478 988 Haec
500 949 575 986 duo
597 955 686 987 sunt
717 951 753 986 in
776 950 931 988 homine
947 949 986 1001 ³²²>
1018 954 1223 1002 contraria,
1256 958 1442 1002 perpetuo
1475 955 1670 1002 poenitere
1702 961 1854 1003 tempus

54 1009 238 1046 amissum
259 1014 296 1046 et
316 1015 443 1046 tamen
467 1009 642 1046 amittere
666 1013 815 1057 sponte.
858 1008 1070 1046 Mercurius
1093 1011 1193 1047 enim
1211 1012 1311 1059 jocis
1333 1016 1368 1048 et
1390 1011 1482 1048 lusis
1507 1012 1675 1050 deditum
1699 1013 1789 1050 facit
1817 1017 1855 1050 et

54 1067 376 1105 delectationibus
398 1067 542 1115 ingenii
566 1068 602 1102 in
623 1067 738 1104 rebus
757 1066 981 1104 levioribus.
1027 1066 1161 1105 Crusio
1186 1082 1277 1107 vero
1300 1069 1513 1108 Mercurius
1546 1073 1582 1107 in
1604 1072 1769 1108 statione
1797 1075 1855 1109 est

55 1130 93 1164 et
123 1127 160 1162 in
194 1127 438 1174 oppositione
470 1125 637 1163 Saturni.
701 1124 824 1162 Credo
856 1124 1109 1171 Mercurium,
1153 1139 1228 1175 quo
1261 1127 1418 1165 liberior
1449 1129 1497 1166 sit
1528 1128 1644 1166 radiis
1678 1129 1853 1175 aliorum,

56 1183 131 1221 hoc
162 1185 287 1220 minus
321 1188 540 1232 corruptum
573 1182 790 1231 significare
818 1183 1030 1231 judicium,
1072 1190 1114 1221 ut
1155 1192 1192 1222 et
1232 1186 1456 1223 ascendens.
1522 1187 1694 1236 Exempli
1729 1188 1854 1236 gratia

55 1244 88 1279 si
119 1241 351 1279 Mercurium
385 1241 549 1290 adspicit
580 1240 791 1289 Saturnus,
824 1241 1044 1290 infrigidat,
1079 1248 1119 1279 ut
1151 1242 1336 1281 hebescat
1366 1246 1582 1293 ingenium,
1627 1248 1658 1283 si
1688 1245 1853 1294 Jupiter,

55 1300 256 1337 humectat
287 1305 324 1337 et
356 1300 533 1347 calfacit3
566 1299 644 1337 illic
676 1301 792 1347 igitur
824 1302 953 1337 omnia
986 1299 1189 1338 trahuntur
1220 1302 1268 1339 ad
1301 1302 1395 1340 lucri
1416 1303 1597 1348 studium,
1631 1304 1693 1341 hic
1725 1304 1854 1341 omnia

57 1358 105 1396 ad
136 1358 337 1396 honorum.
399 1358 440 1396 Si
472 1358 577 1395 Mars
609 1357 785 1407 adspicit,
819 1363 860 1395 ut
892 1357 1036 1404 mihi,
1081 1360 1240 1397 nimium
1283 1365 1423 1408 terret;
1466 1364 1695 1411 praecipitat
1737 1363 1854 1410 igitur

55 1418 253 1465 ingenium
285 1422 322 1454 et
345 1416 394 1455 ad
415 1418 510 1454 iram
532 1417 642 1465 rapit,
677 1415 725 1453 ad
746 1416 866 1464 lusus,
900 1417 949 1454 ad
980 1419 1227 1466 varietatem,
1261 1418 1348 1456 inde
1372 1419 1419 1456 ad
1443 1420 1633 1466 historias,
1668 1419 1717 1458 ad
1739 1419 1852 1467 bella,

56 1475 105 1513 ad
135 1475 352 1521 audaciam,
383 1475 432 1513 ad
464 1477 839 1524 πολυπριψι’,ο-ων,-ι-,
874 1486 972 1524 quae
1006 1477 1134 1514 omnia
1167 1483 1256 1514 nato
1280 1477 1472 1526 adjacent,
1505 1479 1553 1516 ad
1587 1478 1854 1516 contradicen-

57 1533 161 1581 dum,
194 1533 243 1571 ad
274 1533 590 1582 impugnandum,
624 1532 673 1570 ad
704 1533 1043 1581 reprehendendos
1077 1545 1208 1572 omnes
1242 1535 1416 1583 ordines,
1451 1537 1498 1574 ad
1532 1539 1683 1574 criticos
1717 1548 1854 1574 mores.

57 1592 156 1630 Nam
189 1592 374 1638 notabile,
409 1590 595 1640 quicquid
626 1590 742 1628 homo
775 1593 846 1629 iste
879 1592 970 1630 fecit
1000 1593 1038 1628 in
1071 1593 1221 1641 studiis,
1255 1595 1380 1632 facere
1412 1596 1449 1631 in
1483 1595 1853 1640 conversationibus,

57 1652 308 1699 impugnare,
352 1650 554 1697 insultare,
595 1648 785 1688 lacessere
825 1649 947 1688 malos
985 1661 1111 1688 mores
1161 1652 1351 1701 cujusque
1397 1653 1576 1691 hominis.
1648 1653 1693 1690 Id
1740 1654 1855 1691 etiam

59 1708 342 1758 Ortholpho
386 1719 601 1746 commune.
663 1707 704 1745 Si
737 1708 848 1746 Luna
879 1709 1071 1747 Mercurio
1100 1710 1258 1757 Juneta,
1304 1711 1501 1760 ingenium
1542 1716 1599 1749 est
1644 1711 1854 1758 humidum,

58 1767 233 1815 simplex,
268 1768 422 1813 bonum,
457 1771 498 1804 ut
530 1766 855 1814 Maegerlini.
909 1768 1036 1805 Nota:
1070 1767 1137 1805 Sol
1156 1769 1362 1817 siguificat,
1397 1781 1496 1819 quae
1530 1783 1552 1808 a
1575 1772 1710 1808 ceteris
1731 1771 1855 1819 signi-

58 1825 223 1863 ficantur
253 1825 431 1874 planetis,
464 1826 596 1873 itaque
629 1825 746 1862 etiam
779 1824 828 1861 ad
859 1825 989 1864 Solem
1032 1832 1090 1864 est
1121 1828 1158 1864 in
1191 1829 1347 1875 ingenio
1380 1829 1688 1876 respiciendum
1731 1829 1788 1866 sic
1819 1832 1856 1866 et

59 1882 282 1928 ascendens,
316 1896 404 1920 nam
437 1883 631 1932 significat
663 1894 849 1931 corporea
882 1885 1150 1923 instrumenta.
1214 1884 1324 1924 Unde
1360 1887 1395 1923 in
1431 1885 1670 1934 Maegerlino
1702 1885 1857 1935 Jupiter

59 1944 97 1979 in
130 1946 227 1989 ortu,
260 1942 372 1979 Luna
404 1953 489 1979 cum
518 1941 710 1978 Mercurio
743 1942 956 1990 simplicem
988 1943 1093 1982 facit.
1134 1944 1195 1981 Ita
1228 1951 1265 1981 et
1298 1947 1334 1981 in
1367 1945 1482 1982 affine
1514 1945 1712 1983 Simone
1733 1944 1855 1990 Luna,

60 2001 205 2046 Venus,
239 1999 318 2046 Sol,
351 1998 508 2048 Jupiter
541 1999 749 2048 conjuncti,
782 2000 1010 2049 simplicem.

199 2058 260 2096 Ab
294 2059 450 2096 ineunte
483 2063 610 2095 aetate
642 2057 795 2094 fuerunt
825 2058 916 2096 huic
947 2059 1093 2097 homini
1127 2059 1340 2097 adversarii
1374 2061 1508 2109 aliqui,
1569 2061 1722 2098 Primus
1744 2071 1857 2108 quem

61 2119 244 2156 memoria
266 2121 379 2154 teneo
403 2116 626 2164 Holpius
659 2118 950 2162 ‹Leobergensis.
993 2120 1062 2155 Cfr.
1096 2132 1128 2164 p.
1155 2121 1222 2155 135
1249 2123 1315 2165 s).
1353 2121 1429 2156 imo
1452 2131 1582 2157 omues
1614 2118 1854 2164 consodales,

58 2176 283 2220 Molitor,
329 2174 623 2212 Wielandus
663 2174 940 2223 Mulpronnae,
984 2182 1019 2213 et
1051 2176 1258 2227 Tubingae
1297 2176 1544 2215 Kollinus
1577 2179 1655 2223 (cfr.
1689 2190 1723 2223 p.
1758 2180 1854 2222 673),

58 2234 296 2274 Bebenhusii
326 2236 424 2280 (sic.)
452 2233 617 2270 Braun
632 2236 782 2280 baum,
815 2232 1073 2282 Mulpronnae
1107 2234 1554 2287 ZiegelheuserUS.

196 2293 397 2330 Recenseo
441 2291 655 2334 diuturnos,
728 2290 994 2339 Tubingae
1036 2292 1292 2340 Huldericus,
1342 2293 1546 2340 Seifferus,
1600 2291 1852 2341 Ortholphus‚

59 2351 382 2399 Adelbergae
416 2348 640 2395 Lendlinus,
674 2349 1004 2398 Mulpronnae
1028 2350 1380 2400 Spangenbergius,
1414 2351 1621 2397 Rebstock,
1654 2349 1852 2396 Huselius,

58 2411 318 2458 Tubingae
361 2408 568 2454 Cleberus‚
613 2409 841 2453 Dauberus,
881 2408 1124 2453 Lorhardus,
1167 2418 1355 2460 cognatus
1386 2409 1576 2458 Jaegerus
1603 2411 1680 2453 (cfr.
1713 2423 1747 2455 p.
1775 2411 1853 2453 (379)

58 2468 124 2507 JO.
157 2468 326 2516 Regius,
368 2466 562 2503 Murarius
595 2469 678 2513 (cfr.
703 2480 737 2512 p.
767 2468 869 2512 684),
902 2466 1121 2514 Speidelius
1154 2472 1204 2515 (p.
1233 2471 1329 2514 ool),
1368 2468 1561 2514 Zeilerus,
1595 2466 1659 2505 Jo.
1693 2465 1853 2503 Molitor

58 2527 191 2573 irater,
226 2525 390 2563 Crellius
423 2534 551 2569 socer,
584 2525 759 2574 plerique
791 2525 998 2572 aequales,
1033 2526 1171 2575 reliqui
1205 2527 1302 2565 forte
1334 2527 1371 2562 in
1405 2538 1536 2565 causa,
1598 2526 1736 2572 Itaque
1768 2525 1854 2560 ani-

57 2596 141 2621 mus
181 2585 263 2632 ejus
307 2587 504 2620 exercetur
542 2583 579 2620 in
622 2583 925 2631 cogitationibus
968 2590 1100 2620 contra
1139 2584 1396 2623 adversarios.
1462 2583 1604 2621 Unde?
1660 2584 1718 2619 An
1762 2583 1853 2630 quia

60 2645 202 2689 virtuti,
235 2641 439 2690 profectui,
479 2639 711 2688 honoribus,
743 2640 918 2679 felicitati
951 2653 1102 2689 semper
1134 2642 1307 2680 aemuli?
1362 2643 1422 2678 An
1455 2644 1545 2690 quia
1578 2641 1644 2678 Sol
1677 2645 1714 2678 et
1746 2639 1852 2677 Mer-

56 2703 184 2739 curius
216 2701 253 2736 in
285 2697 480 2747 septima?

196 2757 384 2805 Holpio
418 2767 567 2793 mecum
601 2756 647 2794 de
679 2755 904 2794 eruditionis
939 2757 1122 2804 opinione
1146 2758 1298 2796 occulta
1321 2758 1532 2795 contentio.
1584 2757 1620 2793 Is
1642 2767 1703 2794 me
1725 2757 1851 2793 mani-

56 2819 152 2856 feste
187 2816 331 2860 oderat,
367 2825 513 2851 mecum
547 2815 606 2852 bis
638 2816 839 2863 pugnavit,
873 2814 992 2851 semel
1029 2814 1263 2862 Leobergae,
1298 2815 1417 2852 semel
1448 2814 1692 2863 Mulpronae.
1737 2814 1852 2851 Post-

58 2887 175 2925 quam
218 2875 270 2911 ibi
303 2874 411 2910 locus
443 2874 618 2920 superior
654 2872 745 2908 mihi
784 2872 915 2915 cessit,
960 2872 1144 2909 rediimus
1184 2874 1220 2908 in
1262 2874 1446 2922 gratiam;
1491 2872 1710 2921 desperavit
1751 2874 1851 2909 enim

56 2934 339 2972 restitutionem
373 2942 537 2978 cumque
569 2931 674 2979 prius
706 2941 857 2978 semper
888 2933 1094 2975 metueret,
1123 2929 1204 2977 jam
1238 2931 1338 2968 sacto
1372 2929 1475 2979 quod
1507 2935 1694 2968 metuerat
1724 2930 1852 2968 odisse

57 2991 171 3030 simul
190 2995 306 3039 atque
329 2994 499 3027 metuere
522 2987 646 3026 desiit.
681 2989 901 3033 (Amicitiam
929 2990 1131 3024 restitutam
1150 2995 1306 3026 testatur
1327 2991 1504 3033 „Lessus“
1531 2991 1567 3025 in
1586 2990 1720 3025 obitum
1738 2991 1852 3036 patris

192 3127 223 3166 *)
255 3128 417 3170 Keplerus
455 3129 491 3158 in
529 3127 591 3157 hoc
629 3125 745 3156 libello
779 3134 908 3165 semper
946 3127 1012 3156 fere
1046 3126 1085 3155 de
1119 3136 1153 3157 se
1186 3127 1336 3168 loquitur
1370 3127 1463 3167 quasi
1492 3127 1531 3158 de
1563 3128 1661 3158 tertia
1694 3137 1849 3168 persona:

61 3175 178 3215 „homo
205 3175 304 3207 iste“.
