2126 3388
983 181 1084 219 1627.
1842 187 1927 233 907

263 298 460 344 Keplerum
491 309 572 335 cum
603 297 745 336 Jesuita
775 298 976 344 Dilingensi
1007 299 1202 336 Alberto
1235 301 1391 338 Curtio
1429 313 1496 349 per
1529 306 1663 339 annum
1692 304 1785 340 ’1627
1816 305 1929 342 multa·

123 357 240 401 egisse
265 357 310 393 de
335 358 444 394 rebus
472 358 735 401 astronomicis,
763 357 919 393 diximus
944 357 1013 393 vol.
1040 359 1102 393 VI.
1128 370 1164 403 p.
1191 360 1270 396 583.
1320 361 1448 406 Neque
1472 373 1556 399 vcro
1583 364 1825 399 astronomica
1849 368 1927 400 tan-

121 420 196 451 tum
221 416 384 460 tetigisse
410 417 606 462 Keplerum
630 416 667 451 in
694 415 856 461 epistolis
883 415 974 461 suis,
1003 417 1065 451 sed
1093 417 1199 452 etiam
1223 428 1281 453 res
1307 419 1353 454 ad
1377 420 1485 455 fidem
1511 422 1750 466 pertinentes,
1776 427 1929 467 apparet

122 484 140 508 e
158 475 454 518 responsionibus
474 475 598 520 Curtii,
625 484 716 519 quae
736 473 940 519 supersunt,
958 486 1067 519 quum
1086 475 1233 520 chleri
1251 477 1422 521 epistolas
1439 479 1512 514 huc
1528 490 1643 524 usque
1667 481 1803 516 frustra
1821 491 1928 525 quae-

121 531 318 569 siverimus.
368 533 555 578 Epistolae
589 533 700 568 Curtii
727 533 898 578 supplent
930 533 1192 578 quadamtenus
1223 535 1304 571 illas
1335 538 1500 582 Kepleri,
1540 549 1633 583 quae
1667 539 1926 575 desiderantur.

120 592 187 627 D1e
216 593 268 628 10.
296 592 395 627 Junii
421 592 565 637 scripsit
592 591 754 627 Curtius:
784 591 911 636 „Quod
936 603 1052 637 nuper
1076 593 1188 628 literis
1214 596 1302 630 meis
1328 596 1460 639 addidi,
1487 597 1596 632 nolim
1620 602 1656 634 te
1682 609 1723 634 eo
1750 599 1926 645 accipere,

118 649 216 685 velut
241 650 270 685 si
296 650 444 694 laqueos
470 649 711 684 conscientiae
736 654 820 685 tuae
846 651 1041 696 dispositos
1071 652 1178 687 velim
1204 657 1240 688 et
1264 650 1460 689 secundum
1494 656 1598 691 amici
1631 658 1783 700 gratiam
1815 662 1926 702 atque

119 709 333 745 sententiam
361 711 467 744 etiam
493 708 537 743 de
563 708 683 744 Sacris
709 712 746 744 et
771 709 888 745 salute
914 713 978 743 tua
1005 709 1164 755 decerni3
1202 715 1309 756 atque
1343 723 1408 747 nos
1433 722 1506 749 non
1536 717 1609 749 tam
1633 715 1823 751 infeliciter
1847 726 1926 751 eru-

118 767 183 802 diti
209 778 342 809 sumus,
372 767 458 812 quin
482 767 545 802 uni
571 767 711 802 cuidam
736 768 889 802 subinde
913 768 1031 802 laetus
1057 767 1103 802 sit
1127 769 1245 813 Deus,
1281 780 1387 813 quem
1412 782 1516 806 nemo
1548 773 1674 817 utique
1698 773 1802 818 fallit,
1830 774 1925 817 quis-

118 826 198 869 quis
225 824 412 859 affectatas
438 824 752 860 excusatiunculas
777 825 945 869 privatim
972 825 1066 860 domi
1092 837 1178 862 suae
1211 829 1552 870 comminiscitur.(?)
1602 831 1672 866 Sed
1699 842 1764 876 ego
1790 836 1844 873 te,
1878 832 1926 866 mi

117 883 286 928 chlere,
315 895 394 918 cum
420 882 577 917 viderem
602 882 654 916 ita
678 886 945 927 comparatum,
971 888 1012 918 ut
1037 884 1134 918 haud
1159 886 1268 930 paulo
1294 886 1416 931 plures
1442 898 1575 924 naevos
1602 889 1636 924 in
1662 889 1724 924 illa
1750 895 1831 935 tua,
1859 900 1925 925 seu

115 943 256 988 privata
281 952 344 977 seu
369 941 451 985 alia,
479 952 587 985 quam
610 941 648 975 in
673 944 799 976 nostra
825 944 861 975 et
886 941 1073 976 Catholica
1098 943 1251 979 ecclesia
1277 956 1463 992 agnoscas,
1488 946 1608 983 facere
1633 949 1738 983 aliter
1764 961 1837 984 non
1864 949 1925 984 de-

115 1001 186 1045 bui,
214 1012 321 1045 quam
347 1005 386 1035 ut
412 1000 457 1035 ad
482 1000 552 1034 1100
576 1000 695 1044 ipsum
719 999 878 1034 tribunal
898 1001 1140 1036 conscientiae
1157 1006 1241 1037 tuae
1267 1007 1303 1037 te
1320 1003 1547 1050 reducerem3
1576 1007 1631 1041 cui
1650 1007 1679 1042 si
1700 1009 1925 1053 obsequeris,

115 1071 186 1094 non
212 1070 321 1104 erras,
349 1070 455 1104 quam
481 1059 541 1094 diu
566 1058 628 1093 illa
653 1069 725 1093 non
752 1062 914 1094 errat...
934 1085 942 1093 .
992 1059 1030 1093 Si
1057 1069 1121 1103 ego
1141 1065 1330 1105 suspectus
1350 1074 1439 1107 sum,
1467 1075 1535 1109 age
1561 1070 1596 1100 et
1614 1070 1769 1110 utroque
1794 1067 1925 1105 silente

114 1119 286 1162 loquatur
311 1118 507 1163 scriptura,
543 1117 713 1162 loquatur
737 1117 955 1162 antiquitas,
988 1117 1184 1162 loquantur
1210 1119 1245 1155 S.
1274 1120 1308 1155 S.
1334 1121 1473 1166 Patres,
1506 1122 1676 1167 loquatur
1700 1125 1821 1171 Deus;
1856 1137 1922 1171 ego

113 1177 253 1211 interim
288 1176 488 1211 taciturnus
522 1175 682 1220 operiar,
715 1186 785 1219 quo
817 1185 933 1220 usque
957 1176 1052 1211 bono
1077 1178 1154 1212 Deo
1178 1179 1355 1222 placuerit
1380 1180 1447 1216 tibi
1477 1192 1553 1216 cam
1582 1187 1735 1218 mentem
1762 1185 1920 1231 injicere,

113 1235 214 1280 cujus
232 1240 267 1270 tc
283 1246 347 1279 per
364 1234 546 1269 inimicum
562 1234 715 1278 inJ'ectae
733 1234 950 1279 poeniteat.“
993 1235 1061 1270 Die
1079 1235 1134 1271 25.
1154 1237 1272 1272 Junii:
1295 1265 1301 1272 .
1321 1266 1329 1272 .
1350 1265 1358 1274 .
1397 1239 1473 1280 „Ad
1491 1241 1725 1285 appendicem
1745 1242 1923 1287 epistolae

112 1298 197 1328 tuae
222 1303 287 1327 nec
313 1293 534 1337 respondere
558 1296 663 1327 vacat
687 1303 755 1328 nec
779 1297 900 1328 tacere
926 1294 1098 1329 sustineo.
1143 1294 1318 1339 Cuperem
1335 1296 1545 1340 magistrum
1563 1298 1664 1333 illum
1682 1303 1782 1336 tuum
1808 1306 1922 1338 atten-

112 1351 184 1387 tius
210 1351 366 1395 audisse,
393 1351 438 1385 ad
464 1362 554 1396 quos
571 1351 762 1396 loquentes
780 1355 932 1396 uterque
949 1353 1232 1397 provocavimus,
1261 1354 1295 1390 S.
1315 1354 1452 1397 Patres,
1479 1350 1680 1401 Origenem,
1710 1359 1921 1403 Gregorium

110 1410 331 1447 Nisscnsem.
359 1409 588 1445 Ambrosium
614 1414 693 1453 etc.,
720 1411 854 1455 quibus
875 1411 1060 1456 judicibus
1088 1421 1198 1446 causa
1224 1411 1419 1458 deciditur;
1446 1419 1486 1450 tu
1503 1416 1646 1460 quidem
1673 1428 1784 1453 causa
1809 1419 1919 1463 cadiS,

111 1479 177 1503 nos
202 1469 261 1503 bic
286 1469 453 1513 Dilingae
470 1469 506 1503 in
523 1469 657 1504 libellis
677 1468 826 1504 edendis
845 1469 1039 1514 sequimur,
1065 1469 1163 1515 quod
1184 1475 1310 1506 sancta
1330 1472 1414 1506 olim
1433 1474 1631 1518 antiquitas
1649 1477 1836 1520 praeivit.“
1858 1506 1865 1513 .
1882 1504 1889 1512 .
1910 1506 1919 1515 .

110 1527 177 1561 Die
207 1528 259 1562 10.
287 1527 394 1561 Julii:
422 1526 607 1562 Exclusus
634 1537 712 1562 sum
737 1537 854 1572 nuper
879 1528 1073 1573 improviso
1098 1528 1226 1563 itinere
1251 1529 1296 1564 ad
1322 1530 1376 1567 Ill.
1405 1531 1577 1566 Comitem
1595 1533 1921 1582 Helffensteinium,

113 1597 182 1630 quo
207 1586 323 1621 minus
358 1586 472 1620 literis
504 1585 577 1620 tuis
610 1586 787 1621 maturius
817 1587 1073 1630 responderem
1084 1600 1092 1631 3
1128 1598 1235 1632 quam
1267 1588 1432 1632 equidem
1460 1590 1641 1634 jacturam
1674 1602 1716 1626 eo
1751 1592 1919 1630 libentius

111 1644 187 1688 tuli,
215 1644 310 1688 quod
338 1654 538 1689 sperarem,
563 1654 672 1689 posse
695 1655 752 1679 me
779 1655 824 1679 ex
848 1645 978 1679 vicinia
1003 1650 1039 1680 et
1065 1646 1255 1682 occasione
1280 1647 1366 1684 illuc
1391 1649 1436 1684 ad
1461 1660 1524 1684 vos
1551 1661 1666 1695 usque
1691 1651 1833 1688 Ulmam
1858 1664 1918 1688 ex-

111 1713 266 1738 currere.
310 1703 379 1738 Sed
406 1703 597 1739 laborante
615 1703 810 1738 etiamnum
836 1704 1044 1739 valetudine
1069 1705 1228 1749 Comitis,
1257 1705 1360 1750 cujus
1386 1707 1561 1752 obsequio
1589 1709 1760 1745 destinati
1784 1721 1918 1757 sumus,

111 1761 231 1796 missio
258 1761 432 1796 hacteuus
457 1762 643 1807 impetrari
667 1773 740 1796 non
764 1763 884 1807 potuit
887 1790 1006 1799 .....
1058 1764 1285 1799 Postremum
1317 1766 1492 1810 epistolae
1527 1771 1611 1802 tuae
1645 1768 1749 1804 desiit
1773 1769 1808 1803 in
1835 1781 1918 1805 con-

109 1820 320 1855 troversiam
347 1820 574 1864 familiarem,
607 1820 644 1855 in
670 1831 740 1864 qua
773 1824 814 1855 tu
840 1820 977 1856 scilicet
1001 1821 1145 1866 ingenio
1170 1826 1232 1857 tuo
1259 1829 1380 1867 gratas
1406 1824 1540 1868 gratias
1567 1825 1695 1870 debes,
1732 1827 1828 1871 quod
1852 1828 1918 1864 tibi

108 1878 143 1912 in
170 1888 212 1912 eo
239 1879 492 1914 commentario
519 1883 592 1914 tam
618 1877 822 1914 luculenter
845 1880 1110 1924 patrocinatum
1139 1885 1204 1915 est.
1246 1882 1322 1925 Ais,
1348 1883 1459 1918 verba
1474 1883 1666 1927 Augustini
1690 1885 1833 1930 passive
1859 1898 1916 1923 ac-

110 1935 275 1980 cipienda
299 1947 364 1980 pro
391 1938 470 1981 ipsa
496 1937 673 1983 mercede,
700 1939 757 1973 cui
782 1938 953 1973 associari
980 1939 1063 1974 olim
1088 1939 1125 1974 in
1151 1941 1251 1975 coelo
1277 1941 1474 1986 cupiamus.
1515 1942 1606 1977 Mihi
1631 1954 1666 1980 n,
1693 1943 1737 1978 de
1763 1954 1806 1979 ea
1823 1956 1917 1980 com-

109 1993 330 2029 mentatione
361 1994 505 2030 militari
537 1996 641 2031 aliter
673 2007 745 2031 non
769 1996 904 2041 visum,
940 2008 1046 2041 quam
1078 2002 1118 2032 ut
1142 1999 1346 2042 Augustino
1378 2001 1496 2045 ipsum
1527 2002 1770 2046 Augustinum
1805 2003 1915 2038 inter-

108 2057 244 2097 pretem
262 2063 454 2089 arcessam.
486 2054 542 2088 Ita
559 2052 667 2098 igitur
683 2054 754 2095 ille,
774 2059 913 2098 quaest.
930 2056 994 2090 149
1012 2055 1048 2090 111
1066 2057 1255 2092 Exodum:
1275 2058 1517 2103 admonemur,
1543 2059 1671 2104 inquit,
1691 2071 1771 2095 cum
1788 2061 1914 2097 merita

109 2116 232 2147 nostra
257 2123 323 2146 nos
349 2118 510 2156 gravant,
538 2123 582 2147 ne
608 2112 798 2156 diligamur
822 2124 843 2147 a
859 2113 949 2157 Deo,
976 2113 1128 2149 relevari
1146 2126 1212 2150 nos
1235 2116 1332 2161 apud
1357 2127 1439 2152 eum
1463 2117 1607 2152 illorum
1632 2119 1766 2154 meritis
1792 2130 1911 2165 posse,

109 2181 199 2215 quos
224 2170 337 2215 diligit
363 2175 427 2206 etc.
478 2171 546 2206 Die
571 2171 625 2207 26.
652 2171 825 2215 Augusti:
845 2197 852 2204 .
873 2197 909 2207 ..
950 2172 1086 2216 „Pergo
1114 2174 1283 2219 deinceps
1309 2176 1355 2211 ad
1379 2175 1593 2212 familiarem
1619 2179 1910 2223 controversiam,

111 2239 202 2273 quae
228 2234 367 2274 partem
393 2229 568 2273 epistolae
593 2229 685 2265 bene
710 2239 875 2275 magnam
907 2231 1057 2267 verbose
1091 2237 1127 2268 et
1155 2237 1244 2278 puto
1269 2234 1440 2271 meditate
1465 2239 1677 2280 conceptam
1710 2238 1911 2282 occupavit.

109 2375 151 2405 ad
175 2384 251 2405 suos
278 2375 394 2403 reverti
418 2374 609 2412 jubebatur.
657 2372 753 2404 Anno
784 2375 885 2406 1632.
915 2375 1081 2406 Genavam
1117 2387 1151 2408 se
1183 2379 1325 2409 contulit
1357 2377 1593 2420 (Berneggerus
1625 2380 1741 2411 scribit
1772 2380 1909 2412 Octobri

112 2423 212 2453 1632.
239 2421 456 2451 Schickardo:
484 2420 612 2451 Gratias
638 2430 700 2459 ago
727 2421 767 2452 de
791 2425 878 2452 recte
897 2423 1017 2452 curatis
1049 2423 1089 2453 ad
1114 2433 1165 2455 me
1184 2423 1347 2466 Keppleri
1371 2425 1489 2458 literis.
1539 2426 1612 2457 Mea
1638 2427 1735 2465 enim,
1762 2429 1818 2468 qui
1836 2429 1908 2469 ipse

111 2473 143 2498 et
167 2469 222 2498 hic
248 2470 279 2497 et
305 2467 395 2506 apud
413 2466 616 2498 Basilienses
634 2468 812 2509 spopondi,
841 2469 924 2499 scire
940 2469 1121 2510 plurimum
1148 2472 1288 2502 int-erest
1312 2473 1372 2503 ubi
1389 2477 1583 2505 moraretur.
1619 2474 1752 2504 Annum
1771 2476 1858 2505 enim
1877 2479 1908 2506 et

111 2525 148 2545 eo
176 2514 320 2554 amplius
347 2514 431 2543 1111111
458 2514 636 2554 quic-quam
662 2514 776 2545 audivi
802 2515 841 2545 de
869 2514 917 2556 eo)
951 2516 1144 2558 ibidemque
1180 2519 1318 2550 medicis
1343 2523 1498 2561 acceptus
1523 2520 1770 2561 ptochodochia,
1793 2522 1907 2553 sedulo

111 2561 271 2592 visitavit.
330 2560 407 2591 Hoc
441 2570 500 2600 per
535 2561 698 2598 integrum
734 2571 857 2592 annum
895 2563 1110 2605 continuans,
1150 2566 1358 2603 negotiorum
1395 2567 1603 2607 quorundam
1643 2576 1745 2597 causa
1777 2566 1906 2609 (typum

113 2607 282 2647 „Somnii⁴·
312 2611 441 2647 curans)
478 2606 732 2637 Francofurtum
765 2611 876 2648 petere
910 2610 1097 2647 cogebatur.
1159 2612 1220 2641 Hic
1252 2612 1287 2642 in
1321 2613 1500 2643 amicitiam
1531 2614 1785 2653 Ambstrutteri,
1820 2617 1906 2653 regis

112 2653 250 2692 Angliae
275 2652 387 2691 legati,
413 2657 579 2683 assumtus
607 2657 706 2692 atque
732 2655 775 2684 ab
803 2655 917 2685 eodem
944 2655 1084 2694 Georgio
1110 2657 1288 2696 Duglassio
1314 2659 1353 2689 de
1379 2660 1507 2690 meliori
1542 2663 1620 2690 nota
1647 2661 1905 2703 commendatus,

113 2710 188 2731 cum
214 2709 250 2730 eo
277 2700 532 2737 Regiomontum
557 2709 591 2730 se-
619 2701 760 2730 contulit
785 2703 817 2731 et
834 2711 922 2732 anno
940 2702 1030 2733 1635
1056 2704 1091 2733 in
1110 2713 1282 2734 numerum
1299 2706 1500 2745 practiorum
1520 2707 1773 2747 suscipiebatur.
1814 2707 1906 2739 Hinc

112 2758 188 2778 vero
213 2750 289 2787 post
315 2745 451 2785 aliquod
468 2749 599 2786 tempus
616 2747 653 2777 in
673 2747 803 2777 Italiam
821 2757 895 2778 eum
913 2748 1129 2789 discessisset,
1156 2752 1321 2791 acquisito
1338 2752 1474 2782 Patavii
1494 2753 1650 2784 Doctoris
1667 2753 1764 2784 titulo
1782 2754 1904 2793 Regio-

112 2798 260 2824 montum
288 2793 395 2823 denuo
422 2802 455 2822 se
481 2793 617 2832 recepit.
666 2792 800 2823 Soc-iam
824 2795 914 2824 vitae
939 2795 1004 2825 sibi
1030 2796 1130 2833 elegit
1161 2797 1322 2835 virginem
1347 2798 1506 2838 Mariam,
1540 2799 1738 2840 professoris
1762 2800 1905 2832 Reimeri

111 2840 216 2871 filiam
242 2838 380 2881 (1640),
408 2848 482 2869 cum
507 2848 571 2878 qua
598 2839 803 2876 Hungariam
829 2841 943 2871 adiens
969 2841 1112 2872 triennio
1139 2844 1294 2874 curandis
1321 2846 1425 2883 aegris
1452 2847 1687 2886 occupabatur.
1737 2847 1802 2878 Sed
1826 2849 1905 2879 inde

112 2887 370 2925 Regiomontum
397 2888 578 2926 revocatus,
607 2886 764 2915 defuncta
789 2887 899 2925 priore
926 2889 1064 2925 conjuge
1091 2887 1227 2930 (1646),
1255 2900 1340 2931 quae
1367 2891 1507 2922 eundem
1533 2894 1553 2924 6
1579 2893 1768 2935 liberorum,
1796 2904 1812 2924 0
1830 2896 1904 2936 qui-

112 2935 174 2964 bus
199 2932 287 2963 filiae
313 2933 397 2963 duae
424 2935 455 2962 et
480 2932 597 2962 unicus
622 2930 722 2970 filius,
747 2933 882 2971 paterni
906 2934 1048 2964 nominis
1074 2935 1198 2977 haeres,
1225 2933 1313 2967 n'unc
1338 2941 1524 2979 supersunt,
1549 2941 1678 2978 patrem
1704 2939 1835 2981 fecerat,
1861 2942 1903 2973 ad

116 2983 196 3010 vota
220 2979 366 3010 secunda
391 2980 535 3017 transiit,
562 2978 771 3008 matrimonio
798 2979 864 3009 sibi
879 2988 965 3010 anno
984 2981 1075 3011 1654
1097 2983 1241 3023 J'ungens
1266 2984 1427 3021 virginem
1445 2985 1574 3015 Annam
1591 2995 1656 3016 von
1674 2976 1903 3028 Tborhacken,

112 3036 130 3056 0
153 3035 219 3067 qua
243 3027 330 3056 intra
353 3024 664 3066 tranquillissimum
699 3026 890 3064 conjuo‘u'um
919 3025 1026 3057 filium
1059 3037 1161 3058 unum
1194 3038 1359 3071 unamque
1386 3029 1509 3071 filiam,
1545 3041 1562 3062 e
1588 3033 1708 3072 quibus
1734 3038 1900 3074 superstes

114 3073 195 3103 haec
221 3073 338 3103 saltem
365 3076 424 3110 est,
450 3072 606 3111 suscepit.
633 3088 674 3092 —
699 3070 851 3105 Mortuus
876 3075 923 3103 est
948 3073 1137 3105 Ludovicus
1161 3079 1286 3115 (regum
1309 3076 1473 3108 Poloniae
1500 3081 1531 3109 et
1547 3078 1693 3121 Sueciae‚
1718 3080 1799 3111 item
1817 3079 1901 3112 elec-

112 3120 193 3149 toris
218 3118 503 3158 Brandenburgici
528 3118 674 3148 medicus
707 3120 741 3148 et
766 3119 909 3150 civitatis
934 3119 1218 3158 Regiomontanae
1247 3123 1406 3164 physicus
1436 3124 1636 3168 ordinarius)
1663 3125 1716 3158 die
1734 3128 1788 3160 13.
1807 3127 1899 3170 Sept.

115 3166 216 3207 1663,
241 3163 330 3195 filius
356 3168 521 3205 superstes
547 3163 744 3207 (chirurgus)
771 3166 855 3196 obiit
879 3163 1133 3201 Amstelodami.
