2126 3388
278 169 362 214 702
957 167 1041 203 Vita
1056 165 1216 203 Joannis
1240 166 1402 212 Kepleri.

279 291 380 327 citiis
411 289 537 335 hausi,
568 286 670 325 hanc
701 285 925 335 amplector,
958 284 1139 323 simulare
1169 296 1246 324 non
1279 285 1408 333 didici,
1440 287 1539 324 seria
1561 286 1599 323 in
1620 286 1807 335 religione
1827 290 1963 336 tracto,
1993 297 2070 325 non

278 347 434 393 ludicra,
469 357 588 395 quare
620 349 658 382 et
679 346 778 382 serio
800 344 846 382 de
867 343 1064 391 religionis
1098 345 1291 392 exercitio,
1324 350 1653 382 sacramentorum
1676 356 1748 382 usu
1770 348 1919 394 satago.
1967 345 2069 393 Quid

278 404 438 443 autem?
489 404 613 452 Ejecti
645 407 734 440 sunt
764 402 869 440 hisce
900 402 1128 450 provinciis,
1173 403 1319 451 quibus·
1352 404 1599 441 internunciis
1642 402 1829 441 hactenus
1868 415 1952 441 cum
1985 404 2070 441 Deo

279 465 351 511 egi,
386 462 525 511 quibus
557 461 643 499 aliis
675 472 788 509 agere
819 471 974 509 possem
1007 471 1092 497 cuin
1114 459 1213 508 Deo,
1245 461 1272 497 ii
1302 471 1377 498 non
1410 461 1674 498 admittuntur.
1728 461 1789 498 Ad
1809 460 1906 499 haec
1929 461 2070 499 salario

278 523 369 558 vivo
401 531 469 569 pro
503 519 725 558 conditione
757 519 833 555 loci
863 528 1049 566 perquam
1081 519 1207 567 tenui,
1239 530 1326 569 spes
1360 523 1440 556 erat
1462 520 1653 557 auctionis
1675 520 1712 555 in
1733 523 1951 568 posterum:
1985 521 2070 567 quis

279 577 470 627 augebit?
520 578 749 615 Proceribus
790 575 933 613 ademti
975 581 1065 613 sunt
1105 587 1259 624 omnes,
1304 577 1370 625 qui
1409 576 1651 626 religionem,
1698 579 1763 625 qui
1801 582 1903 615 artes
1947 578 2072 626 magis

277 637 515 674 necessarias
547 635 789 682 tractabant3
823 633 930 671 solus
961 639 1138 683 superest
1168 634 1476 682 mathematicus,
1511 646 1586 683 quo
1619 646 1747 673 carere
1769 637 1939 672 omnium
1959 635 2072 673 facil·-

278 695 367 731 lime
398 705 513 743 posse
544 704 771 743 persuasum
803 692 961 732 habent.
1022 692 1066 729 In
1098 696 1206 729 tanta
1238 693 1552 740 exacerbatione,
1596 698 1653 729 tot
1686 693 1871 730 bonorum
1904 695 2072 730 virorum

279 753 415 799 exiliis,
449 764 526 801 qua
557 753 680 790 fronte
713 752 848 788 otiosis
879 752 975 788 meis
1007 751 1338 799 speculationibus
1370 751 1537 799 amplius
1561 751 1758 800 quidpiam
1780 751 1959 800 petiero?
1990 751 2072 788 Ita-

279 823 352 859 que
385 812 418 847 si
451 811 636 860 languent
665 821 753 846 mea
785 808 924 855 studia,
957 809 989 845 si
1021 815 1181 846 conatus
1214 809 1458 859 intercidunt,
1490 811 1519 846 si
1554 810 1847 858 exoptatissima
1878 808 1933 847 M.
1965 809 2073 846 Tuae

277 869 553 918 promtitudine
586 868 635 905 ad
666 867 951 916 promovendas
989 878 1097 904 meas
1137 868 1429 905 observationes
1472 872 1509 904 et
1540 867 1779 904 conficienda
1822 869 2074 904 instrumenta

277 930 313 963 in
336 929 557 976 praesentia
589 928 643 964 uti
666 936 829 974 neque0,
863 925 1116 962 habitationis
1138 936 1190 963 sc.
1213 927 1399 963 incertus:
1434 925 1586 974 culpam
1620 936 1771 963 omnem
1804 927 1842 962 in
1865 925 2072 974 religionis,

278 987 313 1021 in
347 986 516 1023 familiae
549 996 677 1022 curam
710 984 894 1021 conferes.

416 1051 481 1086 Ilis
507 1051 632 1095 turbis,
661 1061 753 1095 quae
779 1059 844 1094 per
869 1058 1000 1082 annum
1020 1051 1230 1091 sequentem
1249 1046 1436 1089 durabant,
1462 1050 1641 1094 Keplerus
1659 1061 1730 1084 non
1749 1049 1941 1094 impeditus
1961 1052 2073 1084 astro-

279 1110 433 1145 nomiam
460 1110 629 1152 excoluit,
655 1108 923 1144 observationes
949 1106 1208 1142 astronomicas
1234 1107 1455 1142 continuavit
1481 1113 1515 1142 et
1541 1108 1704 1152 epistolis
1731 1109 1775 1143 ad
1793 1108 1924 1142 amicos
1944 1113 1980 1142 et
1997 1106 2073 1142 fau-

278 1174 375 1204 tores
403 1169 495 1203 datis
522 1168 751 1213 acceptisque
777 1166 942 1201 solatium
967 1165 1071 1210 petiit
1095 1164 1131 1198 in
1158 1163 1408 1208 sollicitudine,
1435 1175 1542 1208 quam
1568 1166 1765 1200 attulerunt
1788 1176 1845 1200 res
1864 1165 2076 1209 desperatae

279 1228 531 1272 Styriacorum,
557 1226 710 1260 Lutheri
736 1225 820 1259 fidei
845 1223 1081 1258 addictorum.
1132 1221 1343 1256 Calendaria
1369 1233 1460 1266 quae
1487 1223 1597 1257 edidit
1621 1224 1657 1258 in
1684 1234 1795 1258 annos
1825 1223 1913 1258 1598
1931 1226 1966 1257 et
1987 1222 2073 1257 1599

279 1285 505 1319 exhibuimus
531 1283 600 1318 vol.
626 1284 655 1318 Ι.
705 1281 872 1326 Epistola
898 1279 1120 1315 dedicatoria
1146 1279 1347 1313 Calendarii
1371 1281 1581 1324 posterioris
1617 1280 1661 1314 ad
1689 1280 1849 1325 „Styriae
1874 1279 2073 1324 provincia-

277 1342 350 1377 les“
380 1343 464 1377 data
491 1346 545 1376 est
571 1341 627 1376 die
653 1342 683 1375 l.
712 1338 932 1384 Septembris
959 1338 1093 1373 medias
1117 1338 1211 1371 inter
1243 1338 1388 1381 turbas,
1424 1349 1513 1382 quas
1548 1339 1739 1384 descripsit
1763 1338 1969 1373 Maestlino.
2019 1339 2075 1372 In—

278 1401 385 1445 quirit
417 1400 612 1444 Keplerus,
647 1397 741 1442 quod
778 1407 870 1432 anno
901 1398 1020 1441 priore
1053 1396 1253 1439 inceperat,
1288 1397 1324 1430 in
1357 1400 1528 1439 quantum
1559 1395 1741 1430 fidendum
1779 1396 1825 1431 sit
1850 1395 2074 1440 astrologicis

278 1458 594 1504 praedictionibus,
619 1467 725 1500 aegre
749 1456 820 1491 fert
845 1453 1133 1489 incertitudinem
1160 1453 1403 1487 astronomiae
1428 1453 1463 1486 in
1489 1453 1751 1488 constituendis
1777 1453 1963 1498 eclipsium
1987 1458 2074 1488 tem-

278 1518 424 1562 poribus
450 1521 485 1553 et
507 1522 547 1551 ut
572 1527 700 1551 munus
726 1513 897 1558 astrologi
922 1513 990 1546 rite
1016 1510 1189 1554 absolvat,
1217 1521 1235 1543 e
1254 1510 1592 1545 constellationibus
1618 1511 1843 1554 planetarum
1869 1510 2075 1545 ver’isimilia

278 1575 422 1610 deducit
454 1575 497 1609 de
530 1579 628 1609 statu
661 1574 780 1609 futuro
816 1576 1039 1613 exterorum,
1077 1569 1178 1613 quasi
1210 1579 1267 1603 res
1301 1569 1336 1602 in
1369 1568 1487 1613 Styria
1523 1569 1629 1613 plane
1664 1567 1829 1612 placatae
1868 1568 2074 1603 existerent.

280 1632 522 1667 Maestlino
548 1631 657 1666 refert
684 1632 735 1674 (9.
761 1630 866 1672 Dec.)
894 1639 932 1662 se
959 1638 1157 1662 excusans:
1198 1623 1324 1661 Multa
1357 1630 1446 1661 suut
1478 1626 1515 1660 in
1547 1623 1802 1673 Prognostico
1834 1635 1941 1671 meo,
1975 1635 2074 1672 quae

278 1694 344 1726 aut
388 1688 610 1726 excusanda
649 1692 738 1724 suut
792 1686 1015 1733 diligenter,
1066 1690 1134 1721 aut
1174 1694 1284 1720 meae
1327 1683 1522 1720 nocebunt
1563 1683 1838 1719 existimationi
1880 1682 1983 1731 apud
2024 1687 2074 1721 te.

281 1747 440 1784 Summa
471 1747 567 1784 haec
601 1751 682 1784 est:
715 1745 839 1782 scribo
873 1755 945 1792 ego
978 1754 1052 1779 non
1085 1742 1217 1790 vulgo,
1250 1752 1375 1789 neque
1408 1741 1532 1778 doctis
1565 1742 1656 1789 (nisi
1688 1739 1974 1789 paucissimis),
2007 1740 2073 1777 sed

278 1805 472 1843 nobilibus
506 1810 543 1842 et
573 1804 778 1854 praelatis,
822 1802 886 1850 qui
919 1802 1120 1838 scientiam
1153 1801 1322 1848 aliquam
1355 1799 1426 1836 sibi
1458 1808 1641 1847 arrogant
1672 1809 1817 1846 rerum,
1855 1809 1952 1846 quas
1984 1809 2074 1835 nes-—

279 1865 394 1901 ciunt.
458 1862 569 1900 Ultra
603 1867 682 1900 400
716 1861 779 1898 vel
814 1864 893 1897 600
928 1858 1163 1907 exemplaria
1195 1869 1270 1894 non
1305 1856 1579 1904 distrahuntur,
1613 1855 1760 1893 nullum
1794 1862 1902 1893 extra
1933 1857 2075 1894 limites

277 1922 411 1959 harum
453 1922 740 1970 provinciarum
783 1918 947 1956 effertur.
1011 1917 1148 1965 Itaque
1182 1916 1274 1953 milii
1318 1915 1379 1952 vel
1412 1921 1543 1952 nostro
1576 1915 1861 1963 astrologorum
1894 1916 2020 1952 coetui
2053 1926 2076 1951 a

279 1982 498 2029 promiscuo
532 1979 664 2028 vulgo,
697 1991 719 2016 a
753 1977 877 2014 doctis
908 1987 976 2025 per
999 1975 1246 2013 Germaniam
1279 1985 1354 2011 non
1388 1978 1445 2010 est
1476 1973 1736 2011 metuendum.
1778 1972 1823 2009 Id
1847 1984 1964 2009 ulium
1987 1984 2074 2021 ago,

283 2043 323 2075 ut
357 2039 556 2076 veritatem
590 2049 661 2086 ego
695 2036 825 2084 (cujus
857 2039 1025 2071 assertor
1065 2045 1149 2070 sum
1187 2037 1361 2081 promtus
1392 2043 1563 2080 semper,
1606 2043 1681 2068 non
1715 2043 1865 2079 semper
1897 2030 2074 2079 idoneus)

282 2096 331 2133 ad
363 2108 488 2133 meum
521 2095 762 2134 commodum
797 2098 956 2130 vertam.
1009 2092 1051 2128 ln
1086 2092 1264 2128 onmibus
1286 2091 1543 2139 prognosticis
1576 2089 1612 2125 id
1646 2101 1731 2137 ago,
1766 2094 1808 2126 ut
1840 2090 1886 2127 de
1916 2090 2077 2138 promtis

282 2156 501 2200 sententiis,
546 2166 645 2202 quae
685 2153 778 2189 mihi
812 2163 926 2188 verae
959 2149 1158 2195 videntur,
1203 2153 1359 2197 gustum
1393 2148 1563 2195 aliquem
1591 2147 1849 2195 jucunditatis
1883 2152 1919 2184 et
1951 2147 2076 2195 maj0-

282 2214 392 2250 statis
424 2217 584 2250 naturae
625 2211 833 2260 praebeam
874 2208 949 2245 illis
981 2210 1076 2245 meis
1107 2207 1335 2254 lectoribus,
1380 2207 1412 2243 si
1443 2206 1540 2243 sorte
1573 2217 1639 2254 per
1679 2205 1752 2243 hoc
1783 2206 1996 2243 excitentur
2026 2204 2075 2242 ad

282 2282 342 2308 me
376 2276 482 2308 tanto
515 2270 651 2318 majori
685 2268 824 2306 salario
857 2266 1049 2304 alendum.
1086 2287 1135 2292 -

419 2336 710 2380 Disquisitiones,
739 2344 828 2377 quas
855 2343 947 2366 aimo
973 2332 1063 2366 1:397
1089 2330 1281 2373 instigante
1306 2330 1493 2364 Herwarto
1527 2329 1730 2373 inceperat,
1764 2329 1834 2364 hoc
1860 2340 1952 2363 anno
1978 2329 2076 2373 Kep-

282 2395 379 2431 lerus
407 2393 638 2437 continuavit,
663 2392 816 2426 multum
843 2391 1040 2424 consumsit
1066 2388 1235 2431 temporis
1261 2388 1295 2420 in
1322 2388 1563 2431 computanda
1589 2388 1841 2432 conjunctione
1866 2387 2015 2422 Veneris
2041 2392 2077 2422 et

283 2454 452 2489 Mercurii
486 2462 578 2487 anno
605 2452 637 2486 9.
663 2462 699 2494 p.
735 2449 814 2491 Ch„
847 2448 891 2482 ad
919 2447 1055 2481 Lucani
1087 2446 1205 2479 locum
1239 2444 1458 2488 pertinente,
1493 2446 1651 2489 explicat
1684 2445 1827 2480 modum
1862 2445 2076 2481 observandi

281 2511 421 2546 stellam
447 2508 605 2554 polarem
632 2512 667 2542 et
693 2507 749 2542 cui
774 2506 945 2540 inserviat
970 2505 1059 2538 haec
1093 2502 1292 2537 observatio
1326 2503 1478 2545 graviori
1512 2514 1620 2547 scopo
1652 2505 1694 2547 (v.
1719 2506 1779 2549 s.),
1817 2508 1979 2539 recenset
2011 2505 2071 2538 ob-

281 2570 499 2606 servationes
526 2578 608 2603 suas
641 2575 764 2600 mense
799 2563 999 2607 Septembri
1034 2561 1173 2595 habitas
1209 2563 1275 2603 (16.
1308 2562 1412 2604 Dec).
1470 2561 1574 2596 Prius
1601 2564 1722 2606 (Aprili
1747 2563 1874 2606 mense)
1906 2562 2074 2606 longiori-

281 2629 347 2663 bus
372 2626 485 2662 literis
511 2625 555 2659 ad
580 2625 804 2658 Herwartum
831 2621 921 2656 (latis
949 2626 1070 2663 egerat
1096 2622 1126 2663 1)
1147 2620 1189 2654 de
1214 2619 1336 2654 libella
1364 2621 1508 2654 nautica
1533 2625 1568 2654 et
1595 2626 1723 2655 natura
1747 2620 1923 2664 magnetis
1956 2620 2075 2663 ibique

283 2686 413 2728 refert,
447 2693 485 2718 se
518 2687 601 2717 ante
634 2681 816 2715 biennium
842 2678 1073 2713 Monachium
1106 2679 1291 2713 transiisse
1327 2683 1360 2713 et
1391 2679 1426 2712 in
1452 2678 1668 2712 bibliotheca
1701 2677 1845 2721 globum
1869 2678 2000 2722 Apiani
2023 2677 2075 2711 in-

284 2743 446 2787 spexisse
473 2745 540 2775 etc.
568 2739 629 2782 (ΙΙ.
656 2737 750 2784 812).
800 2738 837 2781 2)
863 2735 1098 2770 Prodromum
1124 2747 1236 2779 suum,
1262 2737 1388 2780 refert,
1423 2737 1459 2771 id
1485 2746 1562 2771 esse
1589 2736 1684 2779 quod
1709 2736 1854 2770 verbum
1880 2734 2072 2779 significet;

283 2806 468 2835 secuturas
495 2798 769 2833 dissertationes
803 2793 1117 2840 cosmoyraphzsscas
1151 2794 1193 2828 de
1217 2795 1472 2838 universitate,
1508 2794 1550 2828 de
1575 2795 1784 2834 mobilibus,
1815 2794 1858 2828 de
1880 2793 2007 2838 ylobis,
2034 2793 2076 2827 de

284 2860 460 2894 relatione
484 2857 573 2892 coeli
597 2860 630 2891 et
658 2856 800 2890 Terrae.
858 2853 912 2887 Ad
946 2851 1253 2897 cosmographiam
1288 2852 1437 2886 multum
1469 2852 1642 2886 interesse
1684 2851 1823 2891 scribit,
1858 2850 1949 2885 scire
1990 2861 2072 2884 num

285 2927 404 2950 verum
431 2916 486 2956 sit,
515 2914 610 2958 quod
637 2913 855 2957 Copernicus
882 2913 1018 2951 doceat,
1044 2911 1165 2945 orbem
1183 2911 1314 2945 Terrae
1331 2910 1464 2944 habere
1490 2920 1528 2943 se
1553 2910 1666 2944 instar
1690 2908 1814 2953 puncti
1839 2907 1884 2942 ad
1911 2907 2073 2952 amplitu-

285 2974 400 3007 dinem
426 2973 602 3008 fixarum‘?
644 2971 820 3015 Proponit
844 2971 1029 3004 Herwarto
1055 2970 1308 3013 experimenta,
1334 2968 1462 3012 quibus
1489 2968 1556 3002 hoc
1581 2967 1725 3002 dubium
1756 2966 1833 3001 tolli
1860 2976 1968 3010 posse
1994 2975 2073 3000 cen-

287 3036 364 3064 seat
391 3032 472 3075 (cfr.
497 3032 526 3068 1.
553 3031 626 3069 63).
678 3032 709 3073 3³³»)
737 3031 928 3073 Comparat
960 3038 1020 3072 ea,
1056 3038 1147 3071 quae
1181 3028 1313 3069 Ursus,
1350 3027 1490 3070 Tycho,
1524 3022 1785 3069 Lansbergius,
1820 3024 2011 3060 Roeslinus
2038 3029 2073 3057 et

287 3089 450 3131 Maginus
486 3090 528 3123 de
561 3088 681 3122 mundi
714 3089 852 3122 ratione.
885 3089 1150 3131 proposuerant
1176 3089 1212 3118 et
1238 3083 1436 3119 concludit:
1472 3083 1711 3129 „hypotheses
1743 3093 1814 3116 non
1839 3093 1952 3117 novae
1978 3086 2072 3126 sunt,

287 3144 350 3181 sed
376 3145 487 3179 forma
512 3156 612 3187 nova,
637 3145 769 3179 mixtae
794 3156 843 3179 sc.
870 3147 952 3177 sunt
978 3153 1022 3177 ex
1048 3142 1204 3185 antiquis
1229 3145 1265 3176 et
1289 3141 1390 3176 novis
1409 3141 1629 3185 Cope1=nici.“
1675 3141 1747 3175 Res
1772 3151 1855 3176 suas
1880 3139 2072 3175 familiares
