2126 3388
253 184 336 228 73ss
919 185 1003 221 Vita
1026 184 1050 220 J
1052 183 1176 220 oannis
1200 185 1360 231 Kepleri.

249 305 372 353 priore
396 302 520 340 officio
551 313 611 340 res
633 315 656 339 a
677 301 837 351 Magnif.
871 302 956 340 Tua
977 303 1131 352 incepta
1154 308 1192 342 et
1213 303 1274 342 0⁸⁰
1296 301 1361 341 Mti
1397 305 1597 353 proposita
1618 304 1679 349 sit,
1713 303 1776 341 (3⁶²²
1798 302 1882 342 Mms
1916 305 2031 342 etiam

252 362 502 398 consenserit:
544 359 823 409 providendum
865 366 965 397 certe
996 361 1088 397 mihi
1126 361 1218 407 suit,
1261 373 1309 399 ne
1341 363 1526 410 imprimis
1559 361 1631 399 ΟΜΠ
1662 361 1768 407 Μῑθω,
1802 368 1882 400 tum
1916 364 2030 399 etiam

250 419 380 467 Magn.
402 418 525 455 Tuam
546 417 773 464 ludificarer,
807 420 897 466 quin
929 420 1058 466 potius
1092 418 1153 456 vel
1184 431 1269 457 cum
1301 419 1440 457 damno
1472 430 1557 457 meo
1581 419 1745 469 Pragam
1777 421 1868 458 irem
1901 421 2030 468 ibique

250 489 327 514 rem
362 476 420 512 vel
453 477 605 524 penitus
638 476 850 513 confectam
884 477 1018 524 (quam
1050 489 1156 525 spem
1187 477 1322 515 literae
1354 483 1443 515 tuae
1475 479 1512 513 in
1536 476 1744 515 adventum
1772 489 1898 515 meum
1919 489 2033 526 prae-

251 532 429 582 buerunt)
472 538 657 581 quantum
698 535 735 570 in
768 545 826 570 me
865 539 967 571 esset
1007 534 1276 584 amplecterer,
1319 541 1505 583 quantum
1545 547 1636 573 vcro
1667 537 1705 572 in
1738 535 1915 584 Principe
1946 546 2032 573 meo

250 594 376 637 situm,
410 602 475 639 per
507 591 675 640 legatum
708 591 791 639 ejus
824 591 870 628 D.
902 591 950 629 D.
985 591 1177 640 Doldium,
1211 594 1277 642 qui
1308 592 1457 642 Pragae
1489 598 1601 640 esset,
1634 593 1876 642 expedirem3
1908 593 1970 631 vel
2001 594 2032 630 si

248 649 372 686 adhuc
403 654 552 697 praeter
585 651 803 698 opinionem
835 654 939 686 tuam
972 651 1008 686 in
1041 650 1158 688 dubio
1189 662 1376 699 suspensa
1413 651 1540 688 sutura
1578 658 1700 699 esset,
1733 653 1788 688 uti
1821 657 1900 688 tum
1932 652 2033 688 vires

250 718 354 744 meas
387 706 643 755 explorarem,
684 712 878 744 sumtuum
922 709 1108 746 rationem
1147 710 1280 746 inirem
1313 714 1349 746 et
1382 710 1605 757 quantisper
1639 711 1721 747 sine
1752 710 1918 758 pernicie
1949 720 2035 746 mea

249 767 434 802 incertum
465 765 502 800 in
536 770 714 802 eventum
748 767 842 802 meis
874 766 1077 814 impensis,
1121 766 1226 804 nullo
1259 766 1399 804 salario
1432 772 1654 815 exspectare
1693 768 1836 816 possim
1867 778 2033 816 perpen-

250 822 397 871 derem,
432 823 508 870 ubi,
541 824 573 859 si
607 828 736 860 tantae
768 834 908 870 morae,
943 829 1106 872 quantas
1138 823 1309 873 postulat
1340 824 1429 861 aula
1460 825 1732 874 Imperatoria,
1765 836 1880 873 supra
1910 823 2034 862 sacul-

250 886 350 918 tates
382 892 486 918 meas
521 886 660 928 essent,
694 882 889 929 negotium
921 883 1001 930 ipse
1033 893 1214 931 praesens
1247 882 1415 931 legitime
1448 890 1484 920 et
1517 894 1601 920 cum
1631 882 1764 933 Magn.
1796 883 1904 921 Tuae
1936 884 2034 920 mci-

250 950 324 988 que
356 940 477 988 ipsius
509 940 756 976 excusatione
787 940 940 988 penitus
972 939 1198 978 desererem.

387 996 499 1044 Quod
532 996 580 1033 ad
612 996 790 1034 alterurn:
828 998 896 1034 etsi
930 998 1021 1034 mihi
1044 997 1202 1035 dubium
1227 1009 1423 1046 nunquam
1445 1009 1569 1046 neque
1601 996 1673 1034 fuit
1693 1008 1817 1046 neque
1839 1001 1910 1048 est,
1942 998 2034 1046 quin

249 1059 285 1092 ct
316 1055 488 1103 impense
529 1066 588 1092 me
620 1067 724 1092 ames
758 1060 795 1092 et
827 1056 968 1104 optime
1009 1061 1226 1104 promotum
1265 1056 1361 1093 velis
1393 1062 1428 1093 et
1460 1056 1575 1104 hujus
1615 1056 1668 1093 rei
1707 1055 2034 1093 luculentissimas

249 1114 287 1149 in
319 1112 405 1150 loco
438 1118 515 1149 tam
547 1112 768 1160 splendido,
803 1118 910 1150 tanta
941 1115 1077 1150 summi
1109 1113 1343 1151 Monarchae
1373 1115 1508 1162 gratia,
1542 1113 1687 1151 habeas
1720 1115 1962 1160 occasiones,
2002 1114 2034 1150 si

249 1181 395 1208 moram
428 1182 500 1219 ego
531 1170 626 1208 ferre
659 1182 829 1219 possem,
864 1177 990 1209 tamen
1022 1172 1206 1219 rationes,
1245 1173 1384 1220 quibus
1415 1183 1596 1220 praesens
1628 1183 1755 1208 meum
1786 1171 2034 1209 infortunium

252 1240 324 1278 ope
357 1228 487 1265 divina
519 1228 732 1276 sublevem,
765 1228 864 1266 aliae
892 1229 985 1266 mihi
1016 1235 1105 1267 sunt
1136 1231 1275 1279 partim
1306 1231 1560 1276 necessariae,
1593 1231 1732 1278 partim
1764 1231 1824 1277 (ut
1855 1235 1944 1267 sunt
1975 1241 2033 1267 res

245 1298 353 1324 meae
386 1287 538 1334 tenues)
571 1288 694 1335 magis
727 1286 852 1325 utiles.
916 1287 1010 1325 Cum
1044 1289 1143 1325 enim
1171 1288 1257 1336 jure
1292 1287 1521 1336 obligatorio
1554 1293 1697 1333 tenear,
1733 1299 1887 1336 operam
1910 1300 2034 1326 meam

244 1346 369 1394 priore
408 1345 660 1393 magistratu,
705 1346 763 1382 cui
806 1345 911 1382 illam
949 1357 994 1383 ex
1038 1357 1218 1383 concessu
1260 1346 1447 1394 Principis
1491 1346 1565 1383 mei
1606 1346 1754 1383 nutricii
1797 1345 2032 1394 addixeram,

244 1403 465 1449 liberatam,
500 1402 623 1440 eidem
656 1404 818 1440 nutricio
852 1414 935 1441 meo
968 1405 1209 1450 renunciare,
1250 1405 1460 1441 rectissime
1492 1415 1584 1441 sanc
1615 1403 1707 1440 mihi
1741 1404 2034 1453 consuluissem,

247 1462 279 1498 si
312 1466 416 1498 recta
449 1462 511 1498 via
543 1459 677 1498 Gratio
710 1462 866 1498 ivissem
900 1463 935 1497 in
970 1461 1320 1509 Wirtembergiam.
1383 1462 1535 1499 Certum
1569 1463 1667 1499 enim
1701 1461 1849 1508 habeo,
1891 1463 1955 1510 qui
1989 1474 2033 1500 eo

246 1520 403 1556 veniunt
443 1517 596 1565 exules,
638 1521 803 1556 maxime
843 1521 873 1556 si
906 1519 1049 1556 alumni
1081 1519 1234 1557 fuerunt
1266 1519 1473 1568 Principis,
1513 1519 1589 1556 illis
1623 1524 1659 1557 et
1691 1519 1736 1557 dc
1770 1521 1873 1557 victu
1906 1522 2035 1557 statim

248 1581 285 1614 et
318 1576 363 1614 de
396 1575 680 1614 conditionibus
711 1579 832 1626 primo
875 1589 1029 1626 quoque
1069 1582 1239 1627 tempore
1281 1578 1461 1627 prospici.
1522 1577 1604 1625 Ego
1638 1589 1728 1614 vcro
1759 1583 1909 1627 praeter
1940 1577 2036 1616 haec

247 1637 376 1673 omnia
407 1637 522 1672 etiam
554 1647 576 1672 a
609 1636 922 1684 praeceptoribus
954 1636 1049 1673 meis
1091 1637 1127 1672 in
1160 1634 1358 1673 academia
1391 1635 1630 1684 Tubingensi
1665 1635 1748 1683 jam
1790 1635 1936 1684 pridem
1969 1648 2035 1674 eas

246 1693 370 1730 habeo
402 1695 686 1742 promissiones,
721 1700 761 1730 ut
792 1695 926 1730 merito
960 1705 1004 1731 ex
1037 1694 1308 1742 conjunctione
1330 1693 1519 1742 Principis
1552 1705 1638 1730 cum
1669 1692 1868 1731 academia
1896 1706 2036 1743 magna

246 1751 338 1788 mihi
370 1763 457 1800 spes
489 1753 594 1788 nasci
628 1751 778 1788 debeat.
844 1752 969 1800 Atque
1002 1751 1097 1789 haec
1138 1753 1201 1789 via
1234 1756 1334 1790 essct
1370 1753 1538 1789 omnium
1571 1751 1954 1800 compendiosissima
1986 1752 2034 1790 ad

246 1821 331 1846 mea
363 1809 575 1858 mitiganda
605 1808 862 1847 incommoda,
924 1809 1057 1846 Altera
1090 1815 1168 1856 est,
1201 1815 1242 1847 ut
1273 1811 1304 1847 si
1336 1821 1396 1847 me
1428 1820 1567 1847 causae
1599 1809 1726 1846 forsan
1759 1809 1859 1847 aliae
1892 1809 2035 1858 (qualis

247 1872 305 1905 est
335 1873 465 1904 nostra
491 1867 573 1916 jam
605 1869 800 1915 tractatio)
834 1868 998 1916 Pragam
1033 1867 1286 1916 deducerent,
1320 1869 1375 1905 uti
1410 1872 1488 1904 tum
1521 1869 1556 1903 in
1591 1879 1636 1905 ea
1669 1868 1780 1914 urbe,
1827 1879 1963 1917 nempe
1997 1869 2034 1905 in

247 1931 438 1963 conventu
477 1925 690 1973 legatorum
724 1938 767 1963 ex
804 1926 996 1974 plerisque
1038 1927 1247 1974 provinciis
1291 1927 1419 1963 statim
1461 1925 1553 1962 mihi
1593 1927 1869 1974 prospicerem,
1912 1927 2034 1975 primo

248 1984 416 2020 omnium
448 1983 616 2032 legatum
641 1984 998 2032 Wirtembergicum
1021 1984 1248 2032 alloquerer,
1282 1995 1330 2021 an
1359 1983 1570 2029 commode,
1603 1995 1723 2032 parvo
1755 1988 1894 2030 sumtu,
1929 1995 2036 2022 com-

248 2041 561 2079 mendationibus
605 2043 725 2090 ipsius
767 2042 922 2090 adjutus
956 2043 992 2078 in
1024 2042 1362 2090 Wirtembergiam
1396 2043 1447 2079 ire
1479 2042 1636 2091 possim,
1669 2053 1716 2078 an
1750 2036 2034 2080 concessionem

248 2098 339 2136 milri
381 2100 428 2136 ab
471 2099 536 2137 illo
568 2099 743 2149 Principe
787 2100 1029 2148 impetraret,
1073 2100 1472 2137 commendationibus
1512 2101 1647 2136 iterum
1679 2111 1738 2136 me
1774 2099 1949 2148 juvaret,
1994 2106 2035 2138 ut

248 2162 402 2206 propter
432 2157 694 2195 redimendum
728 2158 909 2195 viaticum
943 2159 979 2194 in
1011 2159 1322 2207 propinquiorem
1355 2156 1615 2202 academiam,
1659 2157 1784 2205 qualis
1817 2163 1875 2194 est
1908 2158 2034 2196 Wite-

249 2216 379 2263 berga,
409 2214 522 2260 Jena,
556 2215 689 2264 Lipsia
711 2221 780 2253 etc.
805 2227 1061 2264 promoverer.
1113 2216 1222 2253 Haec
1254 2215 1375 2253 altera
1406 2216 1471 2252 via
1494 2220 1562 2259 est,
1596 2214 1843 2252 Nobilissime
1865 2215 2032 2254 Domine

247 2272 400 2322 Tyclio,
434 2273 681 2310 sublevandis
714 2275 809 2311 meis
841 2275 1001 2311 miseriis
1034 2274 1158 2310 minus
1197 2273 1351 2322 quidem
1382 2272 1605 2322 splendidas
1646 2272 1885 2310 conditiones
1917 2274 2034 2323 polli-

246 2342 358 2377 cens,
404 2342 518 2378 quam
550 2343 594 2368 ex
626 2330 715 2368 aula
746 2337 945 2380 sperantur
977 2331 1244 2380 Imperatoria,
1285 2330 1351 2369 sed
1384 2336 1508 2368 tamen
1543 2330 1816 2379 expeditiores,
1852 2333 1888 2367 in
1921 2344 2035 2381 prac-

245 2390 369 2426 sentia
391 2390 570 2427 certiores
593 2395 629 2426 et
651 2389 753 2436 milii,
788 2390 853 2437 qui
875 2390 923 2426 ob
948 2390 1115 2438 inopiam
1140 2401 1212 2426 non
1239 2401 1305 2439 par
1327 2400 1409 2425 sum
1432 2388 1667 2426 sustinendis
1691 2389 1878 2426 diuturnis
1902 2391 2034 2441 moris,

250 2448 499 2496 acceptiores

383 2504 598 2553 Explicavi,
631 2503 722 2552 quid
755 2503 800 2541 de
831 2509 993 2552 utroque
1026 2509 1091 2541 tuo
1124 2510 1348 2553 argumento
1371 2505 1557 2553 sentiam;
1585 2504 1666 2553 jam
1701 2516 1776 2553 quo
1810 2507 1936 2542 animo
1960 2505 2035 2543 huc

247 2563 414 2601 venerim
447 2563 583 2611 hicque
612 2562 691 2610 jam
723 2574 933 2599 commorer
965 2563 1187 2601 recensebo.
1249 2562 1431 2600 Voluisse
1463 2575 1535 2608 me,
1569 2564 1700 2600 statim
1733 2569 1848 2612 atque
1881 2565 1917 2600 in
1951 2565 2035 2601 exi-

244 2620 338 2657 lium
371 2622 423 2658 ire
454 2632 537 2657 sum
565 2620 708 2668 jussus,
745 2620 1078 2668 Wirtembergiam
1101 2626 1281 2669 repetere,
1312 2623 1392 2669 Jam
1415 2621 1561 2669 pridem
1585 2632 1629 2658 ex
1654 2621 1772 2658 literis
1794 2622 1887 2659 meis
1912 2626 2031 2659 tenes.

247 2678 557 2727 Supervcncrunt
599 2677 730 2715 literae
773 2684 879 2724 tuae,
924 2689 1022 2726 quae
1064 2684 1100 2715 et
1139 2679 1229 2715 mibi
1273 2684 1309 2716 et
1341 2678 1518 2715 affinitati
1557 2679 1767 2727 amicisque
1807 2680 1901 2716 meis
1941 2680 2035 2716 satis

250 2736 422 2774 efficaces
455 2742 543 2773 sunt
575 2737 703 2782 visae,
749 2747 847 2784 quae
880 2748 939 2773 me
972 2737 1246 2784 permovcrint,
1282 2742 1322 2772 nt
1354 2735 1511 2773 dimisso
1546 2737 1581 2772 in
1615 2736 1667 2773 M.
1700 2736 1807 2774 Tuae
1840 2742 1877 2773 et
1908 2743 2035 2774 astro-

250 2795 401 2832 nomiae
434 2795 595 2842 gratiam
636 2795 749 2842 inque
782 2805 908 2830 meum
947 2795 1089 2842 ipsius,
1130 2795 1161 2831 si
1195 2794 1299 2830 Deus
1331 2796 1385 2831 ita
1418 2794 1553 2841 vellet,
1597 2794 1722 2842 majus
1759 2795 2034 2831 incrementum

250 2852 371 2889 altero
403 2853 477 2890 mei
504 2851 667 2900 juvandi
710 2852 844 2899 modo,
885 2856 1032 2889 retento
1074 2864 1163 2889 vcro
1197 2851 1352 2889 alterius
1395 2852 1569 2899 arbitrio,
1613 2863 1682 2901 pro
1715 2851 2035 2901 Wirtembergico

250 2909 499 2947 Boliemicum
530 2910 601 2946 iter
632 2910 848 2958 arriperem.
901 2910 1010 2947 Bona
1043 2921 1133 2947 vero
1167 2915 1203 2946 et
1236 2921 1391 2946 uxorem
1424 2921 1508 2947 cum
1541 2911 1717 2958 privigna
1749 2910 1873 2947 visum
1908 2916 1965 2947 est
1998 2911 2035 2946 in

253 2977 401 3003 omnem
433 2972 614 3005 eventum
649 2967 769 3004 Lincii
803 2967 1027 3016 relinquere,
1060 2968 1125 3004 ubi
1159 2973 1286 3005 essent
1317 2969 1354 3003 in
1376 2969 1508 3006 itinere
1531 2979 1665 3005 versus
1686 2967 2034 3016 Wirtembergiam.

252 3022 403 3061 Mutavi
434 3026 671 3073 propositum
703 3024 749 3062 de
781 3037 898 3063 uxore
931 3030 967 3063 et
997 3026 1174 3074 privigna
1198 3025 1315 3074 (bona
1338 3027 1451 3072 enim,
1483 3026 1582 3062 sicut
1614 3024 1702 3070 dixi,
1738 3024 1857 3063 Lincii
1880 3025 2035 3074 reliqui)

253 3080 326 3117 hoc
355 3087 480 3129 metu,
513 3084 578 3130 qui
605 3082 686 3130 jam
718 3084 755 3119 in
787 3095 847 3121 me
880 3084 980 3130 exit,
1013 3094 1060 3120 ne
1092 3084 1177 3132 quis
1210 3094 1255 3119 ex
1285 3082 1396 3119 nobis
1429 3087 1645 3132 aegrotaret
1674 3081 1831 3132 reliquis
1862 3084 2036 3121 absenti-

254 3137 344 3187 bus,
387 3139 483 3176 inter
518 3141 752 3188 peregrinos.
822 3141 957 3190 Itaque
997 3140 1162 3191 Pragam
1201 3140 1289 3177 veni
1329 3151 1469 3189 magno
1508 3145 1655 3189 sumtu3
1701 3144 1752 3179 60
1797 3140 1958 3191 expendi
1998 3142 2035 3178 in
