2126 3388
638 172 787 219 Kepleri
810 171 995 210 literarum
1021 174 1142 211 studia
1165 178 1201 210 et
1227 175 1401 213 doctrina.
1800 179 1910 223 1005

120 292 182 332 Ita
211 297 416 343 utrumque
447 294 485 331 in
517 304 642 333 errore
673 292 940 333 versabatur.“
1005 294 1208 333 Exclamat
1239 301 1373 334 auctor
1399 296 1578 345 juvenis:
1614 296 1742 349 „Quid
1774 299 1806 335 si
1837 298 1912 336 ali-

120 351 275 401 quando
308 351 408 390 diem
428 352 536 390 illum
558 352 772 400 videamus,
806 364 882 402 quo
915 352 1012 390 baec
1044 354 1203 392 inventa
1233 355 1438 393 conciliata
1470 355 1626 393 eruntl“
1664 355 1911 405 „Vidimus“,

119 409 329 460 respondet
361 421 506 459 censor,
543 416 658 460 „post
689 416 740 449 22
773 422 896 449 annos
929 416 965 448 et
988 413 1113 459 gavisi
1136 424 1280 460 snmus,
1313 413 1450 451 saltem
1472 425 1556 462 ego,
1589 421 1683 463 puto
1707 420 1743 454 et
1763 414 1912 453 Maest-

118 468 221 506 linus
254 474 290 506 et
320 468 474 517 plurimi
507 468 591 515 alii,
634 471 700 518 qui
731 469 871 507 librum
904 470 1079 517 quintum
1109 469 1364 508 Harmonices
1403 478 1492 509 sunt
1523 472 1670 520 lecturi,
1703 475 1911 522 participes

123 531 234 565 erunt
264 525 438 575 gaudii.“
502 527 564 564 Ad
597 529 863 575 quaestionem
896 526 1075 564 dubiam:
1111 527 1240 579 „Quid
1272 531 1303 566 si
1334 529 1424 567 hinc
1455 532 1552 567 ratio
1586 533 1912 569 eccentricitatum

118 585 205 623 elici
227 583 409 635 90εεὶῐῖιι
443 591 592 623 monet:
629 586 715 633 „Ita
737 586 979 624 somniabam
1002 585 1048 624 de
1070 587 1244 633 veritate,
1279 588 1415 635 opinor
1446 588 1546 626 bono
1570 588 1655 627 Deo
1688 591 1909 639 inspirante.

120 643 258 682 Elicita
291 649 348 681 est
379 654 455 681 non
482 643 569 680 hinc
591 643 758 692 quidem,
792 644 858 682 sed
892 656 937 681 ex
969 644 1179 681 harmoniis
1202 647 1298 682 ratio
1323 647 1660 693 eccentricitatum,
1694 648 1759 685 sed
1783 654 1910 687 tamen

118 701 314 740 mediante
346 701 419 749 hoc
451 703 628 750 invent03
661 713 732 739 nec
764 702 856 738 illud
889 708 977 739 ante
1008 702 1087 740 fieri
1120 704 1258 751 putuit,
1293 714 1407 751 quam
1427 704 1502 741 hoc
1524 705 1766 743 emendatum
1788 707 1911 744 habe-

117 765 232 798 retur.
294 759 393 797 Nam
430 759 527 797 libro
562 761 695 808 quinto
727 759 1049 797 Harmonicorum
1083 762 1207 809 capite
1241 763 1351 798 tertio
1392 764 1548 810 ponitur
1588 764 1684 801 inter
1724 766 1913 814 principia

120 818 461 856 demonstrationis
494 818 590 856 haec
611 817 865 866 sesquialtera
893 816 1129 867 proportio.“
1173 818 1246 855 His
1279 818 1391 856 finem
1422 821 1513 858 facit
1543 824 1764 859 aestimator
1786 824 1912 872 operis

120 877 180 914 sui
207 876 413 925 juvenilis:
450 876 637 924 „Ceterae
670 877 876 914 errantium
908 887 1151 913 numerorum
1183 876 1230 914 ad
1253 879 1454 915 veritatem
1485 878 1697 918 allusiones
1729 881 1909 919 fortuitae

118 941 219 980 sunt,
251 945 322 972 nec
353 933 493 983 dignae
525 946 624 983 quae
657 935 916 982 excutiantur3
945 934 1141 982 jucundae
1175 942 1301 973 tamen
1333 936 1427 973 mihi
1457 939 1667 985 recognitu,
1702 941 1792 987 quia
1823 951 1909 977 mo-

118 998 221 1039 nent,
256 993 396 1041 quibus
426 992 655 1039 maeandris,
689 1004 852 1041 quorum
883 994 1073 1041 parietum
1105 993 1329 1042 palpatione
1358 1006 1426 1043 per
1458 997 1635 1034 tenebras
1668 998 1907 1045 ignorantiae

117 1050 167 1089 ad
199 1050 395 1100 pellucens
428 1052 568 1088 ostium
601 1052 775 1088 veritatis
808 1051 1027 1089 devenerim
1034 1079 1173 1090 .....
1237 1052 1375 1099 Vides,
1409 1052 1528 1091 lector
1559 1054 1742 1102 studiose,
1775 1055 1907 1094 libello

116 1109 191 1147 hoc
222 1110 368 1147 semina
398 1121 534 1158 sparsa
566 1121 650 1147 esse
682 1110 852 1147 omnium
885 1114 922 1147 et
952 1109 1203 1157 singulorum,
1238 1122 1337 1159 quae
1363 1122 1408 1148 ex
1430 1123 1475 1149 eo
1507 1117 1678 1161 tempore
1711 1115 1747 1149 in
1780 1121 1906 1152 astro—

119 1169 250 1205 nomia
281 1178 385 1205 nova
415 1173 453 1205 et
482 1167 602 1216 vulgo
635 1167 804 1206 absurda
835 1180 880 1205 ex
915 1169 1135 1205 certissimis
1157 1168 1300 1206 Brahei
1326 1169 1663 1209 observationibus
1686 1183 1708 1209 a
1729 1184 1789 1209 me
1813 1184 1906 1210 con-

118 1228 255 1264 stituta
287 1231 324 1264 et
356 1225 618 1263 demonstrata
649 1231 749 1265 sunt,
790 1226 928 1275 Itaque
959 1237 1086 1274 spero,
1121 1233 1158 1263 te
1186 1227 1318 1275 jocum
1350 1239 1479 1266 meum
1511 1229 1609 1267 libro
1643 1237 1779 1279 quarto
1802 1230 1906 1269 Har-

116 1286 355 1323 monicorum
386 1296 463 1322 non
496 1286 630 1333 iniqua
663 1296 824 1322 censura
855 1284 1168 1333 flagellatumm‘<
1199 1287 1286 1331 (vol.
1306 1292 1347 1323 V.
1374 1299 1411 1332 p.
1439 1289 1534 1331 262).

255 1343 311 1380 Ex
344 1344 402 1390 iis,
438 1354 538 1392 quae
571 1342 699 1381 adhuc
730 1342 850 1380 allata
881 1348 969 1380 sunt
1000 1348 1037 1380 et
1068 1344 1240 1392 inprimis
1264 1355 1308 1381 ex
1331 1344 1488 1394 Kepleri
1512 1347 1638 1383 verbis
1659 1346 1773 1384 modo
1798 1346 1909 1385 dictis

119 1400 193 1438 hoc
223 1412 271 1439 ne
303 1402 339 1438 in
371 1402 572 1439 minimam
604 1400 760 1450 quidem
792 1400 1071 1438 dubitationem
1104 1404 1234 1439 vocari
1265 1404 1426 1451 poterit,
1458 1403 1669 1452 Keplerum
1702 1407 1910 1454 cogitatio-

115 1471 202 1496 nem
236 1459 343 1497 illam
381 1461 419 1496 in
457 1461 581 1509 primo
620 1471 691 1497 suo
731 1471 846 1509 opere
886 1460 1100 1508 expositam
1142 1462 1177 1496 in
1220 1462 1397 1498 omnibus
1438 1473 1592 1510 quoque
1633 1464 1910 1512 posterioribus

115 1517 225 1554 libris
257 1529 408 1567 semper
438 1523 612 1556 secutum
653 1529 737 1556 esse
777 1517 1017 1566 eandemque
1055 1519 1216 1567 primam
1250 1531 1405 1557 causam
1446 1521 1582 1566 fuisse,
1623 1533 1688 1558 cur
1728 1521 1774 1560 de
1806 1522 1908 1560 Har-

115 1577 247 1614 monia
277 1575 417 1614 librum
448 1577 655 1625 scripserit.
714 1575 814 1614 Nam
853 1587 928 1613 non
970 1576 1084 1614 modo
1124 1583 1166 1614 ut
1197 1579 1477 1615 astronomicas
1510 1580 1675 1617 rationes
1710 1586 1907 1622 statueret,

116 1634 166 1672 ad
198 1634 442 1684 Tychonicas
475 1635 764 1673 observationes
797 1635 1016 1672 accuratius
1049 1635 1339 1683 cognoscendas
1372 1636 1561 1674 adductus
1583 1643 1651 1685 est,
1685 1638 1753 1676 sed
1786 1639 1907 1688 (quod

116 1693 151 1730 ei
182 1694 442 1742 praestantius
482 1695 651 1731 omnium
694 1694 965 1741 quaestionum
1004 1692 1199 1731 videretur
1240 1696 1471 1743 praemium)
1514 1700 1556 1732 ut
1599 1708 1643 1733 ex
1687 1699 1906 1745 cognitione

116 1750 206 1789 inde
238 1750 440 1800 depromta
461 1758 564 1790 certa
586 1757 813 1800 argumenta
833 1751 984 1789 afferret
1007 1751 1056 1789 ad
1079 1751 1417 1790 demonstrandam
1439 1753 1543 1791 illam
1565 1756 1600 1790 in
1623 1766 1746 1792 rerum
1770 1761 1908 1793 natura

117 1809 371 1857 harmoniam,
404 1822 520 1859 quam
552 1816 703 1848 veteres
736 1808 1010 1859 Pythagoraei,
1043 1810 1174 1858 Plato,
1207 1810 1455 1849 Ptolemaeus
1488 1812 1625 1850 frustra
1659 1816 1785 1851 conati
1817 1819 1907 1851 sunt

118 1867 309 1917 detegere.
369 1867 503 1917 Neque
538 1868 748 1917 quidquam
780 1869 977 1917 antiquius
1008 1868 1145 1906 habuit
1176 1880 1292 1917 quam
1335 1869 1429 1917 hoc,
1473 1876 1515 1907 ut
1546 1871 1837 1910 mathematices
1870 1879 1907 1910 et

118 1927 380 1965 astronomiae
412 1938 486 1976 ope
509 1926 798 1972 demonstraret,
831 1938 956 1964 rerum
988 1927 1292 1975 universitatem,
1326 1928 1448 1966 oculis
1479 1930 1618 1966 nostris
1649 1931 1905 1979 perspicuam,

117 1984 345 2023 harmoniae
379 1984 534 2023 vinculo
566 1986 665 2022 inter
695 1996 736 2022 se
769 1995 980 2022 connexam
1014 1997 1136 2034 eaque
1168 1987 1253 2034 ipsa
1292 1986 1491 2024 harmonia
1524 1986 1742 2025 Creatorem
1775 1988 1907 2025 mundi

117 2046 155 2080 et
186 2048 374 2089 ornatum,
408 2045 699 2092 congruentiam
730 2048 767 2080 et
798 2044 1075 2092 aequalitatem
1117 2043 1276 2082 fundare
1310 2045 1492 2083 voluisse.
1553 2046 1744 2095 Keplcrus
1776 2048 1903 2095 igitur,

118 2112 235 2150 quum
268 2102 423 2139 auxiliis
456 2101 612 2150 adjutus
635 2113 658 2139 a
679 2100 865 2151 Tyclione
897 2101 1047 2139 traditis
1070 2102 1273 2151 diligenter
1295 2105 1520 2151 exquireret,
1555 2116 1666 2153 quem
1689 2106 1725 2141 in
1749 2104 1904 2142 modum

116 2159 360 2208 planetarum
391 2165 428 2198 et
454 2160 585 2209 justae
619 2159 824 2198 distantiae
858 2164 895 2198 et
927 2161 1007 2197 veri
1039 2166 1165 2198 motus
1204 2163 1458 2211 pervestigari
1496 2168 1673 2210 possent,
1715 2162 1763 2201 ad
1802 2163 1904 2201 hunc

118 2217 310 2267 duplicem
341 2220 518 2267 pervenit
549 2220 707 2257 exitum.
768 2217 893 2255 Veros
925 2219 1073 2256 invenit
1113 2219 1355 2268 planetarum
1396 2232 1528 2258 cursus
1559 2226 1596 2259 et
1637 2221 1696 2258 his
1740 2224 1906 2259 inventis

116 2287 157 2314 se
188 2277 323 2325 quales
355 2278 392 2313 in
424 2282 561 2315 natura
593 2277 816 2315 harmoniae
847 2276 953 2324 leges
985 2277 1142 2315 valeant
1174 2277 1364 2316 detexisse
1397 2278 1567 2316 credidit.
1631 2279 1727 2316 Cum
1759 2282 1906 2328 integro

118 2335 246 2373 animo
279 2347 403 2384 neque
437 2337 618 2384 opinione
649 2334 917 2384 praejudicata
947 2335 996 2372 ad
1027 2337 1265 2384 propositum
1299 2336 1555 2383 contenderet,
1589 2349 1676 2374 mox
1699 2339 1905 2387 perspexit,

117 2393 408 2431 observationes
428 2393 684 2443 Tychonicas,
702 2405 797 2442 quas
820 2395 1131 2431 accuratissimas
1154 2405 1237 2432 esse
1260 2406 1335 2443 quo
1355 2400 1457 2432 certo
1481 2394 1650 2444 liaberet,
1673 2408 1694 2433 a
1719 2396 1906 2445 Coperni-

117 2461 225 2498 cana,
259 2463 359 2500 quae
391 2451 555 2490 circulos
587 2451 804 2497 adhiberet,
838 2452 986 2489 ratione
1020 2451 1248 2501 discrepare.
1301 2452 1488 2501 Quamvis
1523 2454 1757 2505 differentia,
1791 2466 1905 2503 quam

117 2509 215 2547 inter
245 2509 382 2547 Martis
423 2509 654 2548 calculatum
688 2515 725 2547 et
757 2510 1004 2547 observatum
1045 2510 1173 2548 locum
1214 2511 1558 2558 animadverterat,
1604 2514 1761 2550 minima
1801 2517 1903 2550 esset

115 2578 240 2616 neque
271 2567 359 2617 plus
391 2579 507 2617 quam
539 2573 626 2606 octo
657 2568 839 2617 scrupula
878 2568 1001 2617 prima
1031 2568 1219 2616 efficeret,
1262 2568 1434 2618 Keplero
1475 2575 1603 2607 tamen
1636 2572 1729 2607 satis
1762 2582 1903 2619 magna

117 2625 335 2673 videbatur,
370 2631 411 2663 ut
442 2626 584 2664 multos
614 2638 682 2675 per
713 2637 836 2663 annos
869 2626 1056 2664 conferret
1088 2632 1126 2664 et
1148 2628 1263 2664 variis
1285 2627 1410 2665 modis
1431 2639 1522 2665 suas
1546 2628 1785 2677 aliorumque
1808 2639 1901 2666 con-

114 2683 287 2732 jecturas
319 2685 373 2721 sic
403 2685 607 2722 immutare
639 2690 676 2722 et
707 2695 874 2732 aequare
905 2683 1088 2731 studeret,
1122 2690 1164 2722 ut
1195 2685 1416 2723 observatio
1449 2690 1486 2723 et
1508 2685 1711 2724 calculatio
1745 2688 1842 2724 inter
1864 2698 1904 2725 se

117 2743 387 2780 consentirent.
429 2741 507 2780 Sed
537 2744 705 2780 maxima
726 2742 927 2790 diligentia
959 2749 995 2780 et
1027 2742 1253 2780 assiduitate
1285 2748 1322 2780 et
1353 2745 1572 2793 incorrupta
1595 2746 1710 2781 animi
1743 2746 1904 2793 integri—

117 2804 196 2838 tate
211 2805 266 2839 *et
296 2801 393 2837 mira
423 2800 504 2847 illa,
536 2800 661 2849 qualis
683 2799 842 2849 Kepleri
876 2806 968 2847 erat,
1001 2801 1146 2849 ingenii
1176 2800 1393 2838 mobilitate
1425 2813 1520 2850 opus
1554 2807 1645 2848 erat,
1679 2808 1720 2840 ut
1751 2804 1904 2851 experi-

116 2859 254 2896 mentis
275 2859 485 2895 innumeris
507 2859 646 2895 frustra
667 2858 790 2904 sactis,
826 2870 1092 2907 quaecumque
1114 2859 1185 2907 ipsi
1208 2859 1302 2895 mira
1323 2859 1562 2907 imaginandi
1583 2860 1748 2898 facultas
1770 2861 1903 2900 offerre

116 2920 287 2965 poterat,
328 2915 522 2954 indefesso
562 2915 690 2954 studio
722 2916 859 2953 iterum
891 2915 1017 2954 denuo
1050 2927 1232 2964 quaerere
1265 2921 1302 2953 et
1333 2918 1493 2954 scrutari
1532 2919 1736 2966 inciperet,
1781 2919 1903 2957 donec

117 2973 273 3012 tandem
303 2975 401 3012 ratio
434 2976 544 3012 unice
576 2985 669 3012 vera
698 2973 858 3012 inventa
890 2978 927 3011 et
958 2985 1102 3012 errores
1134 2985 1313 3023 prospere
1347 2976 1497 3012 excussi
1530 2982 1668 3014 essent.
1729 2977 1778 3013 Et
1808 2977 1903 3015 haec

119 3033 183 3070 via
213 3033 324 3071 unice
355 3044 448 3071 vera
479 3031 689 3081 ellipsis
725 3037 792 3070 est.
842 3031 962 3069 Varia
994 3032 1061 3069 illa
1092 3033 1364 3080 experimenta,
1398 3044 1558 3081 quorum
1591 3045 1663 3083 ope
1694 3033 1809 3073 modo
1830 3036 1903 3073 ad-

117 3089 241 3128 hibita
270 3090 523 3141 Tychoniana
553 3090 669 3128 modo
703 3088 967 3139 Copernicana
1007 3090 1177 3137 ratione,
1220 3089 1334 3127 modo
1369 3092 1563 3139 „vicariae‘
1599 3092 1821 3141 conjectura
1851 3094 1901 3131 ab

118 3148 203 3199 ipso
236 3151 458 3200 excogitata
489 3149 728 3199 quaestionis
759 3159 949 3186 summam
983 3146 1248 3187 difficultatem
1279 3148 1454 3199 frangere
1485 3149 1621 3200 vellet,
1665 3151 1761 3190 varii
1793 3151 1901 3191 deni-
