2126 3388
940 162 1039 198 1600.
1791 160 1873 204 733

80 281 165 330 ipso
197 280 383 332 Tychone
419 280 552 330 judice
584 281 655 319 sub
687 281 771 331 ejus
804 279 956 318 vexillis
989 281 1037 319 ad
1071 280 1186 319 decus
1226 280 1385 328 aliquod
1418 280 1501 318 Deo
1534 281 1701 330 propitio
1734 281 1874 329 aspiro.

79 346 280 390 Adjunetae
319 348 586 391 propositiones
619 351 655 382 et
691 347 915 391 problemata
953 351 1152 388 testantur,
1192 346 1388 390 Keplerum
1427 351 1501 381 tum
1544 346 1717 391 temporis
1760 346 1875 390 prima

79 404 315 440 fundamenta
335 406 471 450 Jecisse
498 406 658 450 Optz'cae,
683 415 790 449 quam
815 415 909 439 anno
937 405 1026 440 1004
1052 405 1088 439 iu
1113 403 1297 449 publicum
1323 405 1450 440 emisit.

216 475 259 509 In
285 475 470 511 codicibus
496 474 799 510 Pulkoviensibus
826 473 1129 518 deprehendimus
1155 473 1412 518 fragmentum,
1447 474 1543 518 quod
1574 474 1786 520 inscriptum
1821 479 1876 510 est

83 533 307 570 Collectanea
331 534 380 569 ad
403 534 683 580 Proynosticum
706 533 816 568 Anno
842 536 935 575 1600,
965 542 983 566 e
1009 543 1079 576 quo
1105 532 1194 567 haec
1221 533 1484 577 excerpsimus:

218 595 382 645 Eclipsis
415 595 518 633 Solis
551 596 587 631 in
624 591 697 632 18⁰
721 592 772 646 ὓ
808 599 865 631 est
896 595 934 630 in
968 593 1055 633 VII.
1096 594 1209 632 domo
1241 593 1460 643 Rudolphi,
1502 595 1539 630 in
1570 594 1601 632 1.
1625 593 1873 633 Ferdinandi.

78 653 181 690 Nota
213 653 373 703 eclipsin
406 664 507 690 anno
542 656 606 691 38.
641 658 729 689 ante
753 652 957 690 Christum.
1002 651 1228 690 Contemtus
1261 658 1376 701 atquc
1408 657 1570 701 spretus,
1603 657 1643 689 ut
1666 657 1757 690 tunc
1781 664 1875 702 puer

82 711 297 759 Angustus,
330 707 470 760 magua
503 711 662 748 audebit
695 718 732 748 et
764 710 902 748 elficiet
935 715 972 747 et
1004 715 1238 748 contemtum
1271 711 1468 757 diminuet,
1502 722 1591 747 uam
1625 716 1681 748 est
1709 708 1750 763 ᾝ
1790 723 1875 749 cum

81 769 193 807 corde
226 766 293 824 (Q.
353 769 496 807 Terrac
528 775 666 814 motus,
701 770 832 817 pestis,
867 773 1029 815 cometa,
1062 770 1267 818 praecipue
1300 774 1387 818 post
1420 772 1455 806 8.
1490 767 1774 816 Septembrem,
1809 770 1874 807 ubi

79 824 104 869 ii
137 833 174 865 et
209 833 236 871 ό
275 830 313 864 in
347 826 421 866 26⁰
446 829 512 872 st
539 830 690 864 coe'unt.
731 826 962 875 luidolphus
995 827 1176 864 interibit.
1219 827 1276 864 Ex
1297 827 1504 876 genesibus
1526 826 1708 875 Pliiiippi,
1733 828 1873 871 Caroli,

80 885 352 932 Maximiliaui,
386 885 632 931 Fcrdinandi,
665 884 862 932 Rudolpiii
896 884 1083 921 vilissima
1115 890 1172 922 est
1202 885 1473 931 Maximiliani,
1507 884 1594 922 inde
1626 885 1874 923 Ferdinandi.

79 942 195 981 Pater
227 943 390 982 Carolus
422 943 558 981 habuit
579 941 634 995 Q)
658 945 693 980 in
728 948 832 991 ortu3
866 948 1021 992 propter
1056 949 1084 987 <s
1121 945 1157 980 in
1181 943 1234 984 M.
1258 943 1300 983 C.
1334 944 1607 992 aequiparatur
1630 943 1874 982 Ferdinando

80 1003 118 1038 in
151 1002 300 1040 bellicis
332 1002 573 1047 tumultibus,
607 1007 761 1050 propter
793 999 821 1052 Γ)
855 1003 892 1037 in
914 1001 1024 1038 VIII.
1048 1001 1229 1051 Philippo
1261 1003 1298 1038 in
1333 1001 1641 1039 contentionibus
1676 1010 1712 1038 et
1744 1001 1874 1040 defec-

79 1061 196 1099 tione.
242 1060 405 1099 Genesis
437 1061 538 1109 regis
571 1059 784 1109 Hispaniae
809 1065 977 1108 cognata
1007 1064 1065 1097 cst
1097 1072 1180 1097 eum
1213 1066 1347 1098 matre.
1390 1058 1565 1108 Quatuor
1596 1061 1734 1096 summi
1756 1062 1874 1098 nostri

79 1120 262 1168 temporis
294 1119 525 1156 monarchae
556 1118 630 1156 hoc
661 1129 762 1155 anno
794 1123 884 1156 sunt
926 1118 1002 1155 sere
1034 1116 1212 1165 ἄπαιδες,
1257 1118 1384 1156 Turca
1415 1119 1675 1155 minorennem
1707 1118 1873 1167 reliquit,

79 1181 122 1214 ut
153 1177 282 1224 fertur,
314 1176 515 1226 Hispanus
547 1176 716 1214 nondum
748 1178 902 1226 nuptias
926 1176 1148 1223 celebravit,
1181 1176 1395 1226 Imperator
1417 1173 1534 1220 ἅπαις
1555 1186 1629 1212 non
1664 1175 1874 1214 destinavit

80 1246 354 1282 successorem,
386 1235 469 1273 Rex
503 1234 719 1273 Galliarum
751 1233 889 1281 ἅπαις,
929 1234 1079 1283 Regina
1111 1235 1278 1282 Angliae
1311 1236 1416 1273 item.
1480 1234 1637 1272 Alberto
1669 1230 1698 1284 Γ)
1735 1235 1804 1272 crit
1837 1236 1874 1271 in

77 1292 134 1330 M.
167 1293 211 1333 C.
274 1293 481 1340 Incertum,
515 1305 563 1330 an
597 1300 635 1331 et
666 1293 936 1330 Maximiliano
969 1294 1044 1330 ista
1075 1300 1122 1333 οἵ
1166 1290 1212 1346 Ἡ.
1250 1298 1279 1337 (ζ
1317 1292 1463 1331 incidat
1494 1294 1531 1329 iu
1565 1298 1707 1341 ortum;
1742 1292 1877 1330 incidit

77 1352 114 1388 in
147 1351 200 1388 M.
234 1351 275 1388 C.
308 1351 480 1401 Philippi
511 1351 562 1388 ΙΙ.
625 1352 809 1390 Ernestus
850 1351 968 1389 habet
999 1350 1052 1387 M.
1088 1351 1129 1388 C.
1163 1352 1198 1387 in
1234 1351 1279 1390 9υ
1300 1348 1375 1407 (Q,
1420 1356 1457 1389 et
1489 1350 1755 1389 Fer-diuandus
1788 1351 1875 1388 Ins-

78 1410 304 1459 bruggensis
338 1416 375 1448 et
406 1409 696 1447 Maximilianus
729 1415 766 1448 et
795 1415 906 1458 pater
937 1409 1020 1458 ejus
1052 1409 1321 1448 Ferdinandus
1353 1412 1390 1446 in
1425 1408 1469 1447 7⁰
1488 1416 1577 1455 (51:51,
1611 1414 1648 1446 ct
1669 1409 1752 1447 Rex
1776 1408 1873 1446 Gal-

76 1467 152 1505 liae
184 1469 222 1505 in
255 1466 330 1506 ‘29⁰
359 1466 431 1521 632,
475 1468 636 1505 Carolus
677 1473 714 1506 et
755 1467 985 1516 Rudolphus
1027 1468 1066 1504 in
1112 1466 1183 1506 16Ο
1215 1470 1277 1520 ist.
1338 1474 1385 1509 0(
1424 1468 1497 1505 ista
1539 1468 1677 1506 attinet
1720 1466 1874 1505 domum

78 1526 349 1576 Austriacam3
394 1527 578 1564 morietur
616 1526 820 1576 Philippus
852 1526 923 1563 111.
986 1525 1257 1574 Margarethae
1301 1527 1437 1564 transit
1468 1523 1497 1576 Γ)
1532 1525 1637 1575 Sept.
1682 1527 1772 1563 anni
1808 1530 1872 1564 99.

76 1596 145 1634 per
174 1581 229 1636 Q
262 1590 300 1624 et
339 1597 440 1623 anno
483 1589 602 1624 1600.
640 1597 707 1634 per
744 1596 790 1627 00
826 1584 864 1632 *Hs
897 1588 934 1622 et
966 1584 1012 1631 [J
1045 1584 1301 1623 ascendentis.
1373 1584 1573 1622 Leonorae
1611 1590 1765 1622 nostrae
1806 1595 1875 1622 ac-

78 1642 172 1680 cidit
202 1644 270 1680 ilia
302 1654 349 1689 0²
389 1646 424 1680 in
447 1643 551 1691 V113
585 1643 778 1692 significat
809 1644 1107 1681 matrimonium.
1161 1643 1300 1681 Carolo
1324 1648 1455 1681 nostro
1478 1644 1515 1679 in
1539 1642 1623 1680 loco
1648 1642 1709 1692 (a),
1744 1642 1875 1680 Maxi-

77 1701 235 1739 miliano
277 1703 314 1738 in
354 1706 451 1739 ortu.
514 1701 579 1739 Sic
610 1713 773 1749 censeo,
820 1703 975 1750 nuptias
1017 1701 1165 1739 futuras
1198 1701 1431 1740 Ferdinandi
1477 1707 1513 1739 ct
1545 1701 1764 1747 Leonorae,
1808 1700 1875 1738 sed

77 1759 223 1797 luctum
255 1761 559 1798 interventurum
602 1765 670 1797 aut
700 1765 919 1799 secuturum
953 1760 1001 1797 ob
1034 1766 1226 1797 mortuum
1258 1771 1386 1809 regem
1419 1759 1654 1809 Hispaniae,
1692 1764 1759 1797 aut
1791 1758 1875 1796 Ru-

80 1816 212 1867 dolphi
246 1818 437 1865 Caesaris,
470 1824 538 1856 aut
568 1817 839 1857 Maximiliani.
902 1818 959 1856 Ea
990 1830 1048 1856 res
1082 1818 1221 1857 Carolo
1255 1819 1359 1856 bona
1390 1819 1471 1857 erit.

215 1884 280 1919 His
306 1885 490 1919 immixtae
516 1889 601 1919 sunt
626 1895 776 1929 geneses
802 1883 955 1919 aliorum
981 1885 1196 1930 principum,
1233 1894 1480 1919 successorum
1506 1883 1727 1918 Ferdinandi
1754 1883 1876 1918 catho-

78 1941 138 1977 lici
163 1946 199 1976 et
222 1941 420 1987 Isabellae,
453 1942 585 1987 partim
617 1942 806 1977 absolutae
837 1943 968 1987 partim
1002 1943 1126 1987 paucis
1153 1942 1270 1977 verbis
1305 1941 1487 1985 signatae,
1523 1940 1651 1975 calculi
1677 1940 1875 1984 eclipsium,

79 2000 259 2035 sententia
286 2001 395 2036 dubia
421 2001 464 2036 de
489 2004 706 2045 tempestate
733 2001 816 2034 anni
841 2006 924 2039 etc.,
948 2000 999 2036 ita
1025 2005 1064 2035 ut
1087 2005 1281 2045 appareat,
1316 1999 1422 2034 simili
1446 1998 1585 2033 ratione
1620 2009 1690 2042 qua
1715 1998 1814 2043 prius
1840 1998 1876 2033 in

79 2059 328 2094 nativitatibus
354 2059 577 2104 singulorum
604 2059 639 2093 in
666 2058 790 2093 iisdem
817 2058 1032 2093 familiarum
1059 2063 1094 2093 et
1121 2063 1354 2102 cognatorum
1381 2068 1418 2092 se
1446 2057 1651 2092 exercuisse
1670 2057 1876 2101 Keplerum‚

77 2120 118 2151 ut
135 2116 334 2151 uberiorem
353 2117 622 2151 nancisceretur
640 2117 879 2161 cognitionem
899 2117 1072 2152 scientiae
1089 2117 1339 2161 astrologicae,
1364 2116 1400 2151 in
1420 2127 1526 2160 quam
1544 2116 1714 2150 inclinare
1734 2115 1878 2150 videbat

78 2185 201 2210 omnes
225 2175 300 2209 fere
326 2175 525 2210 humilioris
551 2174 809 2219 nobiliorisque
834 2176 976 2219 generis
1003 2175 1179 2211 homines.
1223 2175 1337 2219 Quale
1363 2186 1408 2210 ex
1432 2175 1489 2209 his
1515 2173 1773 2209 tentamiuibus
1794 2184 1875 2209 con-

77 2231 204 2268 fecerit
228 2233 507 2277 prognosticum,
533 2233 722 2268 nescimus.

218 2291 305 2325 Cum
329 2291 544 2326 Maestlinus
570 2291 735 2335 Tubinga
758 2302 886 2336 parum
912 2291 1031 2327 solatii
1056 2291 1246 2337 praeberet
1271 2292 1440 2338 Keplero,
1466 2293 1745 2328 Herwartum
1771 2291 1870 2336 adiit,

79 2347 112 2383 d.
144 2349 198 2383 12.
226 2348 314 2383 Julii
348 2349 524 2384 scribens:
564 2347 689 2385 Domo
722 2348 880 2385 discessi
913 2360 997 2386 cum
1021 2349 1135 2385 venia
1158 2350 1406 2397 magistratus
1427 2350 1524 2395 mei,
1557 2348 1720 2385 reditun]
1744 2359 1872 2385 meum

78 2404 145 2441 ubi
175 2404 252 2441 illis
284 2405 512 2454 significavi,
547 2406 784 2454 diligentiam
817 2406 971 2455 quidem
1005 2406 1286 2454 collaudarunt‚
1321 2412 1488 2445 ceterum
1511 2407 1745 2444 verbotenus
1777 2417 1872 2442 sua-

78 2467 220 2508 serunt,
254 2474 292 2500 re
324 2464 407 2512 ipsa
438 2465 509 2502 sub
543 2465 776 2501 dimissionis
810 2465 1118 2502 interminatione
1150 2466 1398 2514 imperarunt,
1432 2471 1473 2502 ut
1504 2465 1674 2513 reposita
1697 2465 1733 2500 in
1757 2475 1872 2512 prae—

77 2531 165 2557 sens
197 2523 432 2560 astronomia
464 2522 692 2560 medicinam
725 2522 976 2571 amplecterer
1007 2524 1254 2572 animumque
1286 2536 1309 2560 a
1339 2522 1671 2572 speculationibus
1701 2521 1870 2570 pulchris

77 2579 203 2626 magis
234 2590 351 2627 quam
382 2580 456 2617 hoc
487 2580 633 2618 difficili
665 2585 835 2629 tempore
868 2581 1102 2618 salutaribus
1134 2581 1183 2618 ad
1215 2592 1345 2619 curam
1377 2581 1557 2618 utilitatis
1580 2579 1759 2628 publicae
1791 2584 1871 2615 tra-

78 2635 267 2674 ducerem.
321 2637 367 2674 Et
389 2639 481 2686 quia
502 2640 763 2688 experimento
786 2640 1051 2687 probaveram,
1076 2651 1191 2688 posse
1212 2651 1270 2677 me
1294 2639 1408 2676 domo
1430 2651 1516 2676 mea
1539 2649 1678 2683 carere,
1715 2641 1736 2675 5
1760 2647 1870 2673 men-

77 2694 185 2731 sibus
219 2696 354 2732 itinere
386 2695 595 2733 Bohcmico
629 2698 851 2743 consumtis,
886 2703 1088 2735 suaserunt
1121 2702 1162 2733 ut
1192 2698 1264 2735 sub
1286 2698 1459 2734 autumni
1483 2703 1633 2744 tempus
1658 2696 1691 2730 in
1716 2694 1868 2731 Italiam

78 2752 172 2789 irem
214 2752 428 2791 medicinae
471 2765 600 2792 causa.
661 2753 701 2791 Si
744 2765 881 2791 causas
922 2766 1053 2793 omnes
1098 2754 1289 2803 explicare
1330 2754 1492 2800 vellem,
1535 2754 1675 2801 quibus
1709 2752 1790 2800 jani
1831 2753 1868 2788 in

79 2809 306 2848 Bohemiam
337 2812 477 2860 rapior,
505 2811 587 2859 jam
618 2812 655 2847 in
679 2811 844 2857 Italiam,
879 2818 1030 2861 tempus
1053 2818 1222 2851 tererem.
1266 2812 1425 2850 Summa
1448 2811 1735 2848 deliberationis
1759 2822 1867 2848 meae

78 2866 175 2906 haec
206 2875 287 2910 est:
320 2871 432 2918 cupio
456 2869 582 2907 adhuc
604 2880 725 2906 annos
747 2869 896 2917 aliquot
917 2871 954 2906 in
976 2871 1244 2907 astronomicis
1267 2880 1501 2915 consumere,
1535 2873 1689 2917 propter
1711 2867 1870 2917 'sycho-

78 2936 177 2973 nem,
201 2926 431 2964 ditissimum
455 2939 578 2965 rerum
601 2927 735 2964 harum
758 2938 1037 2975 possessorem,
1071 2928 1153 2964 sive
1186 2926 1223 2963 id
1256 2926 1322 2964 fiat
1343 2928 1380 2963 in
1404 2926 1603 2972 Bohemia,
1637 2927 1732 2972 sive,
1766 2925 1870 2974 quod

80 2984 227 3032 malim,
258 2985 320 3023 hic
354 2986 522 3033 Graetii,
556 2988 703 3023 interea
733 2985 922 3034 paulatim
956 2986 992 3021 in
1025 2984 1213 3022 medicina
1245 2984 1508 3034 progrederer.
1563 2983 1622 3021 Ad
1653 2984 1726 3021 hoc
1758 2985 1870 3021 insti-

80 3045 205 3079 tutum
237 3054 335 3092 opus
365 3044 458 3081 mihi
494 3049 551 3081 est
583 3045 872 3081 continuatione
895 3043 1038 3090 salarii,
1073 3043 1176 3093 quod
1208 3044 1258 3081 ab
1282 3042 1479 3080 ordinibus
1511 3042 1626 3090 hujus
1648 3043 1870 3091 provinciae

79 3097 217 3150 habeo,
251 3112 348 3151 opus
380 3107 418 3140 et
448 3103 653 3141 securitate
685 3103 723 3139 in
753 3101 952 3151 religionis
975 3103 1143 3151 negotio,
1178 3113 1291 3150 quam
1311 3105 1509 3151 praestare
1530 3102 1707 3151 princeps
1728 3105 1867 3150 potest,
