2126 3388
209 226 296 272 854
880 220 964 256 Vita
989 219 1012 255 J
1014 219 1139 256 oannis
1164 219 1322 265 Kepleri.

211 342 349 379 dustria
373 338 608 376 subdubitare
633 338 814 383 coepisse,
841 337 915 372 sive
941 335 1039 380 quod
1063 336 1249 381 prototypi
1274 335 1500 371 deformitate
1525 335 1664 371 interea
1688 335 1800 372 fueris
1827 337 1997 382 offensus,

212 412 276 437 seu
302 399 397 445 quod
422 409 443 432 a
466 398 630 442 Kriigero
656 397 761 431 aliter
785 406 981 441 persuasus
1007 395 1067 438 sis,
1094 395 1154 439 qui
1180 405 1224 429 ex
1249 394 1310 429 illo
1336 393 1417 428 rudi
1435 393 1629 438 specimine
1653 404 1709 429 me
1725 395 1882 430 nondum
1899 396 1999 441 peni-

211 459 282 494 tius
307 457 487 501 cognitum
511 464 754 499 praepropere
779 453 976 489 aestimarit
1002 456 1037 487 et
1062 451 1106 486 de
1123 463 1189 494 me,
1214 453 1250 487 in
1275 452 1481 486 monasticis
1508 451 1658 496 cellulis,
1684 463 1755 487 non
1779 452 2000 498 sculptorum

212 515 362 551 officinis
388 513 558 555 educato,
592 512 708 547 minus
733 512 826 546 bene
853 510 1030 545 ominatus
1058 509 1177 545 suerit.
1229 510 1298 545 Sed
1324 520 1398 545 rem
1423 510 1557 545 rectius
1586 510 1823 555 perpendenti
1848 511 2001 546 occurrit

212 573 328 609 verior
352 570 530 616 propositi
554 571 666 606 vestri
692 575 727 605 et
752 570 879 605 mutati
905 568 1043 604 consilii
1069 578 1195 611 causa,
1233 567 1370 602 scilicet
1394 567 1512 612 operis
1537 568 1738 612 maturatio,
1764 579 1870 612 quam
1896 568 2002 604 affec-

211 632 324 672 tabas,
351 632 545 673 propterea
568 627 697 664 lubens
724 628 877 663 statione
901 637 981 662 mea
1006 626 1109 662 cessi.
1151 625 1222 661 Sed
1243 625 1318 669 jam
1343 625 1524 668 longiores
1550 636 1668 660 moras
1691 626 1802 661 nectit
1819 627 2003 670 Krugerus

214 699 319 733 quam
345 698 410 730 ego
436 686 636 722 traxissem.
672 686 783 721 Doleo
809 686 922 720 vicem
947 695 1018 719 non
1043 688 1183 718 tantum
1207 686 1314 727 tuam,
1342 683 1402 727 qui
1419 683 1636 718 mechanicis
1655 683 1849 719 artificibus
1866 684 2004 720 idoneis

213 745 429 788 destitueris,
456 744 519 781 sed
545 745 652 780 etiam
677 744 789 779 totius
814 743 1019 777 matheseos
1047 746 1082 777 et
1106 745 1163 775 tot
1187 741 1489 776 nobilissimarum
1518 742 1625 776 divini
1650 742 1783 787 ingenii
1807 742 1860 777 tui
1884 743 2004 778 inven-

211 803 348 839 tionum
374 808 507 837 sortem
532 804 691 846 miseror,
719 812 810 846 quae
837 801 936 836 hisce
961 805 1210 836 cunctatorum
1234 799 1619 844 procrastinationibus
1644 800 1681 834 in
1707 800 1872 836 editionis
1898 812 2006 836 cursu

213 861 449 896 retardantur.
500 861 664 896 Ceterum
698 860 794 904 quod
830 860 919 895 illud
953 870 1059 904 aegre
1091 859 1205 903 feras,
1240 857 1335 902 quod
1366 868 1502 902 paucos
1528 858 1719 893 admodum
1749 858 1903 896 lectores
1929 860 2006 896 fore

214 919 352 953 animus
376 919 569 964 praesagit,
596 919 667 953 heu
693 930 800 963 quam
824 929 950 954 vereor
976 924 1011 954 et
1037 918 1125 963 ipse,
1153 928 1198 953 ne
1215 927 1297 952 vere
1323 917 1477 952 divines!
1518 917 1601 952 Non
1617 917 1752 961 ignoro,
1779 929 1883 962 quam
1901 919 2007 964 pauci

215 977 299 1021 sint,
325 987 415 1022 quos
441 977 605 1012 coelestis
631 977 720 1012 haec
746 989 830 1012 cura
854 981 996 1022 tangat,
1021 977 1114 1012 inter
1138 975 1233 1010 mille
1258 976 1317 1009 vix
1341 975 1510 1020 totidem,
1538 979 1626 1018 quot
1650 975 1742 1010 ostia
1766 976 1896 1013 Rheni.
1937 978 2008 1013 Sed

214 1039 297 1070 utut
322 1035 442 1080 exigui
466 1046 615 1070 numero
640 1035 730 1080 sint,
765 1041 850 1071 tunc
880 1041 1073 1081 propterea
1097 1035 1275 1079 reliquos,
1308 1044 1459 1077 quorum
1489 1034 1593 1067 etiam
1619 1034 1781 1069 nonnulli
1805 1040 1906 1078 sunt,
1939 1037 2008 1071 hoc

215 1094 310 1128 bono
337 1092 594 1128 defraudabis?
635 1093 756 1138 Erras,
785 1095 815 1128 si
838 1099 876 1129 te
901 1095 963 1129 uni
988 1093 1097 1128 aetati
1123 1098 1158 1126 et
1183 1092 1267 1127 huic
1292 1091 1358 1127 soli
1377 1091 1497 1126 seculo
1520 1092 1675 1126 scribere
1693 1093 1820 1128 credis.
1853 1094 2009 1129 Posteri-

214 1152 300 1187 tatis
324 1145 499 1186 rationem
525 1151 634 1193 habe,
668 1152 763 1187 inter
789 1163 894 1196 quam
926 1157 1009 1198 post
1040 1152 1114 1187 fata
1140 1151 1280 1186 demum
1303 1150 1431 1185 merita
1461 1150 1567 1187 laude
1596 1150 1848 1187 celebraberis.
1877 1174 1914 1178 —
1942 1154 2009 1188 Die

215 1211 272 1247 25.
298 1210 465 1245 Octobris
496 1209 605 1244 refert
637 1210 898 1256 Schickardus,
936 1211 1110 1253 „miiltas“
1145 1220 1182 1244 se
1216 1208 1418 1244 successive
1451 1208 1635 1253 accepisse
1660 1209 1831 1254 epistolas
1861 1221 1883 1245 a
1911 1210 2009 1255 Kep-

213 1268 308 1312 lero,
334 1268 474 1302 mittere
506 1278 544 1303 se
575 1268 706 1311 figuras
741 1269 891 1304 duorum
922 1269 1081 1313 priorum
1106 1267 1277 1302 librorum
1303 1267 1520 1302 Harmoniae
1546 1277 1616 1302 non
1641 1267 1819 1312 sculptas,
1849 1268 1919 1303 sed
1952 1269 2011 1304 de-

215 1327 379 1363 lineatas.
429 1326 545 1370 Magis
577 1326 644 1361 sibi
676 1326 834 1362 arridere
867 1336 996 1362 aeneas
1029 1326 1181 1361 tabellas
1207 1330 1242 1360 et
1268 1325 1374 1360 offert
1400 1335 1438 1359 se
1471 1325 1605 1370 figuras
1639 1325 1720 1360 illas
1756 1325 1831 1360 aeri
1855 1325 2012 1361 incidere

216 1386 303 1429 (illas
330 1387 420 1427 dic-it,
446 1397 532 1429 quae
557 1385 624 1420 vol.
652 1388 691 1420 V.
718 1387 760 1417 ad
784 1398 817 1428 p.
847 1388 1029 1419 116-120
1054 1384 1251 1428 pertinent),
1289 1384 1362 1426 „sic
1388 1383 1479 1418 enim
1514 1383 1648 1418 laboris
1673 1383 1736 1418 fiet
1761 1383 2011 1428 compendium

216 1448 251 1480 et
277 1443 395 1479 omnia
419 1443 619 1487 elegantius
652 1442 881 1488 prodibunt“.
932 1443 1017 1477 Cum
1051 1442 1134 1476 huic
1166 1441 1316 1476 consilio
1351 1441 1571 1476 consentiret
1602 1441 1782 1485 Keplerus
1815 1441 1868 1485 (in
1899 1439 2011 1477 literis

216 1501 308 1536 datis
334 1502 365 1536 6.
392 1501 496 1542 Dec,
535 1511 624 1544 quas
658 1501 842 1544 accepisse
877 1511 915 1536 se
941 1500 1028 1535 dicit
1054 1500 1296 1535 Schickardus
1323 1499 1379 1534 die
1405 1500 1499 1544 26),
1527 1499 1770 1534 Schickardus
1797 1499 1853 1534 die
1877 1499 1932 1535 27.
1958 1509 2012 1534 re-

215 1558 378 1604 spondit,
415 1568 454 1594 se
486 1569 625 1593 omnem
652 1568 797 1602 operam
823 1558 1070 1604 impensurum
1096 1563 1131 1593 et
1158 1557 1364 1602 sculpendis
1397 1558 1521 1602 figuris
1548 1558 1768 1602 diligentiam
1793 1568 1894 1593 suam
1918 1568 2012 1593 com-

214 1617 447 1665 probaturum
473 1627 572 1662 esse;
610 1627 761 1662 cuprum
794 1617 895 1661 parvi
921 1621 1104 1659 constare,
1140 1616 1267 1651 libram
1293 1616 1337 1651 24
1363 1617 1578 1660 crucigeros‚
1605 1615 1799 1651 Besoldum
1824 1616 2012 1661 Tubingae

215 1676 357 1721 reliqua
383 1680 589 1711 curaturum
616 1685 696 1710 esse
700 1700 816 1711 .....
866 1674 992 1710 Mirari
1011 1685 1060 1712 se.
1086 1674 1146 1718 ait,
1174 1674 1270 1718 quod
1288 1674 1466 1718 Keplerus
1485 1673 1529 1708 de
1546 1673 1686 1708 duobus
1705 1673 1852 1708 cometis
1870 1674 2012 1716 scribat,

216 1745 255 1771 se
279 1746 389 1771 unum
414 1738 450 1769 et
474 1734 626 1769 eundem
651 1733 826 1768 hactenus
851 1738 1011 1777 putasse.
1062 1734 1179 1777 Illum,
1207 1743 1312 1777 quem
1338 1732 1517 1777 Keplerus
1551 1733 1618 1767 sub
1645 1732 1738 1767 Ursa
1772 1733 2013 1777 conspexerit,

215 1803 254 1828 se
278 1803 462 1837 nunquam
487 1792 634 1833 vidisse,
671 1791 777 1834 „licet
809 1790 904 1826 fama
939 1792 1018 1836 ejus
1051 1792 1231 1827 excitatus
1264 1791 1455 1836 aliquoties
1489 1794 1573 1826 ante
1605 1791 1698 1826 diem
1724 1789 1848 1826 sedulo
1874 1791 2013 1826 coelum

216 1850 482 1895 contemplatus
508 1849 650 1886 fuerim.
699 1849 839 1884 Forsan
864 1854 951 1885 tunc
972 1849 1045 1894 jam
1072 1853 1285 1884 evanuerat:
1311 1859 1398 1884 aveo
1426 1849 1516 1883 scire
1542 1848 1772 1893 apparentias
1799 1849 1912 1892 ejus“.
1939 1869 1983 1874 —

353 1909 409 1944 De
438 1908 580 1944 Medico
615 1908 812 1943 Viennensi
843 1908 1086 1944 Guilielmo
1120 1908 1415 1953 Rechperger
1445 1908 1579 1942 Remus
1611 1907 1768 1952 Keplero
1801 1908 1891 1943 haec
1925 1919 2012 1944 nun·

216 1969 301 2005 ciat:
329 1967 494 2012 „saepius
518 1967 578 2001 ille
602 1966 688 2001 mihi
713 1966 812 2011 dixit,
840 1967 869 2001 si
886 1967 1064 2011 Keplerus
1092 1976 1230 2001 mecum
1255 1966 1385 2001 bonam
1404 1965 1757 2009 correspondentiam
1774 1969 1922 2007 teneret,
1947 1976 2013 2010 ego

215 2027 286 2072 ipsi
309 2025 462 2060 faciliter
493 2035 594 2060 suam
619 2023 858 2068 provisionem
885 2025 1042 2069 persolvi
1077 2028 1273 2060 curarem.“
1328 2023 1465 2058 Eadem
1498 2024 1577 2068 ipse
1601 2024 1875 2068 Rechpergerus
1910 2024 2014 2060 offert

214 2084 391 2129 Keplem,
418 2083 474 2118 die
500 2083 530 2119 6.
556 2084 643 2119 Dec.
673 2083 775 2119 1618.
803 2083 979 2118 scribens:
1017 2083 1049 2117 A
1074 2083 1181 2126 longo
1207 2087 1370 2127 tempore
1402 2087 1437 2116 et
1462 2093 1589 2125 magno
1624 2092 1745 2117 amore
1769 2087 1854 2117 tuae
1879 2083 2013 2119 Excel-

213 2143 346 2178 lentiae
372 2145 408 2177 et
433 2141 609 2177 desiderio
634 2146 718 2176 tuae
743 2142 920 2177 amicitiae
945 2141 1057 2185 flagro
1063 2167 1186 2178 .....
1236 2141 1324 2176 Peto
1351 2144 1390 2175 ut
1410 2145 1472 2175 tua
1490 2140 1719 2176 Excellentia
1737 2140 2013 2186 descriptionem

215 2211 317 2237 suam
343 2204 518 2244 cometae,
553 2209 648 2234 nunc
679 2200 723 2235 ab
756 2199 893 2243 aliquot
924 2200 1049 2234 diebus
1074 2199 1110 2234 in
1135 2199 1323 2234 horizonte
1354 2204 1476 2233 nostro
1501 2197 1687 2242 fulgentis,
1722 2199 1807 2233 mihi
1830 2199 2011 2235 transmit-

215 2263 269 2293 tat
272 2284 392 2294 .....
442 2258 480 2293 Si
506 2257 591 2302 quid
616 2257 776 2293 Viennae
807 2268 872 2292 sua
897 2257 1122 2292 Excellentia
1155 2257 1263 2291 habet
1287 2257 1342 2293 vel
1374 2257 1410 2292 in
1436 2257 1518 2292 aula
1544 2256 1600 2291 vel
1633 2257 1728 2301 apud
1755 2268 1930 2293 cameram
1956 2257 2012 2292 vel

215 2316 310 2361 alibi,
337 2316 433 2361 quod
459 2317 627 2352 effectum
651 2317 750 2362 velit,
776 2316 931 2351 vicissim
958 2317 1117 2357 obsecro,
1144 2320 1183 2351 ut
1206 2315 1291 2350 mihi
1310 2315 1518 2350 committat.
1562 2313 1709 2349 Omnem
1735 2314 1828 2350 dabo
1856 2326 2012 2360 operam,

215 2378 256 2410 ut
279 2374 352 2409 voti
377 2384 524 2418 compos
549 2373 613 2409 fiat
637 2378 705 2410 etc.
755 2375 849 2410 Num
873 2374 1052 2418 Keplerus
1086 2374 1151 2408 viri
1185 2374 1293 2418 hujus
1324 2373 1458 2409 auxilio
1492 2384 1579 2409 usus
1611 2374 1720 2409 fuerit
1744 2373 1801 2408 vel
1825 2373 2009 2419 Mingonio

215 2430 284 2467 soli
307 2441 365 2466 res
390 2441 474 2466 suas
499 2431 659 2467 Viennae
682 2431 928 2476 procurandas
954 2432 1187 2476 commiserit,
1214 2432 1408 2477 nescimus;
1444 2432 1630 2477 responsio
1656 2437 1752 2467 certe
1777 2432 1926 2477 Kepleri
1950 2432 2008 2468 de-

215 2488 405 2525 sideratur.

353 2549 447 2583 Dum
471 2547 651 2592 Keplerus
677 2548 864 2592 Tubingae
888 2549 1098 2584 versabatur
1124 2549 1233 2592 (anno
1262 2549 1378 2593 1617),
1413 2559 1493 2584 cum
1518 2547 1696 2592 theologis
1721 2548 2009 2592 Tubingensibus

216 2607 333 2651 egisse
357 2606 501 2642 videtur
526 2607 569 2642 de
594 2606 657 2642 lite
682 2617 761 2642 cum
785 2606 929 2642 Hizlero
955 2609 997 2650 (v.
1024 2618 1052 2644 s,
1079 2618 1112 2652 p.
1139 2607 1233 2649 807).
1276 2608 1318 2642 In
1344 2607 1533 2643 tabellario
1552 2607 1774 2651 Tubingensi
1798 2607 1922 2652 plures
1949 2617 2007 2641 ex-

215 2670 312 2700 stant
337 2665 511 2711 epistolae
535 2665 683 2711 Kepleri
708 2672 743 2701 et
766 2664 1016 2709 Hafenrefferi,
1044 2665 1149 2700 datae
1175 2666 1276 2701 annis
1303 2666 1394 2701 1618
1421 2670 1456 2700 et
1483 2666 1582 2707 1619,
1607 2666 1643 2700 in
1670 2665 1798 2710 quibus
1824 2664 2010 2709 disputant

218 2723 261 2759 de
284 2723 355 2759 fide
380 2723 543 2769 Kepleri;
577 2734 677 2769 quas,
703 2734 783 2758 cum
807 2723 900 2758 inter
925 2734 963 2758 se
988 2723 1220 2768 cohaereant,
1254 2724 1377 2760 ordine
1407 2726 1574 2760 continuo
1606 2724 1665 2760 hic
1688 2723 1913 2759 inseruimus.

352 2781 510 2817 Primum
535 2781 622 2817 adiit
646 2781 824 2827 Keplerus
850 2781 1148 2828 Hafenrefferum,
1175 2783 1351 2818 scribens:

355 2911 592 2960 Dignissime
632 2912 800 2951 Domine
841 2912 1099 2962 Cancellarie,
1149 2913 1377 2952 Reverende
1423 2918 1459 2952 et
1498 2913 1720 2952 Clarissime
1759 2912 1807 2950 D.
1842 2912 2002 2960 Doctor,

219 2967 451 3018 Praeceptor
483 2969 764 3010 colendissime.
817 2971 952 3009 Annus
973 2972 1258 3021 circumagitur,
1291 2984 1338 3011 ex
1370 2983 1446 3021 quo
1469 2972 1650 3021 Tubinga
1682 2969 1894 3008 discedenti
1916 2982 2005 3019 spes

221 3032 278 3063 est
307 3026 409 3065 facta
439 3033 638 3066 secuturae
669 3028 890 3068 schedulae.
952 3029 1061 3078 Quae
1105 3030 1209 3080 quod
1249 3041 1326 3068 non
1356 3032 1539 3077 mittitur,
1581 3029 1620 3067 id
1650 3029 1883 3066 humanitati
1915 3034 2004 3067 tuae

220 3083 358 3132 tribuo,
391 3086 456 3134 qui
485 3097 545 3123 me
576 3088 741 3124 amicum
771 3098 848 3125 non
878 3090 1044 3127 sustines
1066 3087 1270 3136 offendere,
1305 3093 1411 3126 ratus
1443 3088 1483 3125 id
1514 3086 1617 3137 quod
1647 3097 1706 3124 res
1738 3091 1816 3133 est,
1850 3098 1910 3125 me
1942 3086 2004 3124 vel

222 3150 268 3180 ex
298 3141 450 3181 silentio
481 3142 529 3182 de
559 3149 783 3194 argumento
815 3147 1027 3196 promissae
1059 3146 1247 3197 epistolae
1278 3146 1537 3196 conjecturam
1577 3145 1701 3184 facere
1731 3144 1844 3184 facile
1874 3155 2002 3195 posse.
