2157 3398
296 150 379 196 638
706 150 941 190 Summarium
967 154 1148 190 Historiae
1170 154 1420 193 Astronomiae
1445 157 1566 193 seculo
1590 155 1686 193 XVI.

293 271 341 310 lis
371 271 549 310 resolutis
571 271 718 320 Magini
752 276 790 310 et
811 272 974 322 illorum,
1008 286 1104 323 quos
1127 275 1309 324 Maginus
1341 280 1400 315 est
1430 281 1597 324 secutus,
1631 278 1771 326 quibus
1803 289 1925 316 annus
1957 277 2086 315 finitur

293 331 330 367 in
364 330 520 368 meridie
553 330 676 367 ultimi
709 329 933 369 Decembris
972 333 1131 381 politici.
1193 334 1257 372 Sic
1289 334 1446 372 dimidio
1491 335 1552 373 die
1592 335 1717 373 differt
1749 348 1772 373 a
1802 336 2016 374 Prutenicis
2049 341 2087 374 et

295 388 524 438 Copernico,
569 388 709 436 quibus
741 399 863 427 annus
897 391 1049 428 civilem
1082 391 1196 429 finem
1226 395 1383 430 sortitur
1414 396 1451 429 in
1481 393 1610 431 media
1641 398 1766 432 nocte.
1829 394 1925 431 Cum
1957 398 2086 431 autem

290 446 435 484 fructus
467 445 683 483 tabularum
715 447 791 483 sint
821 448 1107 496 Epheinerides,
1140 450 1253 488 facile
1275 456 1446 500 apparet,
1480 450 1620 489 Brahei
1643 452 1830 501 epocham
1863 464 1946 490 esse
1978 463 2085 489 com-

292 504 569 541 modissimam.
621 503 778 541 Interim
800 506 1023 553 notandum,
1058 507 1161 556 quod
1193 513 1231 546 et
1260 509 1300 545 in
1323 509 1536 558 Copernico
1569 515 1606 547 et
1638 511 1725 547 aliis
1747 511 1935 557 omnibus,
1959 521 2084 559 quan-

290 563 407 610 tisper
439 561 609 599 calculus
643 568 843 611 operatur,
885 569 1058 613 tempora
1103 565 1278 604 adhiberi
1311 567 1520 616 completa,
1568 567 1717 605 calculo
1756 574 1912 618 peracto
1966 568 2013 605 ad
2045 567 2085 604 id

291 619 394 668 quod
425 619 552 668 prodit
584 631 687 657 more
720 621 1017 669 Ephemeridum
1050 625 1194 673 apponi
1236 624 1336 662 diem
1369 631 1594 664 currentem.
1656 625 1754 663 Nam
1786 627 1819 663 si
1851 625 1943 675 quid
1976 637 2083 663 com-

290 678 505 725 putandum
537 678 584 714 ad
622 682 743 717 1593.
777 683 841 717 31.
878 681 977 729 Aug.
1010 681 1143 719 horam
1176 686 1213 722 8.
1245 685 1474 720 matutinam
1512 683 1689 732 politice,
1732 684 1770 721 id
1803 690 1861 722 est
1902 689 2083 721 astrono-

289 737 386 773 mice
419 736 467 773 ad
504 740 625 774 1593.
659 741 725 774 30.
758 737 858 787 Aug.
891 738 1024 776 horam
1059 745 1124 780 20.
1155 746 1244 790 post
1277 741 1493 791 meridiem;
1526 742 1718 791 completo
1751 743 1867 792 igitur
1888 747 2080 791 tempore:

291 797 413 832 1592.
446 793 592 845 Julius,
625 793 705 833 dies
739 797 790 833 29
823 796 941 836 horae
975 798 1040 836 20.

424 965 490 1000 His
523 965 747 1011 interpositis
780 966 936 1002 redimus
971 967 1016 1002 ad
1041 968 1247 1014 Tychonem
1273 970 1411 1016 ipsum,
1443 970 1642 1006 referentes
1678 981 1722 1006 ex
1751 969 2080 1016 Progymnasmatis

286 1034 329 1059 ea
353 1033 456 1069 quae,
483 1025 648 1060 absoluta
675 1025 816 1060 theoria
841 1026 977 1070 Lunae,
1011 1037 1103 1062 nova
1136 1027 1172 1062 in
1197 1029 1418 1063 astronomia
1453 1028 1641 1072 evigilavit.
1692 1030 1815 1074 Capite
1850 1028 2007 1064 secundo
2034 1027 2078 1061 ad

270 1082 409 1117 stellas
434 1082 525 1117 fixas
552 1083 696 1126 transit,
733 1084 932 1118 inscribens
958 1084 1027 1119 hoc
1054 1089 1182 1129 caput:
1223 1086 1281 1121 De
1305 1088 1492 1122 stellarum
1517 1088 1781 1130 inerrantium,
1808 1087 1930 1132 quoad
1955 1097 2080 1122 earum

285 1141 364 1176 loca
387 1142 460 1186 ipsi
484 1142 579 1176 coelo
605 1142 655 1177 ad
680 1143 852 1177 amussim
877 1153 1048 1187 conyrua,
1069 1145 1251 1188 peculiari
1274 1146 1419 1180 ratione
1443 1146 1760 1190 instrumentisque
1779 1145 1967 1190 eaeqm'sitz‘s
1982 1145 2081 1188 facta

288 1198 521 1234 denotatione
547 1204 653 1244 atque
678 1201 935 1244 verificatione.
985 1201 1157 1235 Fixarum
1182 1201 1368 1236 stellarum
1393 1202 1489 1243 loca,
1514 1202 1645 1245 lumen,
1674 1202 1838 1246 colorem,
1865 1201 2080 1246 magnitudi-

287 1267 367 1291 nem
392 1268 651 1302 numerumque
677 1261 713 1292 et
738 1257 1026 1294 distributionem
1053 1269 1174 1293 earum
1198 1259 1236 1294 in
1262 1259 1363 1294 coelo
1388 1270 1461 1294 non
1486 1264 1624 1295 tantum
1651 1261 1695 1295 ad
1713 1272 1787 1295 rem
1805 1261 2079 1296 astronomicam

286 1315 442 1359 penitius
469 1315 754 1361 cognoscendam
787 1317 979 1361 plurimum
1010 1317 1127 1352 facere
1154 1323 1294 1362 censet,
1328 1317 1391 1352 sed
1425 1319 1550 1362 etiam,
1587 1319 1682 1363 quod
1708 1319 1743 1353 in
1769 1319 1883 1364 ipsius
1909 1320 2078 1364 operibus

283 1374 400 1409 rarius
437 1375 610 1420 occurrit,
645 1375 876 1418 astrologiam
910 1375 977 1409 hac
1008 1375 1239 1419 inquisitione
1272 1386 1343 1410 non
1376 1387 1503 1420 parum
1536 1377 1687 1412 subsidii
1725 1378 1951 1412 obtenturam
1987 1388 2076 1412 esse.

279 1434 405 1468 Refert
429 1433 548 1467 studia
572 1438 741 1478 veterum,
769 1433 1028 1476 Timocharem,
1055 1434 1312 1479 Hipparchum,
1340 1435 1598 1479 Ptolemaeum,
1627 1436 1891 1480 Albategnium,
1916 1436 2076 1480 Alphen-

281 1504 358 1527 sum
389 1491 523 1536 laudat,
550 1491 704 1536 denique
735 1492 968 1537 Copernicum
1000 1493 1085 1528 dicit
1112 1493 1177 1536 „de
1203 1498 1280 1528 arte
1305 1493 1385 1537 hac,
1412 1493 1442 1527 si
1470 1494 1549 1536 quis
1580 1493 1691 1533 alius,
1718 1494 1851 1538 optime
1876 1494 2077 1533 meritum,

281 1560 419 1585 errores
453 1560 535 1584 vero
568 1549 612 1584 ab
646 1550 701 1585 his
736 1550 944 1586 commissos
984 1551 1164 1597 queritur,
1203 1552 1264 1595 qui
1298 1552 1441 1595 saepius
1477 1553 1521 1586 ad
1551 1551 1729 1596 integrum
1766 1551 1915 1596 gradum
1956 1561 2076 1585 excre—

278 1609 430 1651 vissent,
465 1619 542 1642 cum
577 1607 621 1641 ob
655 1609 990 1651 instrumentorum,
1032 1609 1163 1652 quibus
1198 1609 1253 1644 usi
1291 1610 1381 1653 sint,
1416 1609 1613 1644 exilitatem
1646 1610 1835 1652 minusque
1868 1609 2079 1643 convenien-

278 1670 349 1700 tem
376 1671 611 1710 structuram,
643 1671 719 1700 tum
757 1667 840 1710 quia
873 1666 1049 1701 rationem
1073 1666 1302 1701 adhibuerint
1332 1678 1403 1702 non
1436 1667 1531 1701 omni
1557 1678 1601 1702 ex
1627 1671 1730 1711 parte
1764 1665 2074 1710 comprobandam¹

281 1723 346 1758 His
372 1728 489 1758 motus
516 1724 633 1759 causis
660 1724 796 1768 majora
823 1729 857 1759 et
877 1726 1058 1760 exactiora
1076 1725 1316 1760 instrumenta
1342 1725 1469 1760 confici
1496 1725 1633 1760 curavit
1658 1731 1692 1760 et
1720 1724 1824 1758 aliam
1851 1725 1943 1758 viam
1969 1734 2076 1768 quam

277 1782 415 1825 priores
447 1782 632 1827 ingressus
659 1788 724 1817 est.
777 1784 902 1828 „Cum,
937 1783 1069 1827 inquit,
1105 1788 1161 1818 tot
1194 1784 1376 1827 tantisque
1409 1784 1634 1818 anfractibus
1669 1788 1776 1827 atque
1811 1781 2074 1826 impedimentis

278 1839 462 1874 stellarum
488 1841 721 1876 inerrantium
746 1842 928 1876 restitutio
955 1842 1111 1876 obnoxia
1139 1842 1480 1886 deprehenderetur,
1509 1841 1680 1884 cogitanti
1707 1846 1742 1875 et
1768 1840 1827 1875 diu
1853 1840 2074 1884 multumque

278 1899 536 1942 contemplanti
562 1899 659 1942 mihi,
687 1910 756 1942 qua
781 1899 927 1934 tandem
952 1901 1091 1935 ratione
1118 1901 1300 1944 negotium
1326 1900 1395 1934 hoc
1421 1901 1510 1934 citra
1536 1899 1646 1933 ullam
1672 1898 1882 1933 deviationis
1902 1898 2074 1942 suspicio-

277 1965 358 1990 nem
385 1956 555 1999 expedire
581 1955 715 1999 liceret,
745 1967 827 1991 ecce
854 1957 993 1992 coelum
1017 1958 1133 2001 ipsum
1155 1959 1259 2001 quasi
1277 1968 1321 1991 ex
1346 1957 1532 2001 insperato
1559 1957 1739 2000 egregiam
1764 1961 1871 2000 atque
1897 1955 2074 1990 sufficien—

279 2017 351 2048 tem
378 2015 602 2049 occasionem
628 2015 825 2050 liberaliter
850 2016 1031 2060 impertiit,
1059 2016 1166 2060 idque
1186 2027 1279 2051 anno
1302 2016 1400 2058 1502,
1428 2026 1508 2050 cum
1526 2015 1677 2049 Veneris
1698 2015 1803 2050 stella
1819 2015 1976 2050 interdiu
1993 2025 2072 2048 cum

279 2071 362 2106 Sole
388 2072 501 2106 multo
528 2078 689 2116 tempore
715 2078 788 2107 tam
814 2079 895 2108 ante
921 2085 1029 2118 quam
1055 2081 1139 2120 post
1164 2075 1410 2119 meridianum,
1436 2080 1512 2108 tum
1541 2075 1646 2108 ctiam
1672 2075 1707 2108 in
1734 2074 1802 2109 hoc
1827 2084 1906 2109 sese
1932 2073 2071 2117 conspi-

278 2129 441 2165 ciendam
466 2131 647 2174 praebuit.
697 2132 799 2166 Hanc
825 2135 1048 2169 occasionem
1074 2134 1280 2169 nullatenus
1306 2132 1660 2177 praetermittendam
1687 2133 1821 2176 censui,
1847 2143 1926 2167 cum
1952 2143 1972 2167 a
1990 2131 2071 2167 Sole

278 2188 548 2224 intermediante
575 2190 724 2225 Veneris
752 2191 856 2225 stella
881 2192 989 2226 affixa
1015 2193 1132 2227 sidera
1157 2192 1354 2235 verificare,
1381 2201 1486 2234 quam
1512 2202 1576 2234 per
1593 2190 1743 2227 Lunam,
1769 2194 1809 2224 ut
1833 2195 1939 2224 antea
1955 2189 2070 2224 minus

281 2246 406 2281 dextre
432 2247 632 2282 factitatum
659 2254 729 2294 est,
757 2249 862 2292 longe
889 2251 1012 2295 satius,
1039 2250 1243 2295 expeditius
1271 2255 1306 2284 et
1333 2249 1466 2283 certius
1494 2249 1674 2285 ducerem.
1725 2249 1846 2282 Venus
1873 2248 1964 2282 enim
1990 2258 2069 2281 cum

277 2303 313 2338 in
338 2315 403 2339 sua
428 2306 558 2340 visibili
584 2306 756 2341 diametro
782 2308 972 2351 parvulum
999 2314 1152 2353 occupet
1175 2309 1210 2342 in
1237 2308 1336 2343 coelo
1362 2308 1490 2352 locum,
1516 2313 1614 2342 motu
1634 2307 1780 2351 proprio
1806 2306 1911 2350 longe
1936 2305 2070 2340 tardior

276 2363 322 2396 sit
348 2374 453 2406 quam
478 2364 597 2408 Luna,
635 2365 693 2408 qui
727 2366 833 2400 etiam
864 2367 996 2402 rectius
1022 2368 1256 2411 discernitur,
1294 2377 1359 2400 nec
1386 2367 1474 2400 adeo
1501 2366 1727 2400 evidentibus
1753 2364 1997 2409 pai-allaxibus
2030 2368 2069 2397 ut

275 2419 365 2454 haec
390 2420 556 2457 intricata
582 2423 645 2466 sit,
682 2423 778 2458 illam
813 2425 922 2469 igitur
954 2425 1038 2460 hnic
1071 2425 1170 2469 operi
1195 2424 1411 2459 exantlando
1437 2423 1714 2468 praeficiendam
1747 2421 2068 2457 commodissimum

277 2478 476 2514 duximus.‘⁶
529 2481 609 2514 Jam
634 2481 742 2516 refert
769 2482 911 2527 Tycho,
939 2493 1009 2527 qua
1033 2484 1171 2517 ratione
1197 2482 1231 2516 in
1257 2483 1353 2517 hunc
1380 2493 1527 2526 scopum
1554 2492 1638 2516 usus
1666 2482 1712 2516 sit
1738 2482 1886 2515 Venere.
1938 2478 2066 2513 Obser-

274 2547 378 2572 vasse
405 2548 443 2572 se
470 2549 548 2572 cum
574 2540 739 2583 adjutore
766 2542 919 2576 interdiu
946 2541 1149 2576 distantiam
1187 2540 1211 2583 ῼ
1240 2545 1274 2574 et
1295 2544 1333 2581 Θ
1354 2551 1417 2583 per
1443 2544 1646 2574 sextantem
1675 2544 1791 2582 (quem
1816 2542 1942 2581 postea
1959 2536 2067 2581 pluri-

280 2595 343 2629 bus
371 2595 568 2640 describit),
595 2597 700 2632 simul
726 2599 919 2633 adnotasse
946 2600 1134 2642 utriusque
1161 2599 1403 2642 altitudinem,
1430 2599 1621 2640 azimutha,
1649 2597 1922 2639 declinationes,
1959 2600 2066 2629 noctu

272 2662 355 2687 vero
381 2655 613 2689 remotionem
647 2656 672 2699 ῼ
708 2666 727 2690 a
752 2656 832 2691 fixis
858 2658 1061 2702 praecipuis
1086 2668 1199 2701 prope
1224 2657 1409 2691 zodiacum
1441 2657 1697 2698 existentibus,
1731 2654 1888 2688 adhibita
1913 2653 2065 2686 declina-

275 2709 370 2744 tione
397 2717 431 2745 et
456 2712 659 2758 altitudine;
694 2715 798 2748 simul
832 2721 993 2760 tempora
1027 2716 1248 2760 singularum
1283 2715 1572 2750 observationum
1609 2713 1800 2756 diligenter
1833 2710 2063 2754 consignavit,

280 2775 340 2807 „ut
366 2769 486 2804 habita
521 2772 687 2806 motionis
719 2774 885 2817 propriae
911 2774 946 2807 in
982 2774 1006 2816 ῼ
1040 2774 1195 2815 ratione,
1231 2783 1295 2817 per
1328 2771 1404 2815 ejus
1437 2772 1555 2805 locum
1583 2781 1601 2805 e
1628 2771 1710 2805 Sole
1742 2770 1869 2804 diurno
1903 2774 2062 2812 tempore

275 2833 490 2872 correctum,
525 2829 656 2865 collata
686 2831 823 2865 interea
854 2832 971 2866 factae
1004 2833 1239 2876 promotionis
1272 2831 1526 2875 proportione,
1558 2829 1683 2864 stellae
1714 2827 1920 2872 propositae
1946 2827 2062 2861 locum

276 2884 568 2931 rectificaremus,
594 2888 701 2931 idque
727 2890 879 2933 primum
906 2890 1023 2933 quoad
1049 2890 1296 2925 ascensionem
1323 2895 1477 2932 rectam,
1505 2898 1596 2931 quae
1623 2886 1781 2921 adhibita
1807 2885 1883 2927 ejus
1911 2885 2062 2919 declina-

275 2942 371 2975 tione
396 2943 499 2977 facile
525 2944 559 2977 in
585 2944 842 2988 longitudinem
870 2952 905 2982 et
928 2948 1153 2982 latitudinem
1170 2946 1451 2983 resolvebatur-‘n
1487 2945 1700 2980 Constitutis
1727 2945 1795 2978 hac
1819 2943 1957 2977 ratione
1975 2942 2061 2976 locis

277 3001 497 3042 quarundam
524 3001 690 3047 fixarum,
724 3005 803 3040 illas
830 3017 951 3041 omnes
979 3007 1022 3041 ad
1051 3006 1227 3049 „lucidam
1252 3015 1361 3048 supra
1387 3009 1495 3048 caput
1524 3007 1586 3039 ΧΠ
1614 3003 1659 3037 ad
1685 3013 1818 3036 anunm
1844 3001 2060 3045 completum

277 3058 376 3092 1585.
403 3060 523 3093 retulit
547 3060 701 3103 indeque
724 3063 942 3106 reliquarum
967 3065 1120 3100 fixarum
1145 3065 1224 3099 loca
1249 3064 1380 3107 elicuit,
1407 3073 1496 3106 quas
1522 3062 1789 3098 observationes
1814 3059 2059 3105 parallaxibus

276 3121 313 3150 et
336 3115 609 3152 refractionibus
635 3119 679 3162 Θ
698 3125 733 3152 et
759 3120 784 3163 ῼ
819 3121 988 3156 adhibitis
1015 3123 1225 3158 emendavit.
1941 3129 1943 3136 ⁴
