2126 3388
225 132 281 178 77
284 132 310 178 6
899 126 983 163 Vita
1007 125 1030 162 J
1033 124 1159 161 oannis
1184 124 1344 170 Kepleri.

221 253 376 291 nomine
415 250 476 289 Ill.
519 248 709 297 Principis
750 246 919 296 Philippi
960 243 1152 282 Ludovici
1199 244 1320 294 patris
1358 246 1397 281 et
1441 241 1656 290 Wolfgang
1693 238 1892 279 Wilhelmi
1942 239 2013 277 filii

224 310 266 349 C.
301 311 342 348 C.
375 310 418 349 Ρ,
450 309 493 346 Ρ.
527 306 878 354 Neoburgicornm,
921 304 1112 341 Dominus
1156 303 1303 340 Doctor
1343 300 1518 339 §Ioannes
1562 297 1812 337 Tzeschlinus
1850 297 2013 347 legatus,

222 369 412 407 Dominus
443 366 589 402 Doctor
623 363 929 408 GodelmannUS,
963 361 1117 410 legatus
1148 361 1330 399 Saxonici
1362 359 1538 396 electoris
1570 368 1656 395 cum
1687 368 1818 394 uxore.

360 433 437 466 Hoc
470 441 564 464 anno
602 429 719 464 frater.
748 428 896 472 Kepleri
933 427 1312 471 Christophorus
1347 426 1439 469 (nat.
1474 435 1567 458 anno
1599 424 1726 469 1587),
1768 422 2016 467 peregrinatus

223 491 341 537 opifex
366 489 605 534 plumbarius,
640 487 869 532 Regiomonti
903 485 1001 529 gravi
1026 484 1149 519 morbo
1186 488 1373 528 correptus
1408 487 1443 517 et
1468 482 1512 517 ab
1539 481 1651 516 amico
1677 481 1842 526 Kepleri,
1879 480 2016 515 medico

223 548 389 595 primario
417 547 581 581 ducissae
598 545 803 588 Borussiae,
830 545 1005 579 Joanne
1030 545 1172 588 Papio
1198 543 1342 578 sanitati
1368 543 1559 576 restitutus
1586 545 1652 576 est.
1688 541 1867 575 Summam
1893 540 1938 575 30
1955 538 2018 572 flo-

223 617 387 642 renorum
413 606 448 639 in
473 609 719 649 aegrotantem
738 608 962 637 consumtam
981 602 1161 646 Keplerus
1180 613 1272 636 anno
1294 601 1380 636 1009
1398 599 1569 635 restituit.
1609 597 1893 643 („Ap0thecario
1912 597 2020 633 debet

226 666 267 700 10
291 663 446 698 florenos
480 668 516 698 et
548 663 569 697 2
596 662 818 705 crucigeros,
854 671 919 704 pro
953 660 1033 694 vino
1059 660 1243 695 Rhenensi
1270 661 1312 695 10
1337 658 1372 692 fl.
1412 663 1447 693 et
1480 656 1617 701 aliquid
1650 656 1820 701 amplius3
1851 665 2020 690 mensura

222 722 314 757 enim
340 720 522 765 quaelibet
545 720 604 754 hic
627 720 756 754 emitur
780 717 883 762 probi
902 719 1066 753 Rhenani
1086 721 1105 752 s>
1124 719 1282 754 bazenis.
1317 717 1410 752 Hinc
1443 715 1638 751 discedenti
1664 715 1745 750 dedi
1771 716 1790 750 9
1808 714 1846 752 fl.
1865 716 1909 750 50
1927 716 2019 759 kr.“)

225 780 312 814 Cum
337 778 461 814 eodem
487 778 599 822 Papio
634 778 707 822 egit
739 776 801 811 illo
834 780 994 821 tempore
1025 777 1201 821 Keplerus
1229 776 1272 810 de
1298 775 1460 819 privigna
1485 775 1643 819 Regina,
1678 778 1801 818 optare
1829 783 1868 807 se
1896 772 2020 815 „mari-

224 841 299 871 tum
319 835 506 880 juvenem,
545 835 762 879 elegantem,
796 834 957 876 doctum,
994 835 1086 869 bone
1117 839 1311 878 moratum,
1342 832 1540 867 medicinae
1567 833 1769 876 doctorem,
1802 830 1862 874 qui
1887 830 2022 864 utinam

225 896 350 939 Styrus
375 904 456 929 esse
480 897 635 938 posset.“
685 893 820 937 Papius
856 893 978 927 ridens
1004 893 1174 937 proponit
1198 892 1310 926 filium
1337 902 1440 926 suum
1464 890 1662 933 Andream,
1699 899 1785 934 „pro
1812 889 1891 931 ioco
1917 887 2021 931 addo,

222 959 263 988 ut
289 955 407 987 erecto
434 952 620 995 utriusque
646 951 803 985 themate
828 951 1036 995 perquiras,
1063 960 1107 984 an
1134 960 1199 994 par
1225 949 1293 983 1100
1318 949 1513 984 amicorum
1547 947 1716 992 conjungi
1739 947 1889 992 possit“.
1939 947 2021 990 (Cfr.

224 1013 368 1044 Hanseh.
396 1022 429 1052 p.
455 1009 529 1053 82.)
572 1008 669 1043 Idem
696 1013 835 1053 spectat
869 1009 1047 1053 Keplerus
1072 1009 1109 1043 in
1133 1008 1245 1043 literis
1271 1008 1304 1042 d.
1328 1006 1389 1044 Bi.
1419 1007 1510 1042 Nov,
1535 1005 1643 1050 hujus
1669 1005 1753 1040 anni
1777 1005 1823 1040 ad
1847 1005 2023 1040 medicum

224 1070 468 1112 Brenggerum
496 1067 607 1109 datis,
644 1066 821 1101 scribens:
842 1093 1016 1103 .......
1081 1062 1275 1102 Admonet
1307 1076 1366 1101 1110
1399 1063 1542 1101 mentio
1570 1061 1784 1099 medicinae
1807 1064 1878 1107 (cfr.
1901 1064 2024 1100 vol,H.

229 1141 263 1172 p.
285 1131 351 1161 8⁶39
371 1127 410 1169 s.)
437 1123 490 1160 rei
512 1122 677 1170 alicujus
701 1121 947 1171 domesticae,
983 1134 1098 1171 quam
1130 1124 1201 1158 etsi
1233 1122 1399 1160 alienam
1421 1121 1470 1159 ab
1493 1121 1664 1158 amicitia
1694 1124 1826 1158 nostra
1856 1118 2026 1157 literaria

226 1186 263 1221 in
297 1184 423 1220 sinum
456 1185 563 1218 tuum
596 1179 802 1228 effundam,
835 1193 902 1230 spe
936 1182 1094 1230 optima,
1128 1180 1291 1218 candide
1313 1181 1443 1218 abste
1465 1184 1665 1228 acceptum
1685 1180 1743 1218 iri.
1791 1177 1876 1226 Quo
1899 1179 2026 1215 minus

226 1244 324 1279 inter
354 1251 424 1277 nos
456 1244 514 1277 est
545 1239 706 1276 notitiae
738 1239 985 1286 domesticae,
1017 1239 1090 1276 hoc
1121 1240 1241 1276 tutius
1273 1244 1400 1276 tecum
1432 1249 1546 1286 agere
1568 1242 1662 1286 puto
1695 1248 1809 1286 quam
1842 1247 2022 1273 011111110-

228 1301 341 1347 tiori3
374 1298 466 1336 facit
499 1298 599 1334 enim
631 1296 680 1334 ad
711 1297 921 1345 silentium,
955 1297 1058 1346 quod
1091 1296 1183 1334 mihi
1216 1296 1262 1334 de
1284 1302 1320 1334 te
1344 1296 1507 1334 candido
1532 1297 1614 1332 viro
1639 1295 1800 1333 candide
1821 1294 2020 1343 polliceor.

229 1357 370 1396 Videre
403 1361 440 1393 te
474 1357 632 1404 opinor,
674 1355 800 1403 qualis
832 1358 904 1392 sim
935 1356 973 1392 in
1007 1356 1253 1402 oeconomia,
1297 1356 1362 1403 qui
1396 1360 1501 1392 totus
1540 1365 1624 1391 sum
1666 1355 1705 1390 in
1735 1353 1869 1390 literis.
1932 1351 2022 1390 Jam

229 1417 379 1465 Pragae
412 1413 511 1462 dego
544 1412 740 1450 solitarius
773 1413 1071 1462 quodammodo,
1105 1413 1312 1450 destitutus
1344 1412 1608 1462 adjutoribus.-
1640 1414 1785 1449 utinam
1807 1410 1914 1457 mihi,
1946 1421 2023 1447 non

231 1474 315 1512 dico
349 1478 592 1510 astronomus
624 1470 673 1508 ad
704 1471 859 1509 labores
892 1472 1042 1519 calculi,
1076 1472 1142 1509 sod
1175 1472 1300 1509 solum
1331 1471 1503 1509 medicus
1537 1470 1677 1519 aliquis
1708 1470 1787 1507 alto
1809 1470 1963 1518 ingenio
1988 1473 2025 1507 et

230 1534 268 1569 in
300 1530 548 1581 philosophia
579 1535 768 1577 versatus,
802 1532 857 1567 tui
890 1532 1032 1580 quippe
1064 1529 1220 1576 similis,
1255 1531 1354 1567 intra
1384 1529 1483 1566 lares
1515 1535 1668 1578 praesto
1701 1532 1825 1575 esset,
1859 1538 2026 1576 quocum

229 1591 418 1640 paulatim
452 1588 498 1626 de
528 1587 688 1625 medicis
721 1590 891 1627 materiis
925 1588 1135 1626 discurrere
1167 1599 1333 1637 possem.
1394 1588 1492 1625 Nam
1524 1588 1561 1623 in
1596 1587 1831 1623 astronomia
1862 1587 2025 1623 intutum

232 1653 290 1687 est
322 1658 610 1692 consenescere,
644 1657 715 1684 1100
747 1648 846 1684 0111111
881 1647 927 1684 (10
958 1653 1145 1696 perpetuo
1178 1646 1407 1684 Maecenate
1440 1650 1564 1683 certus
1596 1657 1694 1682 sum.
1747 1643 1895 1692 Quodsi
1926 1645 2028 1681 nosti

227 1707 413 1756 juvenem
445 1705 614 1753 aliquem
647 1710 816 1743 staturae
849 1717 925 1743 non
959 1710 1197 1751 contemtae,
1231 1705 1342 1742 facici
1374 1703 1561 1750 liberalis,
1597 1714 1745 1740 morum
1774 1701 2026 1752 placidorum,

233 1765 278 1803 de
311 1775 386 1813 (1110
419 1775 509 1812 spes
541 1764 601 1809 sit,
638 1763 762 1812 ipsum
794 1764 963 1812 gratiose
996 1763 1225 1801 medicinam
1257 1763 1381 1800 facere
1412 1773 1528 1812 posse
1560 1760 1718 1813 (habent
1740 1766 1867 1798 autem
1889 1760 2029 1809 hujus-

232 1823 337 1860 modi
369 1822 689 1872 physiognomias
725 1822 940 1871 singulares
973 1834 1048 1859 11011
1081 1821 1392 1868 melancholicas,
1426 1820 1493 1858 sed
1525 1820 1648 1857 laetas
1682 1824 1719 1857 et
1741 1818 2027 1868 quodammodo

233 1882 437 1928 militares)
472 1881 614 1928 quique
647 1879 809 1928 gradum
841 1880 1007 1918 doctoris
1039 1882 1122 1919 sive
1154 1879 1318 1929 adeptus
1350 1881 1410 1925 sit,
1444 1880 1527 1916 sive
1559 1878 1722 1927 adipisci
1744 1889 1812 1926 per
1834 1877 2029 1916 doctrinae

233 1940 448 1989 profectum
480 1939 623 1987 possit:
660 1938 839 1986 equidem
870 1938 924 1975 illi
947 1939 1110 1977 fortasse
1131 1950 1207 1976 11011
1231 1937 1511 1976 contemnenda
1532 1936 1683 1986 Pragae
1706 1937 1859 1974 occasio
1881 1940 2031 1985 pateret

235 1997 285 2036 ad
315 1998 450 2047 praxin
484 1996 546 2033 vel
577 2007 644 2045 per
675 2008 800 2034 meam
834 1997 1206 2035 commendationem
1250 1996 1553 2045 quadamtenus,
1598 2000 1635 2033 et
1666 1993 1770 2043 quod
1812 1999 1928 2043 caput
1960 1999 2029 2042 est,

234 2057 272 2093 in
294 2067 392 2108 ⁴mea
422 2053 708 2103 quodammodo
741 2060 934 2104 potestate
968 2061 1025 2093 est
1056 2056 1186 2104 puella
1218 2067 1404 2092 annorum
1440 2058 1503 2100 17,
1537 2064 1623 2091 011111
1655 2053 1744 2090 (1010
1776 2064 1852 2090 11011
1883 2064 2032 2101 pauco-

235 2126 319 2152 rum
341 2112 516 2160 millium,
549 2113 644 2150 orba
666 2119 834 2161 parente,
868 2125 938 2151 nec
959 2114 1172 2163 inelegans,
1207 2115 1267 2151 cui
1291 2124 1377 2151 cum
1398 2113 1507 2150 multi
1530 2111 1690 2158 inhient,
1724 2111 1881 2159 qnidam
1904 2115 2031 2148 tamen

236 2174 311 2222 ipsi
343 2171 539 2221 religionis
582 2182 700 2208 causa
732 2183 809 2208 11011
840 2178 929 2209 311111
972 2174 1142 2221 accepti,
1180 2161 1270 2210 ¹cum
1304 2183 1322 2209 e
1355 2171 1540 2220 Styriacis
1581 2170 1753 2218 profugis
1786 2174 1825 2207 01
1854 2171 1939 2218 ipsa
1970 2170 2031 2217 sit,

239 2241 370 2268 omnes
402 2241 493 2267 vero
525 2230 646 2266 vitam
679 2234 893 2278 sequuntur
923 2230 1121 2279 politicam
1153 2236 1192 2268 et
1223 2229 1387 2267 curiales
1410 2229 1569 2267 naenias
1592 2227 1819 2276 aulicasque
1840 2227 2032 2265 conditio—

237 2300 316 2336 nes,
350 2289 493 2325 intutas
526 2299 658 2324 omnes
689 2288 859 2336 mihique
891 2300 966 2326 non
998 2294 1190 2337 acceptas.
1252 2287 1361 2326 Haec
1392 2288 1507 2335 igitur
1539 2285 1588 2323 ad
1619 2290 1656 2324 te
1688 2285 1837 2324 consilii
1869 2287 2032 2335 opisque

238 2358 356 2385 causa
387 2346 604 2395 perscripsi,
638 2345 711 2383 hoc
742 2351 870 2383 tamen
901 2346 1048 2393 addito,
1082 2349 1126 2393 si,
1159 2347 1223 2395 qui
1256 2359 1277 2383 a
1300 2351 1335 2383 te
1358 2350 1541 2383 venturus
1575 2349 1643 2391 est,
1678 2349 1808 2382 careat
1838 2345 2032 2392 requisitis

239 2407 336 2452 istis,
370 2408 438 2442 aut
468 2415 542 2440 non
574 2404 673 2441 bene
706 2403 948 2442 dissimulare
980 2407 1104 2453 possit
1135 2405 1375 2450 tenuitatem,
1409 2415 1508 2452 quae
1541 2403 1640 2441 solet
1672 2414 1756 2440 esse
1778 2401 2034 2451 philosopho-

238 2476 321 2501 rum
351 2463 636 2512 patrimonium,
668 2473 745 2499 11011
769 2462 916 2500 30111001
938 2462 1094 2510 habeat,
1128 2462 1228 2500 unde
1249 2461 1299 2500 ad
1321 2467 1472 2511 tempus
1503 2463 1625 2509 vivat,
1657 2461 1796 2499 frustra
1817 2465 2032 2507 venturum,

239 2523 271 2560 si
305 2522 401 2559 bene
434 2520 538 2557 illam
570 2520 676 2558 novi.

378 2589 444 2623 His
471 2588 789 2623 intercessionibus
816 2586 994 2631 Keplerus
1030 2586 1118 2621 1111111
1152 2586 1324 2631 profecit,
1363 2585 1407 2620 ad
1434 2596 1581 2630 scopum
1607 2589 1729 2620 tamen
1754 2584 1916 2629 pervenit
1941 2595 2034 2619 anno

241 2651 424 2692 sequente,
450 2647 530 2691 ipsa
553 2647 647 2682 forte
674 2647 810 2691 Regina
836 2656 1007 2690 sponsum
1034 2645 1101 2680 sibi
1128 2645 1291 2690 eligente.
1327 2644 1493 2678 Fabricio
1521 2644 1553 2678 d.
1582 2645 1635 2679 10.
1661 2643 1753 2678 Nov.
1776 2644 1869 2679 1608
1895 2643 2034 2679 scribit:

243 2704 392 2742 Literas
431 2709 520 2741 ante
558 2702 705 2751 pascha
748 2703 880 2750 accepi
922 2702 1020 2739 inter
1051 2701 1198 2739 medias
1231 2701 1506 2750 occupationes
1545 2698 1750 2748 nuptiales.
1811 2699 2036 2748 Privignam

244 2762 392 2800 elocavi
424 2761 606 2810 Philippo
639 2761 782 2807 Ehem,
824 2759 1043 2798 cancellarii
1076 2759 1271 2808 quondam
1303 2758 1471 2796 Palatini
1503 2770 1539 2807 p.
1573 2770 1623 2795 m.
1656 2756 1757 2805 filio,
1797 2769 1911 2806 quem
1943 2762 2035 2807 opto

244 2821 463 2869 promoveri
495 2819 545 2858 ad
578 2820 727 2857 comitis
759 2819 816 2856 tui
848 2818 1008 2856 illustris
1039 2820 1198 2866 negotia
1227 2828 1476 2865 annuumque
1509 2816 1704 2854 salarium.

377 2885 470 2920 inde
503 2886 546 2920 ab
573 2895 614 2919 eo
641 2889 802 2929 tempore
833 2895 947 2929 usque
980 2885 1025 2920 ad
1051 2895 1183 2919 annum
1207 2885 1299 2920 1618
1331 2893 1513 2928 nunquam
1546 2882 1700 2917 occurrit
1730 2882 1766 2916 in
1792 2881 1938 2926 Kepleri
1964 2881 2037 2926 epi-

247 2943 346 2978 stolis
371 2952 499 2977 nomen
516 2943 688 2987 Reginae,
715 2953 785 2987 (1110
812 2953 905 2977 anno
923 2942 1055 2977 fautori
1072 2942 1277 2977 Wackhero
1301 2941 1398 2976 illam
1415 2945 1593 2976 mortuam
1617 2950 1696 2976 esse
1720 2939 1841 2976 refert.
1856 2940 1888 2983 *)
1919 2941 2037 2985 Ipsius

248 3005 364 3036 autem
391 3001 549 3045 Reginae
576 3001 766 3045 epistolam
790 3001 882 3036 infra
908 3001 970 3046 (ad
995 3012 1026 3035 a.
1057 3002 1160 3044 1613)
1188 3000 1446 3036 exhibebimus.

387 3094 419 3139 *)
445 3097 617 3138 Apocham
648 3097 733 3130 hanc
768 3098 809 3128 ad
841 3098 1028 3139 privignam
1065 3097 1284 3138 pertinentem
1321 3096 1356 3127 in
1386 3095 1486 3129 codd,
1518 3094 1616 3128 Pulk.
1654 3094 1947 3137 deprehendimus:
1982 3094 2038 3126 Ich
