2126 3388
987 170 1090 208 1618.
1828 170 1912 215 861

120 293 158 328 et
188 289 339 339 aperiat
369 288 466 338 ipsis
498 287 653 337 oculos,
686 293 729 327 ut
759 299 836 327 non
867 290 995 327 minus
1023 288 1173 338 judicio
1205 290 1354 339 prosint
1385 289 1594 338 ecclesiae,
1627 299 1742 338 quam
1774 287 1917 327 volun-

118 352 197 385 tate
231 348 378 397 optima
408 348 593 384 nituntur.
654 347 703 385 Et
746 349 838 397 quia
868 347 914 385 R.
948 347 1064 397 Dign.
1098 348 1183 386 Tua
1228 346 1397 385 dolorem
1435 348 1575 386 fatetur
1618 347 1778 396 ejusque
1810 349 1914 385 miti-

118 408 317 452 gationem
348 417 371 442 a
403 416 463 443 me
496 407 604 455 petit,
637 404 810 444 dextram
843 405 1141 456 explicationem
1175 406 1276 454 dieti,
1311 405 1508 455 „Verbum
1541 418 1629 444 caro
1650 407 1792 443 factum
1816 406 1914 452 est“‚

117 464 301 510 tentabo,
345 462 477 501 faveat
513 465 660 512 ipsum,
705 464 752 503 de
785 475 862 514 quo
895 466 1065 513 agimus,
1099 465 1269 503 Verbum
1303 476 1390 502 caro
1422 465 1579 502 sactum.
1650 463 1844 511 Verbum,
1877 464 1915 500 id

119 527 176 560 cst
207 523 308 559 iutra
337 523 488 569 omnia,
532 533 609 559 non
651 527 778 560 tamen
812 522 1002 561 inclusum
1034 525 1072 559 in
1105 523 1203 571 illis,
1247 529 1353 561 extra
1385 525 1534 570 omnia,
1578 534 1653 560 non
1687 528 1813 560 tamen
1847 534 1916 559 ex-

119 580 268 618 clusum
300 580 349 618 ab
380 580 479 628 illis;
517 578 635 625 Caro,
668 580 706 617 id
738 586 797 618 est
827 581 974 630 aliquid
1006 582 1133 618 minus
1163 587 1319 630 puncto.
1371 581 1472 618 Illud
1505 580 1694 619 infinitum
1728 587 1785 619 est
1815 581 1916 618 ultra

119 638 323 685 circulum,
371 638 445 676 hoc
477 637 648 676 infinitae
681 641 901 687 parvitatis,
943 646 1120 678 neutrum
1160 641 1274 688 igitur
1314 641 1453 678 circino
1495 651 1581 677 meo
1623 648 1768 688 aptum.
1829 638 1915 677 Hoc

122 698 281 735 verbum
314 701 450 746 toturn,
484 707 560 733 non
592 708 680 745 pars
714 709 801 742 una,
834 699 925 746 quia
956 710 1031 735 non
1066 702 1122 735 est
1142 697 1332 746 partibile,
1366 704 1487 735 totum
1511 705 1696 746 quantum
1730 704 1914 746 quantum

120 760 178 794 est
209 756 248 791 in
279 767 350 792 sua
382 755 761 803 ubiquepraesentia,
795 767 870 792 non
895 756 1075 794 deserens
1098 768 1154 803 ca,
1188 756 1327 803 quibus
1351 762 1432 794 erat
1453 767 1647 805 praesens,
1679 768 1764 794 sese
1787 762 1915 794 tamen

119 819 243 851 totum
277 812 432 850 demisit
466 814 504 848 in
529 818 679 850 uterum
703 812 873 862 Virginis
906 815 965 863 (ut
996 826 1056 852 me
1088 825 1162 851 non
1185 813 1387 862 Keplerus,
1420 814 1487 851 sed
1510 814 1776 852 Damascenus
1808 815 1915 863 loqui

120 869 248 922 docet)
279 883 349 909 nec
380 875 509 908 tamen
545 870 654 908 illum
686 877 834 909 uterum
868 872 1012 921 ubique
1044 879 1286 921 praesentem
1318 868 1480 925 secit*):
1514 872 1654 910 accidit
1685 884 1822 922 nempe
1854 873 1915 911 hic

120 929 267 979 aliquid
307 930 408 967 ultra
448 941 577 966 meum
618 936 773 979 captum
805 932 1102 979 geometrIcum,
1146 930 1250 979 quod
1292 929 1380 968 fidei
1421 931 1541 968 oculis
1579 931 1805 968 intuendum
1845 936 1913 978 est,

119 990 212 1038 quia
242 987 373 1026 finitus
404 993 534 1025 uterus
575 987 699 1025 factus
733 994 791 1026 est
822 988 871 1025 ad
903 989 977 1026 hoc
1009 1000 1105 1037 opus
1145 989 1284 1025 infiniti
1324 989 1432 1026 verbi
1465 1000 1601 1038 capax.
1661 989 1768 1027 Idem
1800 990 1914 1039 plane

119 1047 302 1094 verbum,
346 1058 416 1084 nec
455 1047 578 1095 magis
612 1051 733 1083 totum
766 1050 803 1084 et
846 1048 1133 1096 omnipraesens
1171 1058 1241 1084 nec
1281 1048 1427 1092 minim,
1471 1049 1653 1085 assumsit
1692 1060 1844 1086 carnem
1876 1050 1913 1084 in

120 1107 307 1143 unitatem
338 1116 526 1154 personae
540 1104 631 1153 ⁹⁶⁷4),
668 1106 816 1142 unitum
840 1107 944 1143 carni
974 1106 1130 1143 infinitis
1163 1105 1286 1142 modis
1317 1107 1474 1154 propius
1508 1117 1620 1154 quam
1654 1112 1781 1154 utero,
1815 1118 1917 1155 quae

121 1165 275 1201 unionis
312 1165 410 1200 ratio
443 1164 480 1199 in
514 1173 591 1211 quo
625 1164 822 1210 consistat,
857 1175 903 1201 ne
935 1163 1065 1212 angeli
1097 1163 1251 1213 quidem
1275 1165 1428 1213 penitus
1452 1165 1743 1213 explicaverint,
1775 1165 1916 1202 nedum

119 1227 163 1260 ut
193 1234 262 1271 per
291 1221 520 1259 infinitatem
551 1223 794 1270 praesentiae
827 1223 862 1258 in
897 1228 935 1259 et
966 1229 1073 1260 extra
1105 1229 1299 1260 creaturas
1333 1222 1547 1270 definiatur,
1582 1230 1618 1260 et
1640 1235 1787 1260 rursum
1811 1223 1918 1260 finita

121 1282 247 1318 carnis
281 1281 585 1328 circumscriptio
616 1280 720 1317 facta
754 1285 810 1317 est
842 1280 980 1317 infiniti
1014 1280 1132 1318 Verbi
1165 1282 1512 1330 omnipraesentiae
1547 1293 1680 1330 capax,
1733 1281 1773 1319 Si
1796 1283 1918 1319 ratio-

120 1351 207 1377 nem
239 1340 514 1388 geometricam
547 1339 711 1385 intueor,
745 1338 880 1375 videor
910 1339 1004 1376 mihi
1036 1339 1333 1377 contradictoria
1357 1339 1491 1385 dicere,
1525 1351 1599 1377 non
1634 1339 1807 1377 deserere
1830 1340 1918 1377 ubi-

120 1399 458 1446 quepraesentiam
491 1401 528 1434 et
560 1402 688 1434 tamen
720 1401 843 1434 totum
878 1398 913 1433 in
946 1403 1097 1435 uterum
1132 1397 1381 1445 descendere,
1424 1404 1546 1435 totum
1578 1400 1676 1435 uniri
1710 1399 1813 1435 carni
1845 1399 1919 1435 cir-

121 1457 389 1505 cumscriptae,
423 1460 547 1492 totum
579 1455 752 1493 Verbum
784 1455 959 1493 habitare
993 1457 1029 1492 in
1061 1456 1184 1503 nobis,
1219 1462 1340 1493 totum
1373 1456 1554 1504 verbum,
1598 1458 1713 1494 etiam
1746 1456 1848 1505 quod
1880 1458 1919 1492 in

122 1513 229 1552 coelo
263 1520 343 1562 est,
384 1513 551 1563 pendere
583 1515 622 1550 in
654 1525 731 1551 una
762 1513 877 1551 locali
918 1525 1029 1552 cruce
1060 1526 1128 1563 pro
1161 1514 1286 1552 salute
1318 1514 1537 1562 hominum,
1570 1526 1640 1552 nec
1672 1521 1797 1553 tamen
1832 1526 1919 1552 cru-

122 1584 223 1619 cem,
266 1574 305 1609 in
345 1584 422 1621 qua
459 1572 598 1610 suffixa
631 1573 801 1609 omnium
838 1576 1019 1621 peccata,
1061 1573 1153 1610 alibi
1192 1575 1265 1610 nisi
1305 1574 1341 1610 in
1374 1572 1530 1611 Judaea
1573 1573 1749 1610 defixam.
1811 1573 1919 1611 Haec

122 1635 250 1669 tamen
283 1633 414 1668 omnia
444 1629 572 1677 credo,
605 1632 697 1679 quia
728 1631 956 1680 praescribit
988 1631 1132 1668 clarum
1164 1631 1239 1669 Dei
1270 1632 1429 1670 verbum
1463 1633 1813 1680 interpretaturque
1846 1632 1919 1668 Dei

122 1689 304 1736 ecclesia,
350 1694 479 1738 patres
512 1700 557 1726 ex
591 1688 724 1727 ordine
758 1700 910 1735 omnes,
955 1700 1032 1726 non
1065 1690 1223 1728 excluso
1254 1701 1379 1739 neque
1411 1689 1581 1727 Luthero
1613 1702 1737 1739 neque
1769 1689 1920 1727 Hafen-

120 1748 270 1795 reffero,
303 1752 341 1785 et
373 1749 404 1785 si
437 1747 530 1796 quid
563 1748 679 1785 etiam
712 1747 839 1785 adhuc
871 1747 961 1784 addi
993 1753 1131 1797 potest,
1166 1751 1258 1798 quia
1290 1748 1460 1786 thesauri
1494 1749 1599 1786 verbi
1632 1748 1706 1786 Dei
1738 1754 1826 1785 sunt
1858 1750 1919 1785 in·

122 1806 322 1854 exhausti3
356 1805 624 1844 tantummodo
657 1817 703 1843 ne
727 1808 812 1855 quis
836 1806 985 1844 meliori
1007 1806 1126 1844 allata
1157 1809 1471 1856 interpretatione
1495 1807 1648 1844 damnet
1670 1806 1787 1853 illam,
1822 1818 1919 1855 quac

122 1865 281 1914 longius
311 1864 422 1902 abest
453 1876 475 1901 a
508 1864 653 1901 divitiis
687 1866 766 1901 veri
799 1876 957 1910 sensus,
999 1876 1125 1914 neque
1167 1877 1214 1903 ex
1245 1878 1316 1902 sua
1349 1867 1662 1914 interpretatione
1704 1864 1921 1902 locutiones

124 1928 280 1961 ceteras
310 1934 437 1960 rerum
468 1922 639 1960 affinium
661 1922 955 1960 Nestorianismi
978 1929 1173 1972 coarguat,
1207 1935 1304 1973 quas
1337 1924 1512 1961 adhibuit
1543 1929 1739 1971 vetustas3
1771 1929 1813 1960 ut
1835 1934 1920 1961 cum

123 1981 335 2031 Gregorius
367 1981 635 2019 Nazianzenus
670 1982 741 2027 ait,
788 1980 981 2018 Christum
1013 1983 1050 2018 in
1084 1982 1262 2020 cordibus
1295 1983 1434 2020 nostris
1465 1981 1639 2019 habitare
1672 1993 1747 2019 non
1780 1993 1920 2019 secun-

123 2040 213 2078 dum
252 2039 446 2077 visibilem
488 2045 686 2084 naturam,
729 2039 796 2077 sed
836 2040 1047 2077 secundum
1087 2040 1336 2078 invisibilem.
1410 2040 1544 2078 Liceat
1585 2052 1670 2078 cum
1714 2039 1919 2089 Fulgentio

128 2098 266 2145 dicere,
298 2109 375 2135 non
408 2098 576 2136 deseruit
608 2097 769 2141 coelum,
803 2109 888 2135 cum
921 2100 957 2134 in
992 2098 1110 2136 Terra
1142 2110 1293 2137 carnem
1326 2100 1487 2148 accepit,
1521 2103 1557 2136 et
1590 2110 1701 2136 carne
1734 2109 1921 2136 conscen—

128 2157 222 2195 dens
261 2158 298 2193 in
337 2156 510 2203 coelum,
553 2167 645 2193 suos
682 2156 720 2192 in
759 2161 859 2194 terra
900 2156 1102 2195 divinitate
1145 2169 1220 2195 non
1263 2157 1413 2196 deserit.
1477 2156 1563 2194 Hoc
1603 2159 1702 2195 enini
1743 2158 1920 2206 promisit

127 2215 278 2262 dicens,
315 2226 430 2264 „ecce
462 2226 534 2263 ego
568 2226 632 2253 ero
664 2215 908 2252 vobiscum“.
971 2215 1120 2253 Similia
1153 2214 1359 2265 Origenes,
1405 2215 1594 2264 Vigilius‚
1639 2215 1917 2259 Damascenus,

129 2273 308 2323 CyrilluS.
369 2273 567 2310 Putabant
599 2272 796 2322 discipuli,
839 2273 1046 2311 multorum
1088 2275 1161 2312 sibi
1201 2273 1530 2312 incommodorum
1567 2285 1721 2312 causam
1754 2273 1920 2311 futuram

128 2332 343 2369 absentiam
376 2331 538 2378 Christi,
581 2336 623 2368 ut
653 2331 819 2368 hominis
852 2332 959 2379 dico,
1002 2332 1110 2370 Deus
1144 2334 1243 2371 enim
1275 2333 1419 2382 ubique
1452 2331 1580 2378 adest,
1618 2331 1686 2369 sed
1719 2333 1920 2380 oportebat

127 2401 205 2427 non
237 2390 364 2427 solum
395 2391 434 2426 in
466 2400 618 2427 carnem
651 2389 804 2435 Christi,
837 2390 906 2428 sed
939 2391 1053 2428 etiam
1084 2391 1124 2427 in
1158 2391 1340 2428 deitatem
1373 2391 1455 2440 eius
1487 2391 1695 2439 respicere:
1736 2390 1920 2427 ineffabili

129 2448 284 2486 deitatis
324 2452 518 2497 potestate
558 2459 708 2496 semper
745 2460 823 2486 una
864 2460 949 2487 cum
989 2450 1043 2486 eis
1083 2450 1232 2486 futurus
1275 2455 1374 2496 erat,
1418 2450 1569 2486 etiamsi
1611 2460 1722 2486 carne
1755 2450 1919 2494 abesset,

127 2506 244 2544 liceat
274 2518 360 2543 cum
390 2505 536 2554 Vigilio
567 2507 839 2555 argumentari.
900 2506 940 2545 Si
982 2507 1090 2544 verbi
1123 2513 1159 2545 et
1191 2509 1314 2545 carnis
1348 2519 1424 2544 una
1463 2513 1602 2545 natura
1643 2512 1722 2551 est,
1764 2511 1807 2543 ut
1838 2505 1921 2542 vult

127 2564 338 2614 Eutyches,
371 2564 578 2613 quomodo,
613 2576 698 2602 cum
730 2564 890 2602 verbum
923 2566 1067 2614 ubique
1098 2567 1167 2612 sit,
1200 2577 1275 2603 non
1308 2566 1452 2614 ubique
1484 2566 1703 2603 inveniatur
1734 2569 1771 2602 et
1802 2563 1919 2601 caro‘?

127 2622 305 2671 Namque
338 2621 492 2671 quando
533 2623 570 2659 in
603 2627 703 2660 terra
735 2623 822 2669 suit,
865 2634 941 2660 non
986 2628 1068 2661 erat
1107 2624 1251 2672 ubique
1283 2626 1320 2660 in
1353 2623 1460 2661 coelo
1494 2628 1565 2661 etc.
1628 2621 1729 2669 Quia
1760 2622 1920 2660 verbum

128 2681 273 2729 ubique
306 2685 375 2727 est,
409 2691 496 2718 caro
528 2686 658 2718 autem
691 2681 775 2729 ejus
807 2681 949 2730 ubique
982 2692 1056 2718 non
1090 2686 1158 2728 est,
1192 2687 1363 2730 apparet,
1397 2693 1514 2718 unum
1546 2680 1786 2728 eundemque
1808 2679 1919 2717 Chri-

129 2744 231 2776 stum
263 2739 464 2786 utriusque
496 2749 580 2776 esse
613 2744 786 2776 naturae.
847 2739 959 2776 Talia
991 2750 1074 2776 curn
1108 2741 1278 2777 scribant
1309 2745 1454 2789 patres,
1496 2750 1571 2776 non
1605 2744 1733 2776 tamen
1765 2743 1919 2786 negant,

129 2797 270 2834 Filium
313 2796 480 2834 hominis
513 2801 550 2834 et
581 2795 628 2834 de
661 2795 769 2834 coelo
801 2796 1045 2835 descendisse
1085 2802 1122 2835 et
1154 2798 1190 2833 in
1224 2797 1332 2835 coelo
1372 2809 1468 2835 esse.
1529 2797 1664 2845 Neque
1695 2801 1822 2833 tamen
1857 2796 1918 2833 vel

132 2854 308 2893 Christus
340 2854 402 2893 vel
422 2853 601 2903 Apostoli
634 2854 696 2892 vel
728 2859 880 2903 patrum
912 2854 1014 2892 ullus
1036 2860 1234 2903 geometra
1264 2855 1347 2901 fuit,
1380 2866 1505 2903 neque
1537 2855 1647 2891 nobis
1671 2859 1754 2891 ortu
1784 2859 1919 2903 poste-

129 2914 222 2952 rior:
255 2919 292 2952 et
324 2925 413 2952 ecce
434 2912 626 2962 Keplcrus
657 2918 856 2962 geometra
888 2911 1029 2951 clausis
1060 2914 1294 2962 geometriae
1326 2912 1448 2950 oculis
1477 2911 1553 2950 fide
1584 2911 1768 2950 adhaeret
1797 2913 1920 2962 scrip-

268 3085 297 3125 *)
324 3086 541 3117 Hafenrefferi
566 3086 767 3125 marginale:
797 3085 1028 3116 Mathematice
1054 3086 1231 3118 stultescis.

253 3131 300 3175 ”J
328 3132 590 3166 Hafenrefferus:
617 3132 905 3174 Omnipraesentia
930 3143 969 3164 ex
994 3133 1122 3165 Unione
1147 3130 1315 3172 personali
1339 3132 1489 3165 resultat.
