2177 3408
858 153 954 189 Gens
979 153 1159 199 Kepleria.
1821 150 1902 194 671

109 279 147 312 et
178 283 361 312 carnosus
394 277 472 320 est,
515 273 638 312 barba
669 274 911 312 auctoritatis
943 273 1107 311 multum
1139 273 1260 311 affert.
1323 271 1412 321 Ipse
1445 272 1632 321 eloquens
1662 282 1731 321 pro
1763 269 1907 309 idiotae

109 332 340 380 conditione,
376 332 414 370 h.
447 343 479 369 e.
512 332 725 370 foecundus
758 337 795 369 et
827 333 1072 381 optimorum,
1104 331 1476 381 sapientissimorum
1498 336 1789 380 praeceptorum
1820 329 1908 367 feli-

108 393 186 429 cior
218 390 383 428 dictator
414 389 639 439 feliciorque
673 395 840 437 exactor,
874 402 991 439 quam
1013 402 1225 440 expressor.
1277 389 1340 426 Ab
1367 401 1469 427 anno
1494 394 1561 428 87.
1583 389 1758 427 imminui
1781 389 1908 437 coepit

108 461 195 488 cum
226 449 447 486 substantia
478 450 725 486 existimatio.

247 507 373 544 Avia
403 512 496 544 nata
528 512 586 545 est
618 507 679 545 die
711 506 971 553 Elisabethae,
1009 510 1133 545 1522.
1170 509 1232 544 19.
1265 505 1365 543 Now
1417 506 1485 544 Est
1517 506 1811 556 inquietissima,
1846 505 1906 541 in-

108 567 282 614 geniosa,
314 564 493 612 mendax,
527 572 568 603 at
599 577 792 604 sacrarum
824 577 947 603 rerum
980 565 1167 612 studIOSa,
1201 564 1369 613 gracilis,
1402 566 1537 614 igneae
1569 571 1741 610 naturae,
1775 565 1906 610 vivax,

108 624 305 661 turbarum
338 628 524 674 perpetua
554 625 796 669 summatrix,
830 624 1043 670 invidiosa,
1081 623 1248 672 flagrans
1281 622 1394 665 odio,
1437 624 1630 670 violenta,
1669 634 1815 660 memor
1846 623 1907 658 in-

105 682 309 730 juriarum.
371 674 454 719 Erit
485 684 600 731 igitur
630 679 659 732 1²>
696 688 762 719 aut
796 684 830 717 iu
865 682 1098 719 ascendente
1131 687 1197 718 aut
1230 684 1266 718 in
1290 681 1344 721 Μ.
1366 681 1407 719 C.
1461 682 1548 720 Hoc
1569 684 1709 732 potius,
1742 692 1832 719 nam
1854 686 1911 717 est

115 740 272 779 munda.
339 740 430 778 Esto
463 738 491 787 li
525 742 562 776 in
594 741 685 788 Vll,
719 742 823 777 iisset
859 742 895 776 iu
929 752 1006 777 asc.
1031 737 1085 791 O
1106 741 1255 787 mariti3
1300 737 1328 789 Β
1363 739 1521 777 directio
1553 753 1621 790 pro
1654 741 1772 787 febri,
1814 750 1912 787 quae

109 800 299 847 integrum
322 810 463 836 annum
487 798 652 836 duravit.
709 799 754 835 Et
787 810 917 836 omnes
949 798 1061 835 liberi
1093 798 1237 835 habent
1259 798 1405 846 aliquid
1430 828 1437 836 .
1464 827 1471 835 .
1496 827 1503 834 .
1528 798 1591 849 (5²),
1645 798 1745 847 Quia
1767 797 1911 835 libero-

113 869 196 894 rum
229 858 421 907 plerisquc
454 852 777 905 configuratur-7),
814 862 869 901 (ζ,
903 857 1075 893 fortassis
1108 857 1224 904 igitur
1256 857 1293 892 in
1326 856 1429 893 illius
1452 859 1584 904 genesi
1616 858 1687 894 fuit
1718 858 1792 893 ista
1818 867 1911 893 con-

112 915 303 964 figuratio,
336 921 377 952 ut
409 917 458 952 sit
490 921 582 952 nata
618 915 739 953 1518.
778 919 837 954 19.
870 914 1095 952 Novembri.
1149 914 1239 964 Ipsa
1260 914 1415 963 quidem
1449 915 1540 952 dicit
1571 927 1611 953 se
1633 920 1765 953 natam
1789 917 1911 959 1522,

112 975 204 1022 quia
236 974 342 1021 dixit,
375 985 416 1011 se
449 975 626 1024 nupsisse
658 979 787 1011 natam
810 984 931 1010 anuos
958 973 1058 1026 1833
1090 977 1130 1010 at
1152 973 1243 1021 quid
1266 974 1298 1010 si
1321 972 1624 1012 dissimulaverit
1645 984 1768 1011 annos
1792 983 1911 1023 spon-

114 1034 234 1070 sionis
267 1031 424 1082 plures?

252 1091 349 1127 Avi
389 1091 483 1128 mei
525 1091 813 1140 progenies.
858 1093 979 1128 1540.
1024 1094 1059 1128 9.
1095 1089 1187 1139 Apr.
1230 1088 1448 1139 sponsalia,
1494 1093 1560 1127 20.
1601 1088 1698 1126 Julii
1738 1090 1907 1139 nuptiae.

116 1149 269 1186 Liberi:
308 1150 348 1196 1)
381 1148 573 1187 Sebaldus
605 1159 705 1185 anno
743 1152 865 1203 1542.
900 1145 1002 1200 '²⁴l25.
1028 1147 1156 1196 Junii3
1190 1153 1301 1186 mort.
1330 1151 1543 1187 1544..10.
1566 1147 1670 1185 Nov.
1723 1144 1767 1201 2)
1787 1147 1915 1185 Joan—

114 1219 195 1253 nes,
241 1211 362 1245 1544.
412 1211 475 1245 10.
519 1207 655 1254 Mart.,
699 1212 810 1246 mort.
852 1209 919 1244 31.
963 1206 1059 1255 Maji
1105 1205 1275 1255 ejusdem
1314 1207 1417 1244 anni.
1481 1205 1519 1254 3)
1551 1205 1754 1252 Sebaldus,
1793 1210 1913 1244 1546.

117 1270 154 1303 2.
187 1266 331 1304 Martii.
394 1266 442 1302 Et
475 1265 538 1303 hic
568 1270 742 1302 mortuus
775 1270 843 1311 est,
877 1264 945 1303 sed
978 1270 1106 1302 tamen
1139 1276 1214 1301 non
1248 1264 1402 1302 videtur
1432 1270 1533 1302 recte
1560 1270 1786 1302 annotatum
1818 1271 1917 1302 tem-

114 1336 198 1374 pus,
232 1336 320 1361 nam
354 1335 521 1373 sequens
555 1324 745 1373 perfectus
778 1324 903 1361 foetus
937 1329 1006 1361 est.
1061 1323 1102 1372 4)
1133 1322 1237 1360 Heu
1251 1324 1402 1369 ricus,
1437 1330 1577 1372 pater
1608 1335 1756 1370 meus,
1793 1326 1916 1362 1547.

118 1384 183 1421 19.
216 1381 407 1421 Januarii.
468 1379 497 1431 ῒ)
523 1384 559 1417 111
594 1383 692 1419 trino
729 1387 756 1426 (ζ
795 1383 895 1419 circa
928 1381 1027 1427 VII,
1070 1383 1147 1418 imo
1185 1383 1222 1417 in
1259 1381 1344 1420 VII.
1380 1382 1485 1431 (nam
1516 1383 1691 1432 suspicor
1731 1382 1919 1419 maturius

115 1440 289 1490 editum),
324 1442 452 1478 omnia
476 1442 656 1490 corrupit,
680 1440 952 1488 facinorosum,
985 1440 1252 1490 praefractum,
1278 1441 1573 1487 contentiosum,
1608 1440 1772 1489 denique
1794 1440 1918 1478 malae

115 1500 247 1537 mortis
279 1499 474 1537 hominem
508 1499 644 1536 effecit.
708 1496 740 1550 ῼ
774 1505 811 1536 et
842 1500 867 1547 ξ
900 1498 1089 1536 malitiam
1121 1505 1328 1545 auxerunt,
1363 1499 1401 1546 Ἡ
1434 1499 1656 1536 combustus
1689 1500 1727 1535 in
1758 1498 1919 1540 cadente

116 1569 338 1608 pauperem,
372 1558 440 1595 sed
474 1564 602 1596 tamen
634 1557 869 1607 locupletem
900 1568 1071 1594 uxorem.
1133 1554 1162 1607 Γ)
1186 1558 1223 1593 in
1249 1556 1335 1596 VII.
1367 1557 1665 1594 bombardarum
1688 1557 1918 1602 studiosum,

116 1616 259 1654 multos
292 1616 442 1664 hostes,
490 1617 773 1653 contentiosum
814 1615 1050 1664 conjugium.
1113 1615 1151 1662 ‘El
1185 1627 1269 1652 cum
1306 1615 1354 1663 Q)
1388 1615 1488 1653 male
1525 1616 1674 1665 positus
1712 1616 1850 1653 falsam
1884 1620 1921 1652 et

116 1674 292 1712 inutilem
325 1674 514 1711 honorum
547 1674 832 1712 affectationem
854 1680 889 1711 et
911 1686 998 1724 spes
1031 1673 1155 1710 irritas
1189 1675 1289 1711 circa
1320 1674 1402 1721 hos,
1437 1679 1473 1712 et
1504 1676 1842 1724 peregrinatorem.
1865 1695 1920 1699 —

120 1733 235 1770 Anno
261 1736 382 1771 1574.
417 1739 525 1783 pater
556 1744 664 1771 meus
692 1733 776 1781 jam
810 1737 890 1770 erat
923 1734 960 1769 in
989 1732 1140 1780 Belgio,
1179 1736 1299 1770 1575.
1332 1737 1454 1770 mater
1487 1734 1581 1770 abiit
1613 1735 1649 1769 in
1671 1732 1851 1782 Belgium
1884 1737 1920 1769 et

118 1803 205 1829 cum
245 1797 403 1842 parente
442 1791 566 1829 rediit.
631 1791 746 1828 Pater
776 1790 958 1828 Villanae
994 1792 1144 1828 civitati
1188 1792 1440 1838 renuncians,
1478 1790 1720 1840 Leobergam
1753 1803 1793 1829 se
1826 1802 1921 1828 con-

116 1850 215 1896 tulit,
249 1850 366 1888 aedes
389 1851 491 1888 emit.
538 1853 659 1887 1576.
684 1855 794 1899 pater
814 1860 962 1886 rursum
986 1849 1056 1886 fuit
1087 1851 1124 1884 in
1149 1848 1300 1898 Belgio.
1339 1853 1460 1887 1577.
1485 1849 1551 1887 Sol
1575 1851 1611 1885 in
1634 1850 1680 1896 [Ι
1711 1849 1742 1896 ll
1777 1849 1920 1886 infelici

119 1914 156 1946 et
188 1920 273 1946 cum
293 1904 322 1958 ῒ)
349 1908 456 1956 sorti,
490 1909 589 1958 patri
622 1909 757 1956 ingens
778 1910 933 1957 paravit
956 1907 1191 1958 periculum:
1226 1907 1365 1945 cecidit
1396 1909 1434 1944 in
1465 1907 1664 1957 suspendii
1695 1908 1920 1958 periculum.

120 1966 249 2004 Aedes
284 1966 470 2014 vendidit,
506 1977 721 2016 cauponam
756 1967 943 2016 occoepit,
982 1969 1104 2004 1578.
1137 1966 1237 2016 patri
1271 1978 1383 2004 ossea
1414 1966 1553 2015 lagena
1584 1965 1755 2015 pulveris
1788 1968 1922 2004 incen-

121 2026 194 2062 sivi
234 2031 394 2075 ruptura
431 2025 569 2062 faciem
607 2025 781 2064 laniavit.
844 2028 967 2063 1579.
1002 2030 1111 2074 pater
1153 2023 1431 2073 Elmeudingae
1474 2025 1663 2062 celebrem
1706 2036 1921 2074 cauponam

122 2084 318 2123 conduxit.
376 2086 496 2122 1583,
536 2089 563 2127 <s
602 2083 780 2120 dominus
821 2084 859 2119 in
892 2083 946 2122 Μ.
991 2083 1031 2120 C.
1076 2085 1226 2132 parenti
1269 2083 1470 2130 damnum,
1512 2095 1602 2121 narn
1646 2095 1690 2120 eo
1732 2095 1833 2120 anno
1872 2083 1920 2120 ab

118 2142 317 2179 usufructu
350 2142 538 2179 bonorum
571 2142 679 2181 abiit.
737 2144 857 2179 1569.
895 2145 930 2180 5.
954 2140 1045 2179 Jan.
1079 2147 1261 2190 aspectus
1300 2141 1517 2190 significant
1556 2153 1760 2179 aerumnas
1803 2153 1922 2179 causa

121 2205 338 2249 parentum.
379 2200 476 2237 Cum
498 2205 703 2248 utrumque
726 2199 913 2237 luminare
945 2199 1131 2247 laedatur,
1166 2205 1204 2237 et
1226 2201 1307 2248 ipse
1331 2197 1358 2249 Γ)
1382 2200 1510 2237 laesus
1533 2199 1710 2238 laedetur
1731 2211 1921 2248 regressu,

126 2270 294 2307 aequum
327 2259 398 2296 fuit
430 2264 472 2296 ut
503 2263 612 2308 pater
643 2263 805 2295 matrem
836 2257 1037 2295 durissime
1069 2263 1249 2295 tractaret
1281 2259 1512 2307 tandemque
1545 2259 1583 2294 in
1607 2258 1765 2296 exilium
1798 2258 1923 2296 abiret

124 2321 161 2354 et
196 2321 419 2355 moreretur.
446 2341 491 2345 —
522 2318 565 2365 5)
599 2315 817 2365 Cunigund‚
856 2320 976 2354 1549.
1014 2320 1080 2354 23.
1114 2316 1221 2365 Maji.
1264 2316 1379 2365 Pejor
1411 2318 1506 2354 situs
1538 2314 1592 2368 Q
1627 2329 1710 2355 esse
1741 2328 1818 2354 non
1849 2328 1922 2365 po-

125 2376 273 2413 tuisset.
338 2374 495 2412 Mortua
528 2381 596 2420 est,
629 2375 836 2412 multorum
870 2374 1077 2413 liberorum
1110 2380 1248 2422 mater,
1282 2386 1431 2413 veneno
1463 2380 1506 2412 ut
1544 2380 1683 2424 putant
1721 2376 1921 2421 exstincta,

125 2445 226 2470 anno
255 2437 376 2472 1581.
414 2438 476 2471 17.
501 2432 612 2472 Julii.
645 2434 737 2470 Fuit
759 2433 857 2470 alias
879 2434 944 2482 pia
965 2439 1001 2471 et
1023 2434 1191 2482 sapiens.
1247 2435 1290 2479 6)
1314 2433 1535 2480 Catharina,
1573 2437 1696 2473 1551.
1722 2438 1787 2471 30.
1810 2432 1919 2470 Julii.

123 2490 171 2528 Et
203 2491 300 2529 haec
332 2497 485 2529 mortua
517 2499 586 2529 est.
654 2492 692 2541 7)
726 2491 940 2538 Sebaldus,
979 2495 1101 2529 1552.
1148 2496 1211 2530 13.
1245 2491 1489 2530 Novembris.
1543 2492 1707 2540 Magus,
1751 2490 1917 2535 Jesuita,

125 2549 368 2586 sacerdotum
400 2552 563 2598 primam
596 2555 632 2587 et
664 2549 873 2587 secundam
907 2549 1189 2587 ordinationem
1222 2552 1413 2599 suscepit3
1446 2551 1727 2599 impurissimus
1750 2551 1786 2585 in
1821 2550 1921 2595 vita;

126 2606 341 2644 catholicus
375 2619 458 2645 cum
493 2613 612 2655 esset,
655 2607 902 2645 lutheranum
934 2607 1146 2646 simulavit.
1209 2608 1387 2657 Denique
1426 2614 1599 2646 mortuus
1641 2612 1697 2645 est
1736 2606 1921 2656 hydropsi

126 2672 215 2714 post
258 2665 400 2703 multos
442 2666 599 2703 morbos
638 2667 674 2702 in
717 2667 835 2714 priori
879 2668 970 2706 vita.
1046 2664 1214 2703 Uxorem
1267 2666 1430 2715 adeptus
1473 2671 1530 2704 est
1573 2677 1712 2713 genere
1753 2665 1922 2702 nobilem

126 2730 163 2761 et
204 2723 382 2771 divitem,
425 2723 492 2761 sed
535 2723 742 2760 multorum
786 2724 1006 2762 liberorum.
1079 2724 1217 2761 Morbo
1267 2724 1409 2773 gallico
1451 2724 1523 2761 fuit
1562 2724 1737 2760 infectus.
1805 2723 1923 2760 Faci-

128 2793 291 2820 norosus
337 2787 419 2819 erat
461 2787 499 2819 et
531 2792 671 2818 exosus
711 2782 791 2818 suis
832 2782 996 2819 civibus.
1064 2786 1185 2819 1576.
1230 2786 1291 2820 16.
1330 2782 1429 2830 Aug.
1473 2780 1579 2819 Wila
1621 2780 1771 2829 spiram
1813 2781 1921 2828 abiit,

134 2843 198 2878 18.
233 2841 422 2889 pervenit,
458 2844 523 2877 22.
558 2839 652 2878 Dec.
685 2837 798 2886 Spin-a
832 2839 1005 2876 discessit
1040 2840 1161 2877 invito
1186 2839 1353 2886 domino,
1387 2838 1555 2876 Galliam
1590 2844 1626 2877 et
1648 2838 1803 2876 Italiam
1834 2851 1923 2888 per-

131 2904 294 2948 vagatus
318 2900 354 2934 in
378 2903 548 2936 extrema
570 2896 829 2934 mendicitate.
882 2897 1085 2934 Humanus
1109 2897 1179 2933 suit
1209 2897 1365 2934 habitus
1389 2903 1424 2934 et
1446 2897 1570 2934 bonus
1591 2898 1732 2937 soeiuS.
1784 2894 1824 2948 8)
1847 2898 1923 2935 Ca-

131 2956 295 3003 tharina,
333 2959 454 2995 1554.
492 2959 527 2994 5.
563 2955 744 3004 Augusti.
798 2953 905 2992 Haec
936 2954 1102 3003 prudens
1135 2959 1172 2992 et
1203 2954 1336 2992 dextra
1367 2957 1499 3004 nupsit
1530 2955 1674 3004 (1576.
1710 2957 1773 2994 14.
1798 2954 1924 3004 Febr.)

131 3014 408 3062 infelicissime,
444 3015 540 3052 vixit
571 3011 790 3062 splendide,
834 3024 904 3050 sua
936 3012 1126 3061 prodegit,
1164 3012 1246 3061 jam
1277 3012 1465 3051 mendica.
1526 3013 1683 3051 Mortua
1718 3018 1824 3051 1619
1860 3014 1921 3051 vel

137 3076 258 3112 1620.
324 3075 367 3121 9)
399 3073 534 3119 Maria,
573 3073 695 3111 1556.
730 3073 795 3109 25.
827 3071 1009 3120 Augusti.
1049 3069 1160 3109 Haec
1191 3082 1345 3119 quoque
1366 3076 1518 3110 mortua
1550 3077 1619 3110 est.
1674 3071 1741 3119 10)
1764 3072 1922 3110 Friede-

134 3130 226 3182 rich,
264 3133 386 3170 1558.
421 3135 486 3170 29.
508 3130 666 3181 Aprilis.
723 3132 844 3172 1578.
868 3134 934 3169 30.
958 3128 1055 3179 Maji
1087 3129 1305 3179 Esslingam
1326 3130 1435 3169 abiit.
1500 3131 1570 3179 11)
1594 3130 1772 3181 Ludwig,
1799 3134 1922 3174 1560,
