2126 3388
558 206 707 253 Kepleri
730 206 916 243 literarum
941 206 1062 243 studia
1085 210 1121 244 et
1147 206 1322 245 doctrina.
1756 181 1839 252 995

44 384 155 422 illum
186 388 398 424 certamina
429 386 608 436 partium,
641 387 716 424 huc
745 385 822 424 loci
855 385 1008 422 obscuri
1037 398 1232 425 sacrarum
1262 387 1470 428 literarum,
1512 387 1640 425 Etiam
1660 386 1840 435 gentibus

42 454 119 481 non
165 444 425 482 omnimodam
469 444 758 483 damnationem
804 445 1043 492 propositam
1096 446 1354 492 existimavit,
1402 451 1529 483 motus
1575 445 1842 494 speculatione

44 501 331 541 misericordiae
370 502 538 541 divinae.
599 502 643 539 In
675 501 842 540 mathesi
871 501 994 539 multa
1025 504 1186 540 rimatus
1219 508 1277 541 est
1309 505 1419 552 quasi
1451 515 1527 541 non
1560 505 1636 541 sint
1666 505 1838 550 inventa,

45 571 146 608 quae
186 566 276 608 post
310 561 392 610 jam
435 567 525 599 ante
564 561 724 599 inventa
763 559 871 599 vidit.
938 559 1197 609 Horologium
1237 562 1405 599 coeleste
1445 561 1647 608 confinxit,
1697 572 1841 599 novam

45 617 234 656 theoriam
267 624 305 657 et
335 620 507 668 inprimis
539 620 710 668 quinque
741 629 913 668 corpora,
947 617 1122 656 difficilia
1155 620 1295 657 omnia.
1348 620 1392 656 In
1424 619 1594 658 historiis
1624 619 1841 658 hebdoma-

47 675 116 713 das
148 676 326 714 Danielis
359 677 469 715 aliter
501 677 712 726 explicavit
743 679 824 724 (cfr.
852 680 921 715 vol.
950 680 1030 715 VII.
1057 691 1090 724 p.
1116 680 1184 715 803
1212 681 1292 724 ss),
1326 690 1467 715 novam
1493 679 1725 728 Assyriacae
1756 688 1841 715 mo-

45 734 226 771 narchiae
273 735 473 772 historiam
521 737 675 784 scripsit
712 739 784 778 (IV.
810 740 877 774 133
905 738 990 782 ss),
1019 735 1292 773 Calendariunr
1336 736 1553 773 Romanum
1593 737 1842 784 investigavit

45 794 158 838 (VIII.
173 796 331 839 268ss.).
384 794 427 830 In
460 795 560 830 omni
594 805 734 842 genere
765 794 1048 842 professionum
1081 793 1314 842 disputando
1347 794 1523 841 inhaesit,
1556 794 1742 832 lectiones
1773 805 1843 831 ex-

44 850 211 888 trahens.
262 850 326 888 Sic
358 853 473 888 etiam
507 851 658 889 chartas
690 853 850 900 exiguas
871 864 893 889 a
915 863 956 889 se
978 853 1139 900 scriptas
1171 854 1407 898 asservavit,
1440 852 1557 890 libros
1590 863 1841 900 quoscunque

45 908 198 946 oblatos
229 913 412 957 tanquam
446 909 558 947 utiles
593 909 683 947 olim
703 910 852 947 futuros
874 909 1069 947 mordicus
1099 911 1267 947 retinuit.
1309 910 1479 959 Tempus
1502 912 1699 947 minimum
1722 909 1842 948 dilabi

44 978 159 1015 aegre
191 967 294 1013 tulit,
339 968 528 1005 abstinuit
568 967 765 1005 hominum
805 969 998 1005 consortio
1042 973 1173 1005 contra
1206 968 1436 1015 cupiditates
1469 980 1572 1006 suas.
1633 968 1769 1006 Tenax
1800 970 1840 1004 in

45 1036 84 1063 re
115 1026 339 1074 pecuniaria
370 1027 551 1072 nimium,
585 1027 623 1062 in
657 1028 885 1064 oeconomia
914 1025 1081 1075 rigidus,
1126 1027 1469 1064 minutissimorum
1503 1037 1653 1074 censor,
1698 1027 1839 1075 quibus

45 1084 223 1121 omnibus
246 1088 397 1132 tempus
421 1084 644 1123 extrahitur.
687 1085 852 1122 Laboris
875 1086 1022 1122 interea
1043 1086 1366 1132 pertaesissimus,
1401 1085 1498 1123 adeo
1521 1090 1562 1122 ut
1584 1084 1667 1122 sola
1689 1084 1842 1134 cupidi-

45 1146 125 1179 tate
155 1143 376 1179 retineatur.
438 1142 484 1179 Et
516 1147 643 1180 tamen
675 1142 836 1191 pulchra
879 1147 967 1180 sunt
1000 1153 1100 1191 quae
1131 1144 1294 1192 appetiit
1327 1144 1456 1181 omnia
1488 1144 1768 1192 veritatemque
1802 1148 1843 1180 ut

49 1199 254 1248 plurimum
294 1200 365 1237 fuit
402 1203 670 1238 consecutus.“

184 1257 274 1295 Jam
318 1258 555 1307 astrologum
588 1271 706 1308 agens
738 1271 783 1296 ex
814 1258 1055 1307 planetarum
1093 1259 1189 1296 locis
1229 1259 1299 1296 has
1341 1258 1432 1296 dicit
1473 1260 1587 1296 animi
1621 1263 1659 1296 et
1689 1270 1838 1296 morum

45 1320 148 1353 ortas
180 1328 265 1354 esse
287 1316 515 1365 qualitates:
553 1317 791 1366 „Mercurius
823 1319 861 1353 in
892 1318 1057 1366 septima
1080 1317 1315 1355 celeritatem
1349 1323 1386 1355 et
1417 1317 1560 1355 laboris
1594 1317 1743 1364 odium,
1777 1317 1846 1355 Sol

44 1374 83 1410 in
124 1374 251 1411 sextili
283 1374 439 1412 Saturni
481 1375 722 1424 diligentiam
755 1380 792 1413 et
830 1377 1078 1413 tenacitatem
1117 1375 1349 1424 significant.
1411 1375 1520 1413 Hacc
1563 1375 1638 1412 duo
1678 1380 1767 1412 sunt
1806 1377 1844 1411 in

45 1431 199 1470 homine
233 1434 446 1471 contraria:
478 1439 666 1483 perpetuo
699 1435 896 1483 poenitere
928 1439 1080 1482 tempus
1112 1435 1297 1472 amissum
1330 1438 1367 1471 et
1399 1439 1525 1471 tamen
1548 1445 1699 1483 semper
1730 1435 1846 1470 amit-

46 1495 126 1528 tere
157 1498 308 1539 sponte.
373 1490 406 1541 (Ξ
440 1493 541 1529 enim
581 1492 681 1540 jocis
723 1497 761 1530 et
792 1491 895 1529 lusui
927 1491 1098 1529 deditum
1138 1492 1230 1529 facit
1273 1498 1310 1530 et
1343 1491 1665 1529 delectationibus
1703 1492 1849 1540 ingenii

46 1549 83 1585 in
114 1549 230 1586 rebus
262 1549 485 1587 levioribus.
546 1550 645 1588 Nam
678 1551 714 1586 in
745 1551 912 1599 pueritia
943 1550 1015 1587 fuit
1046 1550 1149 1587 lusui
1182 1549 1456 1597 deditissimus,
1489 1555 1531 1586 ut
1562 1549 1735 1587 adolevit
1768 1549 1847 1587 alia

46 1608 217 1644 animum
249 1607 507 1646 delectabant.
571 1608 666 1645 Cum
699 1614 829 1646 autem
860 1609 1050 1646 tenacitas
1082 1610 1270 1658 pecuniae
1304 1621 1325 1646 a
1356 1608 1444 1645 lusu
1475 1608 1685 1654 absterret,
1727 1618 1844 1656 saepe

47 1676 178 1703 secum
199 1664 310 1704 ludit.
354 1666 458 1704 Mars
492 1668 722 1716 praecipitat
753 1667 949 1715 ingenium
983 1671 1019 1703 et
1049 1667 1099 1704 ad
1121 1668 1215 1703 iram
1239 1668 1350 1715 rapit,
1385 1666 1433 1704 ad
1465 1666 1585 1713 lusus,
1619 1667 1844 1712 varietates,

45 1723 135 1761 inde
169 1723 216 1760 ad
248 1724 453 1772 historias,
487 1725 536 1762 ad
568 1725 691 1773 bella,
725 1723 775 1762 ad
803 1724 1005 1773 patranda,
1040 1724 1089 1762 ad
1120 1724 1344 1771 audaciam,
1388 1724 1436 1762 ad
1469 1726 1845 1774 rmhrrpaxuoffvwsr,

47 1780 97 1819 ad
119 1782 471 1830 contradicendum,
495 1782 812 1832 impugnandum,
837 1782 886 1820 ad
908 1782 1244 1832 reprehendendos
1269 1794 1400 1820 omnes
1424 1783 1595 1829 ordines,
1620 1782 1668 1820 ad
1693 1783 1845 1819 criticos

47 1850 193 1887 mores;
227 1840 325 1878 haec
347 1843 476 1878 omnia
501 1839 644 1887 „nat0“
669 1841 862 1889 adjacent.
902 1840 978 1878 Sed
1008 1840 1119 1879 adest
1140 1842 1255 1879 etiam
1278 1840 1502 1887 simulandi,
1535 1839 1704 1887 fallendi,
1737 1851 1847 1877 men-

48 1897 166 1935 tiendi
187 1898 328 1947 libid03
349 1899 563 1937 Mercurius
585 1899 659 1937 hoc
682 1899 817 1946 efficit,
842 1911 863 1936 a
887 1898 1011 1936 Marte
1034 1899 1226 1937 stimulus.
1275 1899 1350 1937 Sed
1375 1898 1450 1936 duo
1472 1898 1753 1936 stimulationes
1776 1898 1846 1935 has

46 1956 276 2005 impediunt:
295 1962 419 1995 metus
441 1958 623 1995 infamiae
647 1962 683 1995 et
705 1956 910 2006 singularis
932 1969 1074 2005 earum,
1093 1959 1208 1996 etiam
1223 1959 1364 2007 optime
1387 1962 1424 1995 et
1446 1958 1665 1994 cautissime
1688 1957 1846 1994 institu-

46 2019 171 2052 tarum
194 2014 411 2053 infelicitas.
459 2016 527 2054 Est
549 2017 718 2053 omnium
740 2016 906 2053 maxime
929 2027 1045 2053 verae
1066 2015 1193 2053 laudis
1217 2016 1380 2065 cupidus
1404 2021 1441 2053 et
1464 2016 1586 2053 omnis
1609 2015 1760 2063 generis
1783 2016 1846 2050 in—

47 2072 248 2110 famiarum
281 2074 508 2122 impatiens3
541 2075 715 2111 sinistros
736 2084 907 2111 rumores
933 2073 1120 2111 leviculos
1144 2073 1205 2111 vel
1237 2075 1405 2111 maxima
1436 2074 1600 2122 pecunia
1629 2072 1844 2119 redimeret,

48 2135 87 2168 et
106 2136 375 2180 paupertatem
407 2132 504 2181 fugit
536 2137 686 2170 tantum
718 2132 766 2169 ob
798 2132 995 2169 infamiam
1030 2132 1119 2181 (hoc
1141 2143 1298 2170 necesse
1331 2138 1388 2170 est
1421 2144 1444 2169 a
1465 2130 1567 2169 Jove
1601 2131 1719 2178 esse);
1756 2131 1844 2181 „in-

48 2187 240 2226 felicitas“
275 2189 460 2239 pudorem
493 2190 595 2228 elicit
628 2195 664 2228 et
697 2189 906 2227 confundit.
970 2190 1018 2226 Et
1048 2195 1160 2236 nota,
1203 2190 1347 2227 homini
1381 2191 1447 2239 qui
1478 2187 1584 2226 aliud
1623 2188 1774 2237 judicat
1807 2192 1844 2224 et

48 2251 177 2284 tamen
208 2259 360 2297 semper
390 2248 594 2286 scribendo
626 2249 761 2298 pergit,
794 2247 1031 2296 significatur
1062 2248 1136 2285 hoc
1166 2259 1189 2285 a
1222 2245 1255 2300 ζῤ
1279 2250 1315 2285 in
1339 2249 1386 2295 Ι]
1422 2252 1477 2294 <53
1510 2246 1723 2284 Mercurius
1746 2246 1843 2283 liber

45 2304 235 2353 judicium
266 2317 424 2355 purum,
463 2306 533 2344 sed
565 2306 795 2355 quadratum
826 2305 963 2348 Martis
995 2307 1222 2355 praecipitat
1253 2306 1327 2345 hoc
1359 2312 1396 2344 et
1428 2305 1562 2353 adigit,
1595 2309 1636 2341 ut
1667 2316 1743 2341 non
1776 2315 1845 2341 ex-

49 2368 195 2412 spectet
223 2363 433 2412 judicium:
474 2365 562 2402 hinc
603 2365 706 2402 illius
746 2370 824 2401 tam
863 2364 996 2402 crebra
1033 2365 1282 2413 poenitentia.
1317 2388 1367 2392 -α
1404 2363 1516 2411 Quod
1558 2362 1678 2400 multa
1710 2363 1843 2411 incipit

49 2432 154 2459 nova
196 2422 387 2470 prioribus
430 2422 682 2472 imperfectis,
725 2434 865 2460 causae
904 2422 1100 2460 naturales
1140 2422 1214 2460 hae
1256 2428 1365 2459 sunt:
1413 2422 1450 2469 1)
1482 2420 1653 2458 taedium
1683 2419 1841 2466 laboris,

50 2479 133 2517 sive
165 2480 278 2517 ardor
309 2481 461 2519 subitus
494 2486 532 2519 et
562 2493 638 2518 non
671 2480 879 2528 durabilis3
912 2491 1000 2517 nam
1033 2482 1211 2529 quamvis
1246 2486 1303 2517 est
1335 2480 1682 2524 laboriosissimus,
1715 2484 1843 2515 tamen

50 2542 108 2574 est
137 2536 283 2575 laboris
316 2550 404 2576 osor
436 2540 665 2587 acerrimus;
696 2538 850 2576 laborat
881 2544 1010 2576 autem
1041 2545 1198 2587 propter
1229 2538 1481 2587 cupiditatem
1501 2537 1647 2574 sciendi
1671 2542 1707 2574 et
1730 2547 1842 2572 amo-

54 2606 133 2633 rem
166 2595 336 2644 fingendi
369 2602 405 2634 et
436 2596 623 2634 fictorum.
687 2597 727 2644 2)
762 2596 892 2634 Causa
933 2596 1010 2633 alia
1047 2598 1083 2633 in
1117 2597 1293 2634 fortunae
1333 2596 1490 2634 arbitrio
1533 2600 1591 2632 est
1621 2594 1683 2632 vel
1714 2595 1844 2642 potius

51 2654 90 2690 in
121 2654 341 2691 conditione
372 2660 545 2692 naturae.
585 2655 686 2692 Nam
718 2654 956 2703 impossibile
989 2659 1056 2700 est,
1091 2659 1131 2690 ut
1163 2655 1292 2691 omnia
1324 2655 1407 2702 ejus
1438 2655 1592 2702 incepta
1622 2658 1699 2689 tam
1722 2651 1845 2688 multa

50 2711 270 2759 succedant,
303 2718 420 2760 atque
453 2714 568 2750 etiam
601 2725 646 2751 ex
677 2713 812 2750 ardore
835 2713 962 2749 omnia
985 2712 1060 2749 sibi
1081 2711 1210 2749 facilia
1231 2711 1450 2760 persuadet,
1484 2722 1583 2759 quae
1604 2715 1693 2747 sunt
1716 2715 1844 2747 tamen

50 2771 87 2806 in
121 2781 234 2818 opere
275 2769 502 2807 difficillima
542 2777 610 2808 aut
648 2770 862 2819 longissimi
905 2771 1098 2818 temporis.
1163 2769 1204 2818 3)
1238 2769 1425 2817 Quamvis
1463 2769 1676 2806 absterrere
1716 2769 1843 2815 ipsum

52 2826 232 2876 deberet,
280 2827 383 2876 quod
422 2830 549 2877 priora
581 2834 671 2866 sunt
702 2828 944 2876 imperfecta,
990 2826 1180 2875 cupiditas
1212 2831 1338 2864 tamen
1377 2838 1481 2864 nova
1512 2825 1698 2863 tractandi
1731 2825 1844 2873 longe

50 2885 183 2924 fortior
223 2891 293 2924 est.
355 2885 587 2935 Cupiditatis
620 2886 734 2934 hujus
765 2885 970 2923 illecebrae
1011 2889 1100 2921 sunt
1141 2886 1222 2921 vita
1261 2883 1493 2922 scholastica
1532 2890 1569 2920 et
1607 2883 1844 2930 umbratilis;

52 2954 142 2981 nam
173 2945 206 2981 si
239 2943 384 2982 difficili
416 2955 529 2981 onere
571 2944 778 2981 functionis
819 2943 1084 2988 distineretur,
1113 2953 1200 2979 non
1238 2946 1371 2990 posset
1404 2940 1601 2989 indulgere
1643 2940 1845 2989 cupiditati

52 3000 142 3039 huic
173 3001 411 3051 speculandi,
445 3007 488 3039 ut
517 3012 588 3039 nec
618 3007 711 3048 tum,
743 3002 774 3038 si
808 3005 980 3049 egestate
1011 3005 1258 3048 premeretur.
1319 2999 1596 3050 (Cupiditatem
1628 2998 1728 3036 hanc
1759 2999 1843 3036 exi-

52 3061 164 3097 stimo
196 3060 401 3109 significari
435 3071 459 3097 a
479 3059 671 3097 Mercurio
704 3059 850 3104 veloce,
884 3056 1059 3096 orientali
1091 3058 1130 3094 in
1153 3055 1260 3107 VII.)
1309 3056 1385 3095 Sed
1416 3055 1637 3094 accenditur
1659 3061 1701 3093 ut
1721 3055 1845 3105 pluri-

52 3128 157 3155 mum
187 3117 284 3156 haec
316 3118 506 3168 cupiditas
537 3116 722 3166 exemplis
754 3116 915 3155 aliorum
948 3121 986 3154 et
1016 3116 1100 3165 ipsa
1133 3114 1357 3154 difficultate
1388 3126 1512 3154 rerum
1544 3113 1668 3163 (quod
1690 3115 1842 3164 proprie

1497 3180 1568 3216 64¹·
