2177 3408
456 183 693 219 Summarium
717 183 898 220 Historiae
922 184 1172 221 Astronomiae
1198 186 1318 221 seculo
1343 185 1436 221 XVI.
1550 204 1558 208 -
1778 187 1858 231 657

383 306 713 350 Explicationis
744 306 1000 344 calendarii
1033 308 1301 353 Gregoriani
1331 308 1542 353 perpetui

606 388 630 414 a
661 374 939 425 christophoro
971 375 1109 414 Clavio
1141 378 1307 426 scriptae

844 441 1085 478 Emaculatio.

208 517 243 552 1.
277 512 637 562 Quartadecimanis
669 527 737 564 pro
771 526 895 554 errore
928 513 990 552 vel
1015 514 1166 553 haeresi
1189 515 1333 562 tribuit,
1367 515 1513 564 pascha
1534 514 1726 554 interdum
1757 515 1860 554 cele-

64 572 174 609 brare
206 582 293 609 cum
323 571 487 611 Judaeis
519 573 630 611 Luna
661 573 810 611 decima
842 578 990 622 quarta.
1053 572 1127 610 Hic
1158 574 1232 610 tria
1265 572 1447 612 dicenda:
1489 574 1672 612 Primum.
1715 574 1859 612 Judaei

63 629 210 679 pascha
242 630 484 668 celebrarunt
506 631 617 670 Luna
649 631 798 670 decima
830 637 967 680 quarta
998 642 1074 668 non
1106 632 1314 680 incipiente
1346 632 1413 670 sed
1444 632 1612 680 finiente,
1645 634 1740 671 hora
1762 645 1861 682 quae

65 694 123 725 est
154 689 305 725 initium
338 701 572 738 azymorum.
636 689 827 727 Secundo.
875 690 1081 726 Christiani
1116 697 1264 727 veteres
1297 693 1532 728 ceremonias
1565 691 1768 740 paschales
1811 692 1860 728 ad

66 747 321 784 imitationem
345 747 531 785 ecclesiae
553 747 747 786 ,Judaicae
771 750 996 796 inceperunt
1016 747 1147 784 itidem
1169 761 1191 784 a
1216 760 1378 797 vespera
1401 749 1666 787 antecedente.
1714 749 1859 788 Tertio.

63 803 149 841 Non
183 810 241 842 est
272 805 441 842 haeresis
476 806 536 843 vel
569 817 682 852 error,
716 805 863 854 pascha
899 804 1088 842 interdum
1120 805 1313 843 celebrare
1336 807 1471 844 eodem
1495 806 1554 844 die
1578 819 1664 844 cum
1685 807 1861 854 Judaeis,

65 862 273 900 dummodo
314 863 395 901 dies
441 875 642 912 vesperam
684 863 908 912 paschalem
947 862 1188 901 Judaeorum
1232 875 1398 912 sequens
1437 866 1486 902 sit
1532 864 1612 902 dies
1656 864 1860 905 dominica.

63 920 126 957 Illi
166 932 256 959 vero
301 921 486 959 haeretici
528 922 858 970 quartadecimani
901 920 986 959 ideo
1026 922 1080 958 sic
1112 921 1202 958 dicti
1235 926 1343 969 sunt,
1390 922 1490 971 quod
1534 922 1679 971 pascha
1711 935 1861 972 semper

0 983 1 986 ’
64 990 149 1016 cum
182 978 346 1017 Judaeis
378 979 667 1028 quartadecima
698 979 809 1018 Luna
850 979 1007 1017 finiente
1050 979 1321 1018 celebrandum
1361 986 1590 1018 censuerunt
1631 993 1860 1030 quacunque

62 1037 158 1075 seria
188 1037 453 1076 hebdomadis.

204 1100 240 1134 2.
274 1095 417 1134 Veram
439 1108 598 1134 causam
620 1096 807 1144 desidero,
842 1108 907 1134 cur
937 1097 1047 1134 initio
1071 1095 1200 1134 bullae
1224 1095 1402 1145 Gregorii
1426 1096 1700 1135 Calendarium
1722 1096 1860 1135 dixerit

64 1159 307 1203 perpetuum.
357 1154 456 1192 Nam
488 1156 520 1191 si
552 1167 628 1192 vox
660 1159 961 1204 perpetuum
995 1154 1043 1192 ad
1074 1154 1200 1192 solum
1233 1155 1384 1204 cyclum
1407 1161 1629 1204 epactarum
1665 1158 1859 1203 insertum,

65 1224 223 1250 aureum
256 1224 456 1250 numerum
501 1219 689 1251 remotum
729 1214 907 1259 refertur,
951 1212 1072 1250 multa
1112 1224 1203 1262 ergo
1236 1215 1272 1249 in
1305 1213 1372 1251 illa
1412 1213 1518 1251 bulla
1550 1214 1597 1252 de
1629 1215 1861 1263 aequatione

67 1270 164 1321 cycli
197 1271 335 1308 solaris
367 1276 403 1309 et
435 1270 533 1320 cycli
565 1277 787 1321 epactarum
820 1276 951 1318 erunt,
997 1282 1097 1320 quae
1128 1283 1204 1308 non
1237 1273 1524 1321 praecipiuntur
1555 1273 1630 1309 nisi
1663 1273 1734 1310 sub
1768 1284 1862 1310 con-

68 1329 214 1366 ditione
245 1328 330 1377 hac,
363 1328 553 1378 siquidem
584 1330 863 1380 posterioribus
883 1329 1120 1379 temporibus
1142 1341 1233 1366 vera
1254 1331 1476 1380 apparitura
1507 1331 1594 1377 sint,
1628 1342 1727 1379 quae
1748 1330 1863 1367 hodie

68 1387 114 1425 de
147 1387 313 1425 siderum
345 1389 507 1425 scientia
538 1394 726 1427 tenemus.
785 1387 1015 1435 Fatendum,
1049 1388 1244 1425 confusius
1275 1387 1393 1437 paulo
1426 1389 1606 1438 scriptam
1638 1389 1782 1426 bullam
1814 1389 1862 1426 ab

67 1446 303 1496 imperitiori,
337 1445 586 1484 adulantibus
619 1457 782 1495 quorum
814 1451 895 1484 erat
915 1445 1116 1484 revidendi
1138 1457 1267 1496 opera.
1319 1446 1363 1483 Id
1387 1446 1545 1484 Clavius
1567 1447 1723 1485 honoris
1746 1459 1864 1485 causa

67 1509 194 1542 tacere
227 1505 362 1552 utique
395 1503 539 1552 debuit,
574 1506 725 1542 veniam
757 1505 873 1553 igitur
904 1509 1082 1542 meretur.

206 1566 244 1600 3.
274 1561 475 1610 Rationes,
500 1574 566 1600 cur
588 1574 700 1601 veros
724 1569 851 1600 motus
874 1562 1038 1600 ecclesia
1059 1573 1136 1600 non
1158 1567 1354 1611 sequatur,
1376 1574 1453 1600 non
1475 1569 1662 1614 pugnant3
1695 1565 1864 1613 genuina

67 1632 186 1659 causa
217 1627 275 1658 est
320 1622 481 1668 omissa,
528 1621 726 1658 arbitrium
759 1620 968 1668 ecclesiae,
1012 1633 1111 1670 quae
1151 1621 1235 1658 sola
1268 1627 1305 1659 et
1337 1623 1451 1659 unica
1489 1634 1606 1660 causa
1647 1622 1687 1658 id
1718 1623 1863 1660 sactum

66 1679 226 1724 stabilit,
261 1683 412 1717 ceterae
443 1678 554 1718 facile
585 1679 781 1730 profligari
812 1685 987 1729 possunt.
1049 1679 1200 1717 Deinde
1242 1679 1472 1717 affirmatum
1505 1691 1580 1718 non
1614 1680 1747 1718 debuit
1778 1691 1863 1717 esse

66 1737 245 1786 generale
278 1736 324 1775 de
357 1737 535 1775 omnibus
567 1738 669 1776 veris
700 1738 870 1776 motibus
909 1737 1059 1786 ejectis,
1092 1739 1277 1775 retinetur
1310 1739 1410 1775 enim
1443 1750 1557 1775 verus
1589 1744 1716 1776 motus
1747 1738 1862 1775 Solis.

66 1795 153 1833 Non
186 1800 286 1834 certe
327 1795 460 1834 debuit
499 1807 582 1834 esse
623 1795 803 1845 generale
844 1795 1076 1833 affirmatum
1115 1795 1161 1833 de
1202 1796 1379 1834 omnibus
1422 1796 1558 1834 mediis
1598 1797 1768 1836 motibus
1799 1808 1862 1834 re-

17 1870 20 1885 ·
68 1855 202 1900 tentis,
235 1865 324 1892 narn
356 1855 393 1890 in
433 1853 523 1892 Sole
564 1854 681 1892 medii
719 1860 846 1892 motus
884 1865 962 1891 non
993 1859 1180 1894 tenentur.
1230 1854 1373 1891 Nititur
1404 1854 1621 1892 emendatio
1654 1853 1864 1892 calendarii

66 1911 280 1950 secundum
313 1912 507 1950 decretum
538 1912 707 1950 Nicenae
739 1912 877 1963 synodi
907 1911 1146 1950 instituenda
1175 1923 1252 1949 non
1284 1913 1452 1950 motibus
1485 1912 1716 1952 coelestibus
1747 1924 1863 1963 prae-

67 1971 145 2008 cise
177 1971 400 2020 praescitis,
445 1969 512 2008 sed
546 1970 746 2008 voluntate
778 1972 945 2020 supremi
979 1981 1174 2008 sacrorum
1205 1972 1404 2018 antistitis,
1440 1971 1489 2008 ad
1522 1971 1764 2009 commodum
1796 1981 1862 2008 ec-

22 2046 25 2052 .
68 2028 220 2075 clesiae‚
254 2028 480 2068 facilitatem
513 2028 652 2067 calculi
683 2035 719 2067 et
751 2028 976 2067 scandalum
1007 2028 1210 2067 vitandum
1241 2030 1494 2078 respicientis.

209 2091 246 2125 4.
266 2087 353 2125 Non
376 2086 508 2125 debuit
529 2098 670 2136 negare
693 2099 825 2125 verum
843 2087 1131 2136 aequinoctium
1151 2086 1361 2136 aliquando
1384 2087 1554 2124 futurum
1571 2087 1632 2125 die
1652 2092 1716 2125 Ξῖ.
1730 2086 1862 2124 Martii

25 2181 29 2200 ἲ
70 2144 310 2194 Gregoriani.
372 2145 501 2183 Primo
534 2157 609 2182 non
643 2144 844 2194 distinguit
876 2156 1012 2183 vocem
1033 2146 1280 2193 aequinoctii,
1313 2145 1417 2194 quod
1436 2145 1647 2194 aliquando
1670 2151 1727 2183 est
1754 2145 1860 2183 locus

68 2204 141 2241 sub
173 2203 269 2249 fixis,
303 2203 514 2253 aliquando
547 2209 697 2253 tempus
729 2215 797 2241 seu
830 2205 1013 2241 terminus
1046 2204 1246 2253 temporis,
1280 2209 1486 2252 utrumque
1517 2216 1651 2241 verum
1684 2203 1746 2241 vel
1778 2215 1860 2240 me-

23 2254 31 2293 Ῑ
69 2261 186 2300 dium.
229 2261 357 2299 Primo
379 2262 638 2310 significatum
669 2263 956 2311 aequinoctium
988 2272 1065 2299 non
1096 2266 1224 2311 potest
1255 2260 1328 2299 dici
1359 2262 1434 2300 hoc
1455 2261 1518 2300 vel
1546 2262 1614 2300 illo
1636 2261 1695 2300 die
1717 2261 1861 2307 Martii,

29 2322 33 2344 ⁸
67 2319 136 2359 sed
166 2320 240 2358 hoc
272 2319 334 2358 vel
365 2318 433 2358 illo
464 2319 550 2358 loco
583 2319 769 2370 sphaerae
801 2319 973 2360 fixarum.

1337 2410 1444 2447 medii

705 2445 821 2482 medio
847 2451 902 2481 est
927 2445 1022 2480 linea
1046 2449 1165 2482 motus
1185 2445 1277 2481 Solis
1306 2402 1318 2529 ἒ
1463 2410 1476 2535 ξ
1505 2445 1561 2482 die
1586 2445 1707 2481 Martii
1729 2471 1734 2479 .
1757 2471 1762 2479 .
1785 2470 1793 2478 .
1813 2471 1818 2477 ,

1336 2492 1410 2516 verl

114 2537 228 2582 Igitur
253 2537 290 2573 in
314 2539 529 2584 aequinoctii
553 2538 633 2574 loco

1337 2597 1445 2632 medii

706 2642 789 2667 vero
816 2637 871 2667 est
894 2631 989 2667 linea
1014 2637 1133 2668 motus
1159 2632 1253 2668 Solis
1304 2590 1317 2711 ζ
1464 2595 1476 2719 ἔ
1499 2632 1556 2667 die
1582 2631 1705 2666 Martii
1725 2657 1736 2669 .
1757 2658 1765 2667 .
1787 2656 1794 2665 .
1813 2657 1819 2663 .

1335 2668 1409 2701 veri

207 2749 384 2789 Secundo
406 2749 632 2787 Prutenicas
664 2749 807 2798 allegat
827 2762 1038 2800 perperam,
1070 2756 1112 2788 ut
1143 2763 1242 2800 quae
1263 2762 1338 2788 non
1363 2750 1408 2788 de
1431 2756 1600 2799 tempore
1623 2750 1855 2798 aequinoctii

43 2826 45 2838 1
72 2808 188 2846 medii
218 2815 262 2846 ut
295 2808 465 2854 Clavius‚
503 2807 571 2844 sed
604 2807 649 2845 de
681 2808 767 2845 loco
797 2810 1031 2856 aequinoctii
1063 2810 1134 2846 sub
1166 2809 1252 2845 fixis
1283 2809 1504 2856 loquuntur.
1567 2807 1696 2844 Tertio
1728 2807 1856 2845 Mole-

46 2868 167 2904 tium
207 2866 364 2904 adducit
405 2864 687 2915 particulariter
730 2866 970 2913 loquentem,
1019 2877 1065 2903 ac
1106 2868 1137 2902 si
1180 2866 1407 2914 generaliter
1448 2865 1637 2914 loquatur.
1710 2866 1854 2914 Estque

47 2926 106 2962 is
132 2925 213 2973 jam
246 2937 270 2962 a
299 2925 474 2973 partibus
507 2922 700 2972 Gregorii,
743 2924 834 2971 quia
863 2925 1052 2971 posterior
1082 2925 1233 2971 scripsit
1264 2929 1301 2960 et
1333 2923 1484 2960 tabulas
1517 2923 1670 2971 quidem
1703 2923 1855 2972 Grego-

48 2984 211 3020 rianas.
273 2981 419 3030 Quarto
461 2986 594 3019 contra
633 2980 817 3018 ecclesiae
860 2980 1099 3018 voluntatem
1131 2981 1340 3029 (siquidem
1378 2993 1461 3019 eam
1500 2986 1601 3019 recte
1640 2982 1854 3030 explicasse

50 3042 315 3088 concessero)
359 3039 529 3078 defendit
569 3043 714 3076 motum
756 3038 857 3076 Solis
900 3050 1034 3076 verum
1079 3039 1202 3087 ejecto
1243 3038 1389 3085 medio,
1433 3039 1547 3087 idque
1586 3040 1852 3088 praesentibus

73 3097 226 3136 seculis.
288 3097 430 3146 Quinto
463 3097 599 3135 futuris
631 3095 771 3135 seculis
802 3108 927 3145 neque
958 3107 1091 3134 verum
1122 3107 1247 3145 neque
1278 3097 1445 3135 medium
1467 3096 1569 3135 Solis
1592 3102 1736 3134 motum
1759 3108 1853 3135 con-

53 3155 163 3195 ·sulit
193 3157 232 3192 in
263 3157 550 3205 computatione
581 3156 825 3205 aequinoctii,
858 3154 926 3194 sed
957 3158 1106 3195 tantum
1136 3166 1271 3196 verum
1302 3160 1340 3194 et
1358 3154 1527 3194 medium
1558 3155 1685 3196 locum
1716 3156 1853 3205 aequi-

141 3221 264 3255 Kepleri
284 3221 383 3256 Opera
400 3221 483 3250 vm.
1538 3221 1582 3259 43
