2126 3388
962 135 1062 171 1500.
1821 136 1904 180 719

102 255 342 295 faciendum:
386 259 455 294 aut
486 254 761 294 describendae
795 255 887 292 mihi
917 255 1101 305 privatim
1140 255 1223 304 ejus
1258 254 1551 294 observationes
1583 254 1637 308 (id
1670 260 1798 294 autem
1829 267 1906 294 non

106 314 310 362 concedet,
344 319 380 352 et
413 315 568 360 merito,
602 315 664 352 hic
695 315 796 352 enim
828 318 886 352 est
918 313 1002 362 ejus
1033 314 1258 361 thesaurus,
1298 315 1335 351 in
1367 314 1441 352 hoc
1473 319 1595 352 totam
1629 316 1748 353 vitam
1780 318 1817 353 et
1848 319 1906 352 tot

107 385 199 423 opes
232 371 474 423 consumsit),
519 378 586 410 aut
617 385 695 410 una
727 384 812 411 cum
844 374 927 421 ipso
961 373 1214 411 annitendum
1246 371 1296 410 ad
1329 375 1626 411 maturationem
1660 374 1798 424 operis.
1858 373 1907 410 Et

105 432 278 482 profecto
322 431 364 470 C.
399 431 490 478 Mffi,
533 443 632 480 quae
675 431 752 470 tale
791 430 884 480 quid
927 430 1079 468 videtur
1123 431 1249 468 moliri
1291 431 1405 480 quale
1438 431 1663 481 Alphonsus
1695 430 1904 481 quondam,

105 490 282 528 consulto
314 490 480 537 faceret,
523 491 556 526 si
589 491 704 527 etiam
737 501 882 527 morem
917 489 1107 538 Alphonsi
1139 494 1312 528 servaret
1344 494 1382 528 et
1412 489 1510 528 alios
1543 490 1718 540 Tychoni
1761 490 1905 539 adjun-

103 554 232 598 geret,
273 550 402 597 specie
443 547 598 597 quidem
637 553 680 585 ut
721 548 897 598 Tyehoni
940 553 1090 585 tantum
1132 549 1280 597 petenti
1320 560 1464 586 morem
1504 555 1624 597 gerat,
1658 560 1734 598 quo
1776 551 1902 586 minus

103 607 358 646 offenderetur
390 606 566 653 adductis
588 606 750 644 aemulis
783 608 969 655 (quisque
999 618 1176 655 namque
1206 619 1298 644 suos
1327 608 1514 655 patimur
1534 619 1695 653 manes,
1738 608 1904 644 maxime

104 666 369 704 mathematici
403 670 440 702 et
471 671 550 702 tam
583 661 852 718 excellentes),
897 665 964 702 sed
1000 676 1039 702 rc
1072 677 1163 703 vera
1195 670 1237 702 ut
1270 671 1376 703 tanto
1416 666 1557 703 rectius
1589 668 1694 715 operi
1727 666 1906 703 consule-

103 730 206 762 retur
238 730 357 772 utque
390 725 478 770 siut,
514 724 579 772 qui
612 735 768 772 operam
800 723 989 761 collocare
1022 722 1156 762 velint.
1207 723 1306 761 Nam
1330 729 1368 762 et
1389 724 1482 761 mihi
1503 735 1621 772 grave
1643 730 1756 771 esset,
1789 727 1908 762 missa

104 783 244 820 illustri
275 793 477 831 procerum
508 783 762 819 universitate
795 781 843 818 ad
875 783 1072 830 privatum
1104 783 1277 821 transire.
1338 782 1387 819 Et
1420 783 1511 831 quia
1544 783 1580 818 in
1612 782 1710 821 hanc
1740 784 1908 820 mentio-

104 853 192 879 nem
224 840 342 879 incidi
372 839 618 889 publicorum
650 839 877 887 studiorum,
912 839 1110 876 traducam
1142 839 1217 877 huc
1248 839 1438 889 reliquum
1470 852 1697 878 sermonem.
1755 841 1906 879 Etenim

105 901 138 937 si
170 898 266 948 quid
303 898 528 936 humanitus
569 898 747 947 Tychoni
790 899 990 947 contingat
1030 898 1153 947 (quod
1196 910 1312 948 quam
1352 898 1568 936 diutissime
1609 899 1716 937 Deus
1756 905 1907 938 avertat

107 959 207 1007 oro),
242 969 368 1006 neque
400 959 450 995 sit
481 961 606 995 certus
639 957 794 1005 aliquis,
829 958 895 1006 qui
926 956 1062 994 harum
1092 969 1217 994 rerum
1251 968 1381 994 curam
1412 962 1534 1008 gerat,
1565 957 1813 995 metuendum
1836 964 1904 1005 est,

109 1021 152 1054 ut
185 1017 479 1054 observationes
511 1013 645 1065 ιὶγίὀιᾳ
677 1020 745 1053 aut
775 1014 977 1065 πλεονεξιᾳ
1021 1015 1264 1064 quorundam
1304 1016 1605 1054 intervertantur
1645 1022 1713 1053 aut
1754 1018 1908 1065 penitus

109 1079 283 1125 pereant.
345 1074 434 1123 Ipse
468 1075 584 1112 etiam
617 1074 751 1123 Tycho
785 1075 856 1111 etsi
889 1075 1010 1120 vivat,
1043 1079 1173 1112 tamen
1205 1074 1267 1112 hic
1298 1073 1362 1111 vel
1393 1073 1485 1112 alibi
1509 1075 1629 1121 vivat,
1662 1086 1805 1124 susque
1839 1075 1907 1113 de-

109 1145 183 1183 que
214 1133 296 1171 fert.
358 1133 440 1171 Nec
473 1134 573 1170 cuim
606 1131 733 1170 adhue
764 1132 944 1170 exhausit
974 1134 1247 1181 patrimonium
1279 1144 1412 1180 suum,
1447 1138 1484 1171 et
1515 1134 1548 1170 si
1580 1132 1712 1171 videat
1742 1145 1782 1172 se
1815 1145 1909 1171 con—

109 1193 241 1239 temni,
274 1202 350 1229 non
385 1192 515 1240 magni
547 1191 665 1229 saciet
695 1202 839 1228 novam
871 1193 1235 1240 peregrinationem.
1280 1190 1394 1239 Quod
1425 1192 1457 1228 si
1489 1191 1652 1239 accidat,
1685 1193 1751 1229 vix
1772 1193 1912 1241 poterit

107 1251 156 1288 ab
190 1252 344 1288 interitu
377 1249 554 1287 laborum
586 1249 784 1299 Tychonis
817 1250 1035 1298 sejunctum
1067 1262 1173 1298 esse3
1216 1249 1266 1287 ad
1295 1251 1496 1287 minimum
1529 1251 1566 1286 in
1598 1250 1752 1298 longius
1785 1250 1912 1288 adhuc

107 1314 260 1359 tempus
295 1308 515 1347 differentur
548 1308 631 1356 ejus
665 1308 866 1346 editiones.
928 1308 1066 1357 Itaque
1099 1308 1317 1346 consultum
1352 1313 1409 1345 est
1441 1310 1556 1346 etiam
1591 1308 1632 1347 C.
1666 1306 1734 1345 Mi⁵³
1765 1320 1912 1358 propo-

107 1369 181 1406 sito
216 1369 254 1404 in
285 1366 472 1406 faciendis
505 1367 697 1404 sumtibus
731 1371 767 1404 et
798 1368 872 1415 ipsi
905 1366 1081 1416 Tychoni
1116 1367 1277 1416 ejusque
1307 1367 1452 1415 famae,
1487 1372 1529 1404 ut
1560 1372 1797 1405 maturentur
1828 1368 1912 1416 ejus

109 1438 239 1476 opera.
303 1425 396 1463 Jam
427 1430 469 1462 ut
502 1437 524 1462 a
555 1425 713 1474 publica
743 1425 944 1463 literatura
975 1425 1025 1463 ad
1056 1437 1182 1464 meam
1214 1437 1418 1475 personam
1452 1425 1626 1472 redeam,
1670 1427 1703 1463 si
1734 1438 1912 1464 maneam

109 1486 149 1522 in
181 1484 383 1531 Bohemia,
416 1483 529 1521 facile
562 1486 708 1522 interea
740 1483 885 1522 discere
916 1490 1065 1533 potero,
1099 1496 1147 1521 an
1180 1485 1309 1533 gravis
1342 1486 1413 1522 sim
1437 1482 1644 1522 Ordinibus
1675 1486 1911 1533 provinciae.

107 1542 161 1582 Ut
192 1543 232 1581 id
265 1544 449 1592 suspicer,
482 1542 629 1580 faciunt
660 1542 900 1591 quorundam
933 1555 980 1581 ex
1011 1542 1242 1581 Proceribus
1274 1555 1481 1590 sermones,
1516 1554 1613 1591 quos
1646 1544 1682 1579 in
1714 1555 1839 1580 meam
1862 1555 1911 1580 an

108 1614 203 1640 suae
235 1601 347 1651 Reip.
381 1601 589 1639 utilitatem
623 1600 791 1650 dirigant
821 1602 965 1640 nescio.
1029 1600 1245 1640 Consulunt
1277 1603 1395 1649 enim,
1435 1607 1476 1639 ut
1507 1601 1721 1639 medicinae
1754 1613 1910 1650 operam

110 1661 195 1699 dem
216 1672 343 1710 neque
366 1664 552 1709 perpetuo
577 1662 837 1698 astronomiae
860 1659 1114 1708 indormiam3
1148 1664 1257 1709 turpe
1280 1662 1379 1698 enim
1404 1672 1501 1707 esse,
1534 1659 1629 1697 nihil
1653 1660 1750 1698 adeo
1772 1660 1909 1709 Remp.

103 1720 255 1768 juvare,
290 1731 375 1757 cum
407 1720 604 1768 ingenium
636 1719 731 1756 mihi
761 1730 837 1756 non
871 1718 981 1757 desit.
1021 1718 1110 1757 Hoc
1142 1731 1232 1768 ergo
1264 1724 1322 1757 est
1343 1731 1461 1756 unum
1485 1723 1600 1768 caput
1621 1718 1911 1756 deliberationis

109 1790 231 1825 meae,
264 1778 302 1814 in
336 1790 413 1826 quo
446 1789 581 1826 parum
614 1782 690 1824 est,
733 1778 836 1826 quod
878 1789 937 1815 me
981 1779 1186 1827 quominus
1230 1778 1409 1816 absolute
1450 1777 1652 1816 decernam
1687 1782 1909 1826 remoretur,

108 1837 214 1887 quod
246 1835 401 1885 quidem
432 1837 471 1872 in
503 1836 755 1885 sequentibus
786 1837 948 1885 patebit.

249 1895 345 1932 Cum
379 1896 480 1932 enim
511 1894 584 1932 hoc
614 1894 708 1931 mihi
740 1906 892 1944 semper
923 1897 972 1932 sit
1004 1896 1126 1944 primo
1159 1894 1244 1932 loeo
1277 1895 1459 1944 positum,
1492 1899 1535 1932 ut
1566 1894 1662 1932 haec
1693 1906 1801 1932 mora
1824 1906 1910 1933 mea

107 1953 174 1991 fiat
207 1965 292 1991 cum
325 1965 515 1992 consensu
547 1954 797 2002 magistratus
829 1955 916 2001 mei,
949 1955 1157 2003 quaeritur,
1191 1953 1386 2002 quomodo
1417 1955 1449 1991 is
1473 1965 1683 1991 consensus
1714 1955 1764 1991 sit
1785 1955 1909 2002 impe-

109 2012 280 2050 trandus.
343 2011 381 2050 S.
416 2011 456 2049 C.
488 2011 556 2049 Mis
589 2013 819 2050 auctoritate
851 2013 884 2050 si
916 2012 953 2049 id
986 2011 1064 2060 fiat,
1099 2024 1145 2050 ea
1178 2012 1333 2061 quidem
1365 2024 1405 2049 re
1429 2024 1470 2049 os
1503 2012 1747 2049 obturabitur
1777 2023 1908 2049 socero

107 2082 207 2118 meo,
240 2071 307 2120 qui
341 2071 552 2108 contemtui
586 2070 700 2118 ducit,
735 2072 790 2108 sic
822 2082 868 2108 ex
891 2071 1021 2120 Styria
1052 2082 1136 2108 eum
1161 2082 1292 2119 uxore,
1325 2070 1408 2109 filia
1442 2082 1524 2117 sua,
1559 2070 1766 2117 discedere,
1799 2071 1910 2119 quasi

103 2141 162 2167 me
195 2129 326 2178 ejiciat
359 2130 510 2178 inopia,
554 2130 724 2166 omnium
756 2129 832 2167 hoc
873 2133 1045 2178 tempore
1086 2129 1273 2167 scelerum
1314 2131 1576 2178 turpissimum
1610 2134 1647 2166 et
1678 2130 1910 2167 nocentissi-

104 2200 223 2229 mum.
284 2187 362 2226 Sed
394 2192 432 2225 et
462 2188 689 2236 gravabitur
719 2188 757 2224 in
789 2189 992 2236 privignae
1023 2199 1133 2225 meae
1166 2188 1293 2237 (cujus
1325 2188 1512 2225 bonoru'm
1550 2192 1653 2225 tutor
1685 2192 1764 2235 est,
1808 2199 1907 2236 qua—

106 2259 180 2295 que
213 2257 310 2284 uxor
340 2258 427 2284 mea
459 2257 586 2284 carere
617 2245 703 2284 loco
735 2247 959 2295 praesertim
993 2247 1196 2296 peregrino
1226 2258 1303 2284 non
1326 2246 1428 2294 vult)
1462 2248 1532 2283 iter
1563 2247 1798 2293 consentire,
1832 2247 1906 2282 nisi

102 2306 333 2343 auctoritate
373 2304 506 2353 aliqua
544 2306 739 2342 muniatur
779 2304 853 2343 hoc
896 2306 980 2343 iter.
1044 2305 1153 2343 Vivit
1192 2306 1292 2343 enim
1333 2305 1430 2342 liber
1472 2315 1542 2342 nec
1581 2305 1655 2342 nisi
1688 2304 1906 2353 Principem

103 2365 281 2413 agnoscit
313 2364 550 2412 superiorem
581 2374 691 2401 socer
722 2375 831 2401 meus
862 2363 1058 2412 habetque
1091 2364 1193 2401 bona
1222 2362 1497 2413 provincialia,
1541 2367 1577 2401 et
1608 2364 1787 2412 privigna
1820 2374 1906 2400 mea

106 2427 163 2460 est
193 2422 265 2460 sub
294 2421 565 2470 jurisdictione
598 2421 738 2460 aulica.

243 2479 386 2518 Contra
416 2481 481 2518 vix
514 2479 667 2518 videtur
699 2481 895 2529 impetrari
925 2491 1040 2530 posse
1072 2492 1095 2518 a
1127 2479 1166 2521 S.
1189 2479 1231 2520 C.
1254 2479 1336 2527 M‘e,
1369 2485 1411 2518 ut
1441 2481 1564 2530 ipsius
1595 2480 1751 2518 nomine
1773 2479 1904 2527 potius

103 2537 153 2577 ad
186 2537 351 2576 Ordines
383 2539 583 2586 scribatur,
618 2550 734 2587 quarn
767 2538 816 2577 ad
847 2538 1078 2588 Principem.
1140 2539 1193 2576 At
1224 2539 1395 2587 Principi
1426 2540 1459 2576 si
1490 2550 1633 2576 morem
1666 2538 1728 2574 hic
1760 2548 1903 2585 geram,

103 2600 170 2635 aut
200 2598 232 2634 si
264 2608 331 2645 per
360 2596 464 2634 illius
497 2599 767 2635 auctoritatem
799 2609 925 2646 agam,
958 2596 1145 2634 invidiam
1178 2598 1215 2633 in
1246 2609 1307 2635 me
1330 2598 1533 2634 concitabo
1557 2597 1777 2635 Procerum.
1830 2594 1905 2631 At·-

103 2667 178 2704 que
211 2656 327 2693 etiam
367 2655 443 2703 ipsi
474 2654 658 2693 Proeeres
696 2656 825 2693 nescio
866 2666 942 2704 quo
981 2657 1108 2692 animo
1151 2656 1227 2692 sint
1267 2656 1463 2704 excepturi
1506 2655 1635 2692 literas
1677 2653 1903 2690 Caesareas.

102 2713 202 2751 Nam
233 2724 309 2750 non
343 2713 498 2750 venient
531 2718 692 2760 oratum,
727 2713 795 2751 sed
827 2718 937 2751 erunt
967 2715 1133 2763 scriptae
1165 2714 1420 2763 imperatorie.
1472 2713 1572 2750 Tum
1605 2713 1690 2760 quis
1722 2723 1782 2748 me
1805 2710 1906 2748 Cae-

104 2773 180 2810 sari
221 2770 538 2810 commendabit?
590 2771 756 2820 Tycho‘?
810 2771 861 2807 At
891 2771 1022 2807 malim
1054 2772 1102 2809 ab
1135 2771 1233 2818 alio,
1275 2783 1363 2808 nam
1394 2770 1547 2808 videtur
1578 2772 1659 2819 ipse
1698 2780 1774 2806 non
1811 2770 1904 2806 satis

106 2830 284 2868 omnibus
316 2830 457 2878 quibus
488 2840 645 2867 necesse
678 2833 736 2866 est
767 2829 1056 2866 commendatus
1089 2840 1186 2867 esse.
1238 2828 1299 2866 An
1331 2840 1402 2877 ego
1435 2832 1564 2877 petam
1588 2827 1735 2875 aliquid
1758 2839 1781 2864 a
1804 2827 1905 2865 Cac-

107 2888 224 2927 sare‘?
274 2888 426 2937 Religio
460 2887 552 2924 mihi
585 2892 663 2934 est3
697 2898 780 2924 sum
813 2888 914 2924 enim
947 2887 1155 2924 obstrictus
1176 2886 1439 2936 Styrensibus.
1491 2884 1543 2924 Ut
1575 2890 1703 2923 autem
1736 2885 1785 2922 ab
1818 2885 1904 2923 aliis

109 2948 263 2997 proprio
295 2951 402 2984 motu
435 2945 689 2992 commender,
722 2945 761 2981 id
792 2949 923 2993 petere
956 2945 1172 2993 arrogantis
1204 2948 1274 2984 est.

246 3004 324 3043 Sed
354 3016 479 3054 neque
511 3005 592 3053 ipse
622 3005 716 3041 satis
748 3003 913 3041 honesta
946 3004 1118 3040 oratione
1150 3001 1199 3040 ad
1222 3002 1270 3040 D.
1294 3002 1478 3040 Proceres
1500 3001 1651 3052 Styriae
1674 3003 1729 3039 uti
1755 3006 1903 3051 potero,

107 3069 151 3100 ut
179 3062 279 3101 hanc
310 3074 457 3101 moram
489 3064 701 3112 impetrem.
761 3061 973 3109 Putabunt,
1005 3073 1065 3098 me
1094 3072 1155 3098 res
1185 3061 1358 3110 privatas
1390 3071 1523 3110 agere,
1556 3061 1704 3098 lucrum
1737 3065 1903 3111 captare,

109 3120 214 3171 quod
244 3121 401 3171 quidem
432 3133 543 3161 secus
576 3126 652 3171 est,
696 3131 840 3170 quaero
872 3121 972 3159 enim
1004 3119 1207 3169 salarium,
1253 3118 1357 3169 quod
1387 3120 1436 3158 ab
1469 3120 1563 3170 ipsis
1595 3118 1743 3168 habeo,
1787 3131 1904 3170 quam
