2157 3398
261 132 343 176 61ss
671 129 906 165 Summarium
931 128 1111 164 Historiae
1136 129 1387 165 Astronomiae
1411 129 1534 166 seculo
1557 130 1653 168 XVI.

261 247 379 282 attolli
404 247 586 282 debuisset
610 245 699 280 haec
725 244 850 289 stella,
884 250 1076 288 antequam
1100 249 1241 279 retenta
1267 255 1333 280 sua
1356 245 1535 289 primitiva
1569 246 1812 288 magnitudine
1842 257 1907 291 per
1931 246 2044 282 solam

262 306 523 349 elongationem
549 304 592 339 ab
619 307 767 346 aspectu
792 307 912 337 nostro
938 312 1084 346 prorsus
1118 303 1370 337 evanesceret?
1414 303 1517 337 Certe
1547 307 1728 346 oporteret
1754 303 1851 338 illam
1876 304 1922 339 ad
1946 303 2045 338 mini-

263 374 359 397 mum
385 362 521 397 3oooeo
547 360 671 394 semid.
699 359 830 394 Terrae
856 360 936 404 plus
962 370 983 393 a
1009 360 1090 404 situ,
1117 370 1220 403 quem
1239 361 1282 395 ab
1300 361 1399 395 initio
1419 361 1583 402 obtinuit,
1610 361 1826 406 ascendisse,
1853 366 2045 406 antequam

260 423 374 457 instar
399 420 526 455 stellae
552 419 610 452 VI.
637 418 890 460 magnitudinis
910 417 1185 461 conspiceretur,
1221 419 1257 454 id
1283 424 1337 454 est
1361 418 1441 462 plus
1467 430 1573 463 quam
1597 419 1705 454 vicies
1732 419 1827 454 ultra
1852 425 2046 455 assumtam

262 485 411 514 octavae
443 478 616 521 sphaerae
647 475 950 510 semidiametrum
990 480 1025 509 et
1056 475 1173 510 adhuc
1209 476 1320 510 multo
1345 477 1471 519 altius,
1504 476 1532 510 si
1559 486 1697 511 omnem
1723 476 1908 511 oculorum
1933 477 2046 512 aciem

262 537 447 579 effugeret,
497 536 638 569 Certum
662 534 805 578 quidem
831 538 900 574 est,
937 543 1038 567 omne
1063 533 1200 568 visibile
1235 534 1272 568 in
1298 545 1339 568 ea
1365 535 1535 569 constitui
1559 545 1666 579 posse
1692 545 1712 568 a
1736 535 1840 570 nobis
1867 535 2044 579 distantia,

266 600 304 629 ut
335 595 498 629 sensibus
525 593 710 628 oculorum
733 592 988 636 comprehendi
1014 596 1180 635 nequeat,
1208 597 1366 627 attamen
1391 604 1462 627 non
1488 595 1532 629 ob
1558 593 1594 628 id
1611 593 1755 627 nimium
1773 593 1894 628 licebit
1916 593 1952 627 in
1971 604 2046 628 cor-

260 653 408 698 poribus
433 651 555 685 mundi
583 651 761 686 sensibilis
789 649 1020 694 disponendis
1040 650 1192 694 evagari,
1219 651 1516 694 quemadmodum
1539 652 1758 695 Copernicus
1777 651 1870 686 circa
1894 651 2046 685 fixarum

261 712 444 746 stellarum
468 711 676 745 immensam
702 721 806 754 quam
839 709 981 744 admisit
1008 709 1213 743 distantiam
1239 709 1431 753 deliquisse
1456 709 1607 744 videtur.
1647 709 1794 744 Modum
1821 708 1913 742 enim
1937 718 2046 752 quen-

261 768 341 803 dam
366 774 401 803 et
425 768 693 812 proportionem
718 770 754 802 in
779 768 834 802 his
860 777 1001 802 servare
1033 767 1146 807 decet,
1170 777 1214 801 ne
1240 768 1275 802 in
1299 767 1477 802 infinitum
1501 777 1558 802 res
1584 766 1812 801 devolvatur‘⁴
1841 772 1909 801 etc.

402 828 495 862 Hinc
519 828 648 861 transit
674 827 797 872 Tycho
824 826 860 860 in
878 826 1219 870 Progymnasmatis,
1247 837 1291 861 ex
1316 826 1445 871 quibus
1471 825 1669 869 praemissa
1694 825 1857 860 desumta
1881 829 1975 869 sunt,
2001 826 2047 860 ad

266 885 532 929 dijudicandam
558 886 734 920 variorum
761 885 975 929 scriptorum
1007 884 1051 918 de
1077 885 1183 919 stella
1214 895 1304 919 nova
1331 884 1557 924 sententiam,
1591 884 1656 918 1103
1687 883 1820 927 primos
1844 893 2046 929 recensens,

263 944 325 988 qui
357 955 435 978 cum
471 944 549 988 ipso
583 944 846 978 consentientes
881 953 957 977 eam
992 942 1027 976 in
1060 942 1233 977 altissimo
1265 942 1416 977 fixarum
1449 943 1534 977 orbe
1565 945 1815 986 reposuerunt.
1864 942 1912 976 Hi
1945 946 2045 977 sunt:

262 1000 553 1042 Guilielmus,
591 1001 744 1035 Hassiae
779 1001 1025 1044 Landgravius
1057 1004 1126 1040 (cfr.
1160 1002 1223 1033 vol.
1251 1003 1275 1032 Ι.
1306 1013 1339 1043 p.
1369 1005 1463 1046 196),
1504 1000 1779 1035 Thaddaeus
1817 1000 2047 1047 Hagecius

263 1059 457 1102 Bohemus‚
485 1059 589 1093 aulae
614 1058 864 1102 imperatoriae
886 1059 1047 1093 medicus
1073 1062 1148 1098 (vol.
1169 1062 1243 1095 VII,
1262 1063 1339 1095 246.
1358 1063 1448 1101 266),
1473 1058 1639 1093 Paulus
1664 1058 1934 1102 Fabricius,
1961 1069 2044 1102 pro·

260 1117 375 1151 fessor
400 1117 603 1151 matheseos
628 1117 789 1150 Viennae
815 1122 851 1151 et
875 1117 1032 1151 medicus
1060 1118 1256 1152 Caesareus
1291 1121 1344 1157 (ΙΙ.
1371 1122 1448 1161 316,
1474 1121 1570 1159 423),
1606 1117 1801 1152 Annibal
1835 1116 2044 1152 Raimun-

262 1175 356 1216 dus,
391 1174 626 1210 Cornelius
653 1173 992 1218 Frangipanus,
1024 1174 1410 1210 Bartholomaeus
1436 1175 1766 1218 Reisacherus,
1798 1185 1948 1219 quorum
1975 1179 2048 1209 tres

264 1233 377 1267 ultimi
394 1232 532 1267 stellam
559 1242 637 1266 esse
662 1231 883 1267 undecimam
902 1232 1116 1276 Cassiopeae
1143 1232 1174 1275 (ν.
1192 1233 1331 1277 Bayeri)
1356 1233 1600 1268 demonstrare
1626 1236 1816 1276 conantur3
1843 1232 2051 1267 Michael

262 1291 550 1334 Maestlinus,
569 1291 713 1335 Kepleri
731 1295 953 1335 praeceptor,
971 1290 1144 1324 Paulus
1163 1291 1444 1334 Hainzelius,
1467 1291 1712 1326 Cornelius
1730 1290 1905 1325 Gemma
1923 1292 1971 1335 (v.
1991 1291 2051 1334 s.).

267 1349 469 1384 Secundum
501 1349 659 1384 ordinem
704 1354 827 1383 tenent
857 1349 896 1388 ii,
933 1349 994 1393 qui
1027 1348 1155 1383 stellae
1192 1349 1347 1393 aliquam
1387 1349 1590 1393 parallaxin
1626 1349 1845 1394 tribuerunt,
1883 1349 1946 1384 sed
1977 1361 2050 1384 non

263 1411 419 1450 tantam,
456 1412 495 1441 ut
530 1407 613 1441 hinc
649 1407 852 1442 sublunaris
884 1407 1004 1441 fieret:
1045 1408 1280 1451 Casparus
1316 1408 1505 1452 Peucer,
1545 1408 1748 1442 ‚Joannes
1782 1408 2049 1443 Praetorius

265 1464 490 1508 Vitebergae,
515 1468 642 1508 postea
668 1464 795 1499 Altorfi
820 1466 1012 1509 professor,
1038 1465 1282 1509 Philippus
1308 1467 1509 1510 Apianus
1537 1466 1650 1511 (Prof.
1677 1466 1928 1511 Tubingensis,
1953 1467 2048 1501 filius

266 1520 390 1563 Petri),
416 1522 474 1564 qui
500 1522 640 1557 stellam
667 1528 848 1563 „cometae
876 1524 1053 1566 quandam
1080 1524 1258 1567 speciem“
1286 1524 1388 1568 dicit,
1422 1525 1612 1559 Thomas
1637 1524 1885 1569 Diggesius
1911 1525 2050 1570 Anglus

268 1577 373 1621 (Alae
406 1587 468 1611 seu
500 1580 614 1614 scalae
645 1581 952 1625 mathematicae),
986 1581 1108 1616 Elias
1144 1583 1452 1625 Camerarius,
1494 1583 1530 1617 in
1563 1582 1745 1618 academia
1776 1582 2051 1618 Francofurtina

267 1635 313 1669 ad
338 1635 507 1668 viadrum
530 1636 725 1680 professor,
751 1639 960 1673 Erasmus
986 1639 1275 1674 Reinholdus
1301 1640 1431 1683 (filius)
1458 1640 1617 1675 medicus
1643 1639 1891 1676 Salfeldensis.
1931 1641 2050 1676 Tertio

267 1692 342 1726 adit
369 1693 490 1737 Tycho
517 1703 589 1734 eOS,
616 1694 700 1737 „qui
724 1694 811 1729 nihil
837 1696 941 1731 solidi
969 1698 1011 1733 de
1036 1698 1103 1733 hac
1130 1699 1235 1733 stella
1260 1698 1296 1733 in
1321 1699 1476 1733 medium
1502 1699 1729 1743 protulerunt
1759 1699 1890 1743 quique
1921 1700 2051 1743 partim

267 1760 338 1785 non
363 1750 474 1784 fuisse
499 1760 625 1783 novam
652 1752 931 1797 contendebant,
966 1757 1095 1799 partim
1129 1762 1301 1792 cometam
1337 1758 1531 1801 quendam,
1564 1762 1734 1802 tanquam
1758 1763 1942 1792 meteoron
1969 1757 2050 1792 sub-

266 1808 390 1842 lunare
415 1806 497 1840 hinc
524 1806 777 1843 effinxerunt⁴⁴:
815 1810 1089 1854 Cyprianum
1122 1815 1396 1859 Leovitium,
1428 1815 1639 1850 Davidem
1671 1815 1947 1860 Chytraeum
1979 1816 2050 1851 Ro-

269 1864 506 1900 stochiensem
543 1864 800 1908 professorem,
838 1869 1054 1906 Andream
1093 1872 1325 1907 Nolthium
1358 1873 1657 1917 Embeccensem‚
1695 1873 1933 1918 Georgium
1968 1874 2050 1909 Bu·

269 1923 442 1957 schium
468 1922 746 1967 Erfurdensem,
781 1924 1066 1963 Theodorum
1094 1931 1417 1974 Graminaeum,
1455 1930 1624 1966 Coloniae
1649 1931 1889 1974 professorem
1913 1932 2049 1966 mathe-

269 1981 449 2024 maticum,
476 1981 685 2015 Adamum
712 1982 918 2016 Ursinum
936 1986 1248 2032 Noribergensem,
1275 1988 1497 2023 Andream
1523 1988 1693 2032 Rosam,
1720 1989 1897 2023 medicum
1923 1989 2046 2035 Sving-

270 2039 486 2082 fardensem,
512 2039 598 2073 Leo
613 2039 669 2073 nh
683 2041 833 2074 ardum
860 2042 951 2076 Thu
964 2053 1010 2075 rn
1025 2045 1225 2080 eiserum.

407 2098 543 2131 Horum
567 2098 720 2132 virorum
747 2100 932 2133 sententiis
957 2101 1168 2137 examinatis
1194 2103 1316 2147 Tycho
1342 2103 1378 2137 in
1403 2103 1473 2138 fine
1499 2104 1616 2147 operis
1643 2115 1745 2139 suam
1770 2105 1812 2138 de
1838 2108 1929 2139 nova
1947 2106 2050 2141 stella

272 2157 485 2191 sententiam
516 2155 662 2199 repetit,
695 2155 847 2190 addens:
887 2157 944 2196 „si
970 2157 1029 2201 qui
1055 2164 1239 2201 praeterea
1264 2161 1395 2196 inventi
1427 2166 1528 2205 sunt,
1563 2162 1606 2196 dc
1639 2163 1706 2197 hac
1739 2163 1844 2198 stella
1874 2168 1947 2198 tam
1971 2175 2050 2208 per-

272 2215 375 2248 fricta
400 2213 516 2247 fronte
543 2213 678 2248 absona
704 2218 740 2248 et
765 2215 808 2248 ab
835 2215 929 2248 omni
955 2216 1174 2259 experientia
1200 2218 1315 2252 aliena
1340 2225 1534 2262 nugantes,
1561 2220 1683 2264 quales
1709 2221 1853 2256 suerunt
1876 2222 2050 2266 nonnulli,

271 2273 331 2317 qui
356 2276 489 2306 motum
514 2272 737 2307 titubationis
765 2273 858 2315 (vere
887 2273 1023 2317 judicio
1059 2279 1166 2318 atque
1203 2276 1312 2308 oculis
1339 2276 1547 2322 titubantes)
1575 2283 1609 2312 et
1634 2280 1754 2314 nescio
1782 2291 1872 2323 quae
1898 2281 1968 2315 alia
1993 2292 2050 2316 ac-

271 2330 426 2366 cidentia
452 2329 483 2363 ei
509 2328 734 2372 affinxerunt,
761 2330 826 2364 hos
855 2331 1036 2376 sigillatim
1064 2342 1269 2367 enumerare
1297 2338 1403 2376 atque
1430 2334 1568 2369 illorum
1595 2337 1698 2372 nimis
1731 2339 1886 2373 insulsos
1913 2350 2051 2374 errores

275 2389 441 2432 detegere
467 2393 501 2421 et
526 2393 649 2421 taxare
675 2400 743 2422 non
772 2388 862 2423 duco
889 2400 1017 2433 operae
1047 2391 1198 2434 pretium
1203 2417 1325 2426 .....
1384 2392 1532 2427 Restare
1557 2395 1722 2429 videntur
1747 2396 1849 2430 binae
1875 2398 2050 2441 quaestio-

271 2457 355 2490 nes,
382 2446 494 2480 altera
520 2446 562 2479 (le
587 2445 699 2489 ipsius
726 2446 849 2480 stellae
875 2447 1021 2481 materia
1049 2458 1089 2481 ac
1113 2449 1376 2491 procreatione,
1415 2449 1527 2486 altera
1553 2453 1785 2498 astrologica,
1823 2454 1866 2489 de
1891 2456 2050 2499 ejusdem

273 2504 409 2539 effectis
436 2508 471 2538 et
496 2504 828 2548 significationibus.
868 2505 920 2538 De
947 2506 1002 2539 his
1024 2506 1129 2548 juxta
1155 2511 1312 2541 nostram
1330 2508 1613 2544 aestimationem
1630 2511 1820 2556 proferam,
1846 2512 1914 2547 hac
1931 2517 2050 2547 tamen

272 2561 532 2607 protestatione
558 2562 769 2605 praemissa,
805 2563 899 2607 quod
924 2563 1181 2607 conjecturalia
1206 2565 1427 2599 solummodo
1454 2571 1489 2601 et
1514 2578 1532 2601 e
1557 2569 1734 2611 probabili
1758 2571 2051 2606 versimilitudine

273 2620 380 2654 allata
405 2620 488 2654 sint.
536 2620 723 2654 Materiam
748 2621 854 2664 hujus
878 2621 1006 2655 stellae
1033 2621 1195 2655 existimo
1228 2622 1369 2657 omnino
1401 2624 1593 2660 coelestem
1623 2625 1753 2671 fuisse,
1790 2639 1811 2662 a
1835 2629 2051 2672 reliquarum

274 2677 456 2712 stellarum
481 2678 630 2712 materia
653 2689 724 2712 non
751 2679 1022 2723 discrepantem.
1063 2681 1194 2714 Verum
1219 2681 1253 2714 in
1279 2681 1348 2715 hoc
1369 2681 1495 2715 saltem
1513 2683 1751 2719 diversitatem
1777 2686 1928 2730 admisit,
1955 2687 2051 2730 quod

274 2736 319 2768 ad
344 2739 479 2769 tantam
504 2736 769 2780 perfectionem,
797 2743 931 2780 quanta
954 2738 990 2771 in
1016 2739 1232 2782 perennibus
1259 2738 1371 2773 stellis
1397 2740 1528 2784 existit,
1555 2741 1712 2776 exaltata
1728 2753 1798 2777 non
1815 2742 1930 2778 fuerat
1954 2744 2050 2779 ideo-

276 2803 343 2835 que
370 2792 473 2827 etiam
498 2799 536 2828 ut
562 2794 629 2828 hae
663 2800 838 2838 perpetuo
870 2796 998 2831 durare
1028 2808 1099 2831 non
1137 2797 1353 2839 sustinebat,
1384 2799 1446 2833 sed
1473 2799 1697 2833 dissolutioni
1731 2800 1884 2834 obnoxia
1917 2801 2050 2837 redde-

276 2850 392 2884 batur.
440 2851 591 2885 Materia
618 2853 783 2888 coelestis
809 2865 874 2898 pro
900 2855 975 2898 ejus
994 2856 1202 2900 compagine
1226 2856 1261 2889 in
1287 2856 1387 2891 coelo
1414 2856 1552 2890 obviam
1576 2855 1656 2892 fuit.
1688 2856 1769 2890 Etsi
1795 2857 1886 2891 enim
1913 2859 2051 2893 coelum

276 2906 517 2943 tenuissimum
545 2910 628 2952 quid
654 2916 688 2944 et
713 2912 825 2946 motui
849 2912 1005 2947 siderum
1030 2914 1202 2957 pervium,
1229 2924 1376 2958 prorsus
1411 2918 1530 2948 tamen
1554 2914 1802 2957 incorporeum
1827 2925 2051 2961 nequaquam

278 2964 410 2999 existit.
456 2966 555 2999 Haec
579 2968 726 3002 materia
751 2970 914 3014 nuspiam
946 2971 1126 3014 copiosius
1152 2977 1187 3005 et
1211 2972 1351 3015 plenius
1386 2972 1561 3016 suppetit,
1597 2982 1702 3015 quam
1733 2971 1840 3016 juxta
1864 2973 1954 3008 viam
1978 2975 2049 3009 lac-

275 3027 382 3066 team,
407 3034 509 3066 quam
536 3027 770 3061 substantiam
791 3028 967 3072 quandam
987 3029 1191 3075 coelestem,
1217 3042 1238 3064 a
1263 3030 1412 3066 materia
1436 3030 1652 3074 reliquarum
1677 3030 1861 3065 stellarum
1885 3042 1956 3067 non
1981 3032 2050 3067 dis-

279 3082 498 3128 crepantem,
534 3082 598 3119 sed
629 3082 792 3121 diffusam
827 3085 1004 3131 certisque
1039 3087 1126 3123 locis
1159 3098 1373 3133 expansam,
1409 3098 1480 3124 non
1511 3088 1548 3125 in
1572 3099 1682 3127 unum
1706 3099 1836 3136 corpus
1869 3090 2049 3128 discretim
