2126 3388
244 165 327 211 706
914 164 998 200 Vita
1023 162 1176 199 Joannis
1201 163 1359 209 Kepleri.

377 282 431 316 De
448 289 605 324 munere,
632 278 728 322 quod
752 289 861 325 supra
886 279 972 315 dicit
987 279 1178 325 Keplerus,
1203 279 1271 315 sibi
1294 279 1502 315 transmisso
1519 277 1733 313 Maestlinus
1758 279 1892 322 gratias
1917 280 2025 323 agens

243 339 277 375 d.
303 339 359 375 22.
386 338 520 383 Aprilis
546 337 590 371 de
614 341 727 372 matre
750 338 899 382 Kepleri
922 337 1050 379 refert,
1084 339 1183 373 illam
1207 338 1264 373 die
1288 339 1345 374 17.
1368 336 1502 382 Aprilis
1528 336 1716 380 Leoberga
1740 336 1786 371 ad
1811 346 1850 371 se
1875 337 2026 379 venisse,

248 402 467 440 „matronam
492 395 549 430 vel
575 395 718 430 viduam
742 396 972 440 piissimam.“
1024 397 1251 440 Quaesivisse
1281 403 1431 433 matrem
1457 397 1500 431 de
1525 397 1687 441 pecunia,
1715 408 1822 441 quam
1847 397 2024 442 Keplerus

241 455 432 491 Maestlino
459 453 596 498 debeat,
624 457 660 488 et
681 456 837 499 neganti,
864 454 1060 500 Keplerum
1085 466 1242 500 unquam
1266 466 1348 492 aere
1365 455 1480 490 alieno
1507 454 1574 489 sibi
1597 454 1808 489 obstrictum
1826 454 1945 499 fuisse,
1971 465 2025 489 re-

242 513 440 558 spondisse,
466 521 504 546 se
528 512 565 546 in
590 521 632 546 ea
655 514 888 556 persuasione
913 513 1036 556 fuisse,
1061 517 1103 548 ac
1128 515 1158 548 si
1181 514 1359 558 Keplerus
1384 513 1575 548 Maestlino
1602 512 1670 548 200
1695 512 1850 548 florenos
1876 513 2024 548 deberet

240 574 347 613 atque
364 579 403 604 se
420 572 567 613 propter
584 568 732 604 dilatam
751 570 976 614 solutionem,
1005 582 1111 616 quam
1136 572 1200 607 filii
1218 572 1361 606 nomine
1386 575 1573 616 praestare
1592 569 1786 614 debuisset,
1811 571 1904 606 male
1929 570 2027 606 audi-

239 632 355 662 turam
381 636 469 661 esse.
520 627 599 669 „Ex
625 637 694 670 quo
721 627 1003 663 animadvertere
1028 629 1190 674 videbar,
1227 630 1329 674 quasi
1354 629 1398 664 ob
1425 629 1534 664 alium
1559 628 1714 672 aliquem
1738 628 1846 662 finem
1871 628 1968 663 istud
1994 629 2025 663 ei

238 684 477 729 persuaseris.
525 684 659 719 Postea
682 685 836 729 protulit
861 687 1113 723 candelabrum
1136 688 1203 723 tibi
1227 687 1439 722 mittendum
1465 692 1572 731 atque
1599 686 1798 721 numeravit
1823 687 1908 730 hos,
1934 697 2024 730 quos

237 742 394 778 inclusos
428 742 606 787 invenies,
643 744 682 778 15
717 742 872 779 florenos
877 772 1004 781 .....
1053 747 1191 791 Rogavi
1224 756 1318 790 eam,
1351 751 1390 780 ut
1415 746 1511 790 apud
1534 755 1591 779 me
1623 748 1848 789 permaneret
1879 744 2024 782 diutius,

237 800 449 844 praesertim
469 800 516 835 ad
532 801 732 845 prandium.
771 801 841 836 Sed
859 803 1051 838 maturavit
1068 804 1222 839 reditum
1234 817 1242 849 3
1269 804 1557 847 inauguravimus
1576 807 1694 837 tamen
1712 803 1892 848 poculum,
1918 807 2025 846 prout

235 857 315 902 ipsa
340 857 478 893 scilicet
501 857 626 893 bibula
651 861 739 894 est.“

378 915 436 950 Ad
460 915 551 951 haec
575 917 762 961 respondit
786 917 931 962 Keple
943 929 1017 954 rus
1045 920 1078 955 d.
1103 919 1158 955 29.
1185 919 1356 964 Augusti,
1382 919 1616 964 praemittens
1642 918 1874 963 astrologica,
1900 919 2025 953 nativi-

237 977 330 1008 tates
358 983 569 1018 comparans
594 974 747 1010 filiarum
780 977 904 1012 eodem
930 977 1004 1012 fere
1029 983 1191 1022 tempore
1216 981 1397 1012 natarum:
1433 975 1588 1012 Mortua
1627 980 1684 1012 cst
1719 974 1799 1012 filia
1829 986 1916 1012 mea
1946 974 2024 1012 Su-

236 1041 358 1068 sanna
389 1034 628 1078 apostemate
660 1032 810 1080 capitis.
861 1032 986 1080 Quam
1017 1033 1048 1070 si
1080 1034 1188 1071 brevi
1219 1039 1328 1082 pater
1358 1039 1553 1081 sequatur,
1592 1032 1687 1069 nihil
1719 1032 1776 1069 illi
1806 1034 2022 1082 inopinanti

235 1086 397 1125 accidet.
459 1087 555 1125 Cum
587 1090 687 1126 enim
717 1091 862 1139 passim
893 1093 931 1127 in
955 1089 1126 1140 Ungaria
1157 1103 1288 1129 cruces
1319 1093 1554 1140 sanguineae
1587 1092 1625 1127 in
1655 1090 1854 1128 bominum
1886 1102 2025 1140 corpo-

235 1145 340 1183 ribus
374 1149 444 1183 etc.
476 1152 701 1195 appareant,
734 1149 879 1196 primus
912 1160 983 1197 ego
1015 1151 1053 1185 in
1085 1149 1158 1187 hac
1189 1150 1305 1196 urbe,
1339 1149 1441 1198 quod
1472 1151 1604 1196 sciam,
1638 1149 1869 1186 cruciculam
1899 1150 1938 1185 in
1970 1150 2026 1186 si-

232 1204 352 1241 nistro
382 1202 480 1252 pede
512 1206 758 1254 conspicatus
788 1218 872 1243 sum
877 1235 1013 1245 .....
1067 1207 1210 1245 Verum
1243 1213 1317 1254 est,
1351 1219 1417 1245 aes
1449 1207 1617 1245 alienum
1639 1206 1689 1244 ad
1712 1211 1792 1245 200
1816 1207 1897 1245 ssor.
1929 1207 2022 1244 mihi

234 1261 466 1309 incumbere,
499 1262 604 1311 quod
634 1265 747 1301 matri
777 1266 933 1314 saepius
964 1277 1030 1314 per
1060 1265 1191 1303 literas
1222 1265 1428 1304 inculcavi.
1471 1265 1546 1302 Cur
1578 1271 1706 1303 autem
1737 1270 1774 1303 te
1797 1265 2024 1304 creditorem

235 1320 440 1367 existimet,
474 1331 592 1359 causa
622 1321 720 1360 haec
751 1328 831 1360 est:
865 1325 1016 1371 quoties
1049 1323 1195 1372 aliquid
1228 1324 1403 1361 daturam
1435 1335 1476 1361 se
1506 1324 1600 1360 mihi
1633 1328 1690 1361 est
1711 1323 1898 1371 pollicita,
1925 1323 2024 1372 jussi

234 1383 276 1416 ut
306 1378 409 1427 apud
440 1383 477 1416 te
510 1378 729 1428 deponeret.
781 1381 838 1418 Ex
870 1381 1100 1420 candelabro
1132 1382 1257 1420 elucet
1288 1381 1450 1420 candela
1481 1388 1678 1420 maternae
1714 1382 2023 1428 benevolentiae,

234 1447 349 1485 quam
379 1436 600 1485 amplector.

368 1503 468 1537 Haec
493 1503 654 1547 sequitur
679 1504 818 1549 longior
845 1505 1037 1550 explicatio
1065 1505 1274 1549 studiorum,
1303 1506 1433 1550 quibus
1458 1511 1544 1542 tunc
1572 1508 1816 1551 occupabatur
1832 1505 2023 1550 KepleruS,

233 1560 278 1596 de
301 1560 500 1595 rationibus
526 1561 742 1597 harmonicis
770 1562 851 1606 (cfr.
877 1564 903 1597 I.
934 1564 1144 1609 197—203),
1171 1564 1297 1599 relatio
1314 1565 1367 1599 ,de
1393 1565 1455 1600 lite
1480 1566 1574 1599 inter
1598 1565 1730 1599 Ursum
1756 1569 1791 1598 et
1817 1564 2024 1609 Tychonem

234 1619 279 1661 (I.
304 1618 401 1662 234),
428 1618 472 1652 de
497 1619 668 1655 Roeslino
695 1626 730 1655 et
754 1622 803 1657 M.
833 1622 957 1656 Crusio
987 1623 1069 1666 (IV.
1097 1622 1177 1667 72),
1215 1623 1377 1665 quaestio
1411 1623 1454 1657 de
1486 1622 1763 1658 retractionibus
1790 1626 1826 1656 et
1849 1621 2023 1665 magnetis

232 1677 469 1711 declinatione
495 1677 560 1721 (II.
585 1679 664 1722 412,
691 1679 809 1723 Sia),
837 1680 990 1723 denique
1016 1680 1071 1714 his
1097 1680 1202 1714 finem
1228 1679 1331 1715 facit:
1372 1678 1458 1716 Non
1506 1690 1663 1727 possum
1710 1679 1939 1727 praeterire,
1982 1681 2024 1713 ut

231 1738 268 1771 te
301 1745 421 1781 orem,
454 1733 687 1783 Praeceptor
719 1735 1013 1783 humanissime,
1056 1736 1257 1774 eonsilium
1288 1736 1381 1773 mihi
1423 1737 1667 1786 suppedites,
1701 1738 1733 1773 si
1765 1734 1918 1784 quando
1951 1746 2023 1772 usu

230 1793 381 1839 veniat,
425 1797 468 1829 ut
509 1792 688 1831 extrudar
729 1805 775 1831 ex
816 1794 889 1832 hoc
929 1794 1035 1843 loco,
1078 1800 1145 1832 aut
1186 1796 1320 1844 exigar
1360 1799 1416 1832 tot
1447 1794 1803 1833 incommoditatum
1844 1793 2021 1841 objectu:

229 1861 412 1898 quorsum
458 1861 548 1899 ergo
592 1853 798 1900 praecipue
845 1854 1013 1890 animum
1057 1852 1254 1891 intendere
1303 1853 1477 1891 debeam.
1548 1853 1647 1891 Nam
1691 1853 1772 1899 hic,
1826 1853 1897 1889 etsi
1944 1853 2024 1888 vita

227 1908 321 1945 mihi
352 1910 537 1957 supersit,
579 1920 656 1946 non
697 1910 831 1948 videor
871 1910 1015 1948 diutius
1056 1911 1214 1950 haerere
1256 1922 1383 1960 posse.
1444 1912 1524 1949 Nec
1558 1911 1651 1948 mihi
1683 1911 1770 1960 plus
1809 1915 1866 1947 est
1898 1911 2022 1958 respi-

230 1965 407 2003 ciendum
449 1965 500 2003 ad
526 1967 719 2015 jacturam
753 1980 890 2017 opum,
935 1981 1051 2018 quam
1092 1969 1140 2007 ad
1182 1982 1246 2016 ea,
1288 1970 1428 2017 quibus
1467 1974 1605 2007 natura
1636 1973 1673 2007 et
1703 1970 1880 2006 instituto
1919 1969 2022 2005 vitae

230 2023 442 2061 destinatus
474 2036 569 2072 sum,
603 2026 849 2075 perficienda.
898 2027 1015 2066 Plura
1046 2038 1121 2065 non
1154 2027 1274 2075 addo,
1307 2029 1382 2064 nisi
1412 2033 1454 2064 ut
1485 2027 1559 2065 1100
1589 2033 1625 2065 10
1658 2038 1860 2074 11101103111,
1893 2028 2021 2063 consi-

226 2081 322 2119 lium
346 2094 405 2119 me
426 2088 567 2131 petere,
600 2096 676 2121 non
700 2087 980 2123 auctoritatem.
1033 2086 1132 2123 Nam
1153 2087 1244 2133 sei0,
1278 2090 1320 2122 ut
1340 2085 1487 2123 invidia
1508 2097 1651 2132 careas,
1675 2092 1809 2123 auctor
1831 2095 1915 2122 esse
1938 2095 2014 2121 non

228 2141 300 2178 vis.
362 2140 414 2177 At
445 2141 641 2180 consultor
672 2154 755 2181 esse
787 2145 924 2181 minori
956 2148 1060 2181 metu
1092 2148 1214 2192 potes.
1275 2143 1364 2192 Ipse
1397 2143 1443 2181 de
1465 2155 1524 2181 me
1545 2148 1725 2191 statuam,
1757 2148 1799 2180 tu
1823 2154 1922 2191 quae
1945 2143 2014 2179 tibi

229 2196 420 2245 videntur,
455 2210 500 2236 ea
530 2211 590 2237 me
621 2212 746 2239 mone.
808 2201 882 2239 Sed
916 2208 953 2239 et
984 2202 1057 2239 hoc
1088 2201 1302 2239 monendus
1335 2213 1395 2249 es,
1428 2212 1504 2238 non
1536 2213 1651 2250 posse
1683 2213 1742 2238 me
1773 2201 2013 2249 gravissimis

228 2254 274 2293 de
306 2257 432 2293 causis
464 2256 769 2296 ecclesiasticum
800 2271 937 2297 munus
971 2260 1098 2298 obire.-
1137 2259 1290 2308 quando
1332 2260 1468 2308 majori
1508 2259 1769 2297 sollieitudine
1802 2264 1840 2296 et
1871 2270 2013 2308 angore

228 2312 450 2351 discruciari
488 2326 686 2364 nunquam
718 2328 892 2366 possem,
936 2329 1051 2366 quam
1082 2319 1114 2354 si
1149 2319 1230 2366 jam
1261 2318 1335 2355 hac
1368 2319 1604 2355 conscientia
1641 2319 1679 2354 in
1711 2317 1777 2355 illa
1818 2316 2014 2366 palaestra

229 2383 352 2409 essem
383 2371 568 2410 inclusus.
629 2374 682 2411 At
712 2375 990 2423 professionem
1029 2375 1338 2424 philosophicam
1379 2387 1647 2424 quamcunque
1687 2386 1798 2425 spero
1836 2386 1895 2412 me
1928 2386 2012 2413 cum

229 2435 454 2468 ornamento
487 2430 708 2470 academiae
740 2435 778 2470 in
809 2445 924 2482 quam
967 2445 1128 2481 venero,
1170 2436 1201 2470 si
1232 2445 1308 2471 non
1349 2435 1479 2471 statim
1511 2440 1550 2472 at
1581 2446 1656 2471 non
1687 2434 1798 2471 multi
1830 2435 2012 2482 temporis

225 2487 338 2537 lapsu
369 2488 571 2528 facturum.
624 2489 711 2538 Qua
742 2493 944 2529 occasione
977 2491 1090 2529 simul
1122 2493 1292 2529 animum
1324 2492 1372 2529 ad
1403 2492 1632 2530 medicinam
1665 2492 1884 2541 adjicerem.
1935 2490 2012 2529 Sed
2063 2500 2073 2506 “

227 2547 318 2594 quia
351 2551 438 2583 ante
470 2559 622 2585 menses
654 2548 803 2597 aliquot
835 2561 1035 2587 commune
1068 2551 1187 2587 totius
1219 2549 1374 2599 collegii
1397 2551 1657 2599 philosophici
1689 2556 1727 2588 et
1758 2551 1880 2599 ipsius
1912 2561 2011 2599 quo-

226 2616 300 2652 que
332 2603 586 2643 Hafeurefferi
619 2607 822 2644 consilium
855 2607 904 2645 ad
935 2620 995 2645 me
1026 2610 1294 2657 perscripsisti,
1328 2610 1440 2656 eique
1471 2609 1632 2646 consilio
1664 2620 1768 2646 nova
1797 2608 1894 2646 haec
1925 2620 2012 2646 mea

211 2661 446 2700 ⁴sollicitudo
479 2662 677 2701 adversari
710 2670 747 2702 et
779 2665 999 2714 obstrepere
1032 2666 1203 2703 videtur:
1239 2666 1441 2704 dicendum
1473 2668 1588 2715 igitur
1619 2667 1713 2703 mihi
1733 2671 1802 2713 est,
1837 2666 1929 2715 quid
1950 2678 2010 2703 me

227 2719 430 2768 impediat,
474 2732 549 2770 quo
588 2723 713 2760 minus
754 2723 811 2760 illi
841 2736 1008 2773 paream.
1071 2724 1259 2762 Placebat
1290 2725 1423 2772 vobis,
1464 2726 1651 2774 tantisper
1681 2736 1741 2762 me
1773 2726 1811 2761 in
1843 2726 2010 2762 statione

228 2776 300 2815 hac
331 2790 417 2816 mea
447 2791 692 2828 permanere,
737 2780 825 2818 dum
871 2787 1039 2821 extrema
1076 2784 1308 2820 necessitate
1350 2784 1398 2821 ab
1432 2794 1477 2820 ea
1519 2782 1711 2821 detrudar.
1771 2782 2010 2831 Argumenta

230 2835 342 2873 vobis
373 2836 470 2874 haec
502 2839 574 2875 tria
603 2840 849 2888 potissimum
880 2840 998 2878 fuisse
1020 2840 1179 2889 colligo:
1216 2842 1501 2888 conscientiam,
1534 2841 1750 2887 utilitatem,
1783 2840 2008 2889 perieulum.

225 2891 322 2930 Nam
355 2895 445 2942 quia
477 2898 612 2934 ceteris
645 2896 811 2935 exclusis
833 2898 941 2936 locus
963 2899 1056 2936 mihi
1087 2898 1159 2936 soli
1182 2899 1336 2937 relictus
1359 2905 1427 2945 est,
1462 2900 1690 2948 sperabatis,
1722 2898 1803 2936 fore
1831 2903 1874 2936 ut
1893 2898 2008 2947 hujus

226 2961 333 2988 meae
371 2963 500 2990 morae
540 2960 642 2992 esset
679 2955 820 3004 aliquis
861 2968 953 2994 usus
992 2958 1031 2993 in
1074 2957 1237 2995 ecclesia
1278 2963 1345 2995 aut
1386 2957 1529 2995 schola.
1601 2956 1836 3005 Scripseram
1879 2957 2005 3004 etiam,

226 3012 394 3046 metuere
425 3022 508 3057 me,
552 3018 593 3049 ut
623 3014 801 3061 privigna
833 3026 918 3052 mea
949 3014 1161 3053 deserenda
1192 3016 1264 3063 sit,
1307 3015 1513 3053 irretienda
1543 3014 1659 3064 paulo
1691 3019 1779 3063 post
1808 3015 2007 3052 blanditiis

226 3063 554 3113 adversariorum,
596 3075 632 3106 et
670 3070 900 3118 pellicienda
938 3074 976 3109 in
1012 3073 1250 3122 pontificiam
1286 3073 1524 3121 religionem.
1594 3071 1641 3109 Id
1680 3084 1755 3121 quo
1795 3077 2006 3120 caveretur,

226 3120 380 3171 quidvis
410 3124 627 3164 faciendum
660 3129 876 3169 censuistis.
937 3130 1100 3179 Deinde,
1136 3130 1238 3180 quod
1269 3131 1478 3170 utilitatem
1508 3131 1656 3178 attinet,
1689 3133 1727 3168 in
1759 3133 1854 3170 meis
1885 3131 2007 3170 literis
