2126 3388
643 146 792 194 Kepleri
816 146 1000 183 literarum
1026 147 1145 184 studia
1170 151 1206 183 et
1231 147 1404 186 doctrina.
1797 148 1905 194 1001

122 266 440 307 accommodandi
479 272 569 306 sunt
607 267 655 306 ad
697 280 879 319 praesens
918 269 1129 316 negotium.
1190 268 1272 306 Etsi
1311 270 1392 307 sine
1425 268 1542 307 dubio
1587 262 1756 308 ceriti-um
1790 271 1907 308 totius

122 327 293 365 universi
324 327 363 363 in
395 338 553 377 corpore
585 326 687 365 Solis
719 327 929 371 constituit,
962 332 1102 371 tamen,
1137 332 1177 364 ut
1199 326 1387 365 calculum
1416 328 1527 376 juvet
1550 329 1779 378 compendio
1802 334 1839 367 et
1858 341 1906 367 ne

121 386 279 422 nimium
312 396 335 422 a
365 384 591 424 Ptolemaeo
637 385 852 424 recedendo
893 384 1115 434 diligentem
1158 385 1241 434 cjus
1280 385 1460 424 lectorem
1507 387 1655 433 turbet,
1701 387 1904 424 distantias

121 443 363 493 planetarum
395 445 636 493 computavit
666 455 743 481 non
775 456 798 482 a
829 448 958 482 centro
991 442 1114 489 Solis,
1148 443 1214 481 sed
1247 456 1269 480 a
1301 449 1430 482 centro
1463 445 1623 492 Terrae,
1668 447 1778 494 quasi
1812 445 1905 483 illud

121 506 222 540 esset
253 503 516 540 universitatis
549 506 739 549 centrum,
784 514 868 540 cum
913 507 1039 539 tamen
1074 501 1169 538 illud
1200 513 1222 539 a
1254 501 1343 539 Sole
1382 508 1490 540 tauto
1522 515 1671 552 semper
1702 504 1906 542 intervallo

122 560 252 606 distet,
286 565 430 607 quanta
463 565 521 598 est
553 562 692 608 quovis
723 566 894 611 tempore
916 560 1082 598 Telluris
1115 561 1281 596 maxima
1315 559 1617 598 eccenti·icitas.“
1673 561 1781 600 Haec
1813 574 1907 600 con-

119 618 274 655 firmans
305 620 342 655 iu
375 619 624 656 annotatione
656 625 814 656 revocat
847 618 1038 668 Keplerus
1069 617 1231 655 lectores
1264 618 1311 654 ad
1349 618 1635 657 Commentaria
1667 620 1803 658 Martis
1836 621 1907 658 ad-

121 676 274 725 ditque:
311 678 427 728 „quia
459 676 507 714 ad
541 676 790 714 declinandos
823 688 967 715 errores
1000 688 1155 714 necesse
1187 676 1268 721 suit,
1303 677 1592 715 fundamentum
1626 678 1743 716 veluti
1776 679 1906 716 mundi

120 736 157 771 in
190 737 314 784 ipsum
347 734 450 772 Solis
483 739 654 772 centrum
685 746 887 784 reponere,
921 735 1010 772 hinc
1041 734 1140 772 adeo
1171 734 1333 780 sactum,
1368 740 1408 772 ut
1439 736 1523 773 loca
1555 735 1722 784 zodiaci,
1766 738 1905 785 quibus

118 792 298 842 planetae
328 792 423 830 fiunt
445 792 622 830 altissimi
646 798 682 831 et
703 793 919 840 humillimi,
953 804 1027 830 non
1056 793 1138 840 jam
1162 793 1326 841 amplius
1351 795 1610 843 apogae‘orum
1636 800 1673 831 et
1700 798 1905 845 perigraeo-

119 863 202 888 rum
232 862 371 889 nomen
403 853 564 889 retinere
597 856 772 900 possent,
815 852 883 889 sed
915 853 1066 901 proprie
1098 856 1135 889 et
1166 851 1427 900 significanter
1459 852 1761 901 indigetarentur
1793 866 1815 891 a
1846 866 1906 892 me

121 909 334 960 aphelia
365 914 402 946 et
431 909 723 959 perihelia.“

258 967 302 1004 In
335 967 568 1016 corrigendis
600 967 803 1017 Copernici
834 968 1002 1005 numeris
1033 967 1237 1018 Keplerus,
1272 974 1312 1005 ut
1342 979 1500 1017 scopum
1534 974 1772 1017 assequatur,
1806 970 1906 1009 libe-

119 1025 210 1063 ralis
241 1031 300 1064 est
329 1027 535 1076 praecipue
568 1028 603 1063 in
636 1026 768 1072 Luna,
810 1026 920 1074 cujus
951 1037 1129 1063 numeros
1173 1026 1234 1064 vel
1266 1026 1313 1062 ad
1347 1026 1488 1064 Terrae
1527 1028 1656 1064 orbern
1697 1029 1803 1067 addit
1846 1029 1908 1067 vel

119 1084 255 1132 rejicit,
288 1086 343 1122 uti
375 1085 574 1134 proposito
606 1096 676 1122 suo
709 1084 952 1122 commodum
984 1084 1147 1122 videtur.
1205 1084 1309 1132 „Nec
1338 1084 1464 1122 hercle
1496 1086 1587 1131 scio,
1622 1087 1755 1135 inquit,
1790 1099 1908 1136 quor-

122 1153 206 1179 sum
239 1144 362 1192 magis
394 1143 578 1180 inclinent
619 1142 957 1192 cosmographicae
1000 1143 1061 1180 vel
1106 1144 1218 1180 etiam
1262 1143 1551 1192 metaphysicae
1592 1144 1797 1182 rationes.“
1860 1146 1906 1184 In

121 1199 180 1238 ed.
211 1201 268 1238 11²
310 1201 421 1238 dicit:
470 1201 549 1249 „At
576 1200 656 1249 jam
688 1202 725 1237 in
766 1201 891 1239 lucem
930 1200 1092 1250 prolatis
1132 1201 1520 1251 contemplationibus
1563 1201 1793 1241 harmonicis
1838 1204 1907 1242 de-

119 1260 199 1296 cisa
230 1265 289 1297 est
321 1260 584 1297 controversia
617 1259 715 1297 libro
748 1259 794 1296 V.
828 1259 1163 1304 Harmonicorum.
1225 1259 1394 1296 Primum
1428 1261 1526 1297 enim
1560 1262 1782 1310 corporibus
1814 1264 1908 1312 ipsis

120 1318 291 1366 quinque
324 1317 501 1356 ademtae
534 1324 622 1355 sunt
654 1319 921 1368 proportiones
956 1318 1104 1355 orbium
1139 1330 1183 1354 ex
1215 1323 1343 1367 parte:
1378 1318 1513 1355 ultima
1543 1330 1595 1356 sc.
1628 1325 1665 1357 et
1696 1320 1908 1358 absolutis-

118 1377 216 1414 sima
238 1376 386 1414 orbium
409 1378 606 1427 proportio
629 1378 842 1414 communis
874 1381 931 1414 est
962 1376 1064 1414 sacta
1096 1381 1132 1413 et
1155 1377 1377 1426 corporibus
1411 1380 1448 1414 et
1469 1376 1675 1414 harmoniis
1699 1381 1842 1425 [Harm.
1866 1382 1907 1417 V.

117 1447 196 1480 cap.
223 1437 258 1472 9.
280 1448 382 1481 prop.
408 1437 489 1481 48),
528 1445 604 1484 quo
626 1436 780 1473 nomine
802 1434 897 1471 nihil
918 1445 964 1472 ex
987 1434 1080 1472 solis
1103 1435 1325 1485 corporibus
1350 1436 1385 1470 in
1409 1434 1507 1472 hauc
1541 1435 1600 1473 vel
1633 1436 1738 1474 illam
1760 1442 1908 1486 partem

120 1491 166 1530 de
198 1491 311 1530 Luna
344 1491 530 1542 disputari
563 1499 704 1542 potest.
746 1493 906 1531 Constat
938 1504 983 1530 ex
1007 1493 1184 1530 omnibus
1215 1492 1317 1530 illius
1349 1493 1436 1530 libri
1469 1495 1726 1531 axiomatibus
1759 1501 1795 1532 et
1817 1508 1909 1545 pro-

119 1551 401 1600 positionibus,
434 1550 609 1588 ultimam
640 1551 910 1589 limitationem
943 1553 1202 1601 proportionis
1233 1551 1506 1589 diastematum
1539 1552 1617 1589 fieri
1649 1555 1908 1591 necessariam

117 1613 274 1658 propter
313 1614 439 1647 motus
481 1609 744 1659 planetarum,
788 1615 830 1647 ut
861 1621 914 1648 sc.
947 1611 1045 1647 inter
1077 1615 1266 1647 extremos
1297 1614 1425 1647 motus
1458 1621 1541 1648 esse
1574 1612 1721 1660 possint
1752 1611 1908 1649 harmo-

117 1668 204 1704 niae
235 1672 374 1705 certae.
437 1666 477 1704 Si
509 1668 601 1715 hoc,
641 1667 748 1705 nulla
779 1669 896 1717 igitur
926 1672 1056 1718 potest
1095 1667 1228 1706 haberi
1260 1670 1357 1705 ratio
1389 1667 1522 1706 Lunae
1555 1669 1712 1706 Terram
1744 1671 1909 1708 circum-

117 1726 357 1770 cursitantis,
400 1730 443 1762 ut
475 1737 574 1775 quae
605 1726 700 1763 nihil
733 1727 877 1764 confert
918 1726 967 1765 ad
999 1727 1236 1764 incitandum
1278 1726 1338 1765 vel
1370 1726 1640 1765 retardandum
1673 1727 1789 1765 ullius
1820 1729 1908 1779 pla-

114 1787 228 1822 netae
259 1781 446 1821 motum.“

253 1841 448 1890 Rejiciens
483 1844 621 1891 „orbes
653 1841 946 1881 adamantinos“
981 1844 1019 1879 in
1052 1842 1160 1880 coelo
1193 1841 1332 1880 dubius
1367 1848 1434 1890 est,
1468 1856 1557 1881 num
1579 1843 1745 1894 planetis
1765 1845 1909 1883 tribuat

116 1901 310 1947 virtutem,
348 1900 636 1952 „moderantem
670 1913 802 1939 cursus
834 1901 1032 1939 intellectu
1064 1902 1352 1951 proportionum
1385 1900 1763 1950 geometricarum4‘?
1801 1903 1908 1940 Pon-

118 1957 189 1995 dus
222 1963 322 1997 certe
354 1958 501 1996 nullum
533 1959 708 2009 planetas
740 1959 938 2009 impedire,
971 1971 1047 2008 quo
1070 1961 1195 1997 minus
1218 1961 1317 1997 circa
1342 1966 1512 1998 centrum
1537 1966 1698 2007 currant,
1731 1973 1801 1999 nec
1824 1973 1908 2000 esse

117 2016 240 2054 ullum
270 2022 467 2067 punctum,
500 2018 621 2055 ullum
654 2022 825 2056 centrum
858 2030 989 2067 grave.
1045 2018 1103 2054 Ad
1137 2017 1232 2055 haec
1263 2020 1299 2054 in
1333 2018 1391 2056 ed.
1425 2018 1480 2056 IIa
1512 2024 1693 2056 annotat:
1737 2019 1908 2071 „Audire

117 2074 233 2113 velim
276 2075 478 2125 physicos,
518 2076 610 2125 quid
653 2081 785 2114 contra
826 2076 951 2115 dicere
989 2077 1149 2126 possint.
1217 2076 1315 2113 Nam
1358 2078 1405 2114 ab
1446 2077 1503 2113 his
1547 2081 1596 2115 <25
1638 2079 1746 2115 annis
1791 2089 1903 2116 nemo

119 2133 224 2182 quod
257 2135 376 2171 sciam
408 2135 574 2181 exstitit,
609 2136 674 2182 qui
707 2134 802 2171 illud
835 2138 1040 2172 excuteret.
1103 2134 1154 2172 At
1186 2146 1245 2172 me
1279 2134 1420 2172 candor
1452 2135 1556 2172 solus
1588 2141 1717 2173 movet
1749 2141 1791 2173 ut
1822 2137 1905 2185 ipse

118 2192 322 2230 excutiam.
387 2191 558 2242 Corpora
590 2193 831 2242 planetarum
864 2194 900 2229 in
933 2198 1039 2230 motu
1070 2204 1140 2229 suo
1174 2204 1248 2230 non
1281 2198 1370 2230 sunt
1402 2194 1679 2231 consideranda
1701 2199 1742 2231 ut
1764 2199 1908 2243 puncta.

117 2250 411 2297 mathematica,
454 2250 520 2288 sed
555 2251 666 2300 plane
698 2257 740 2288 ut
772 2262 932 2300 corpora
962 2253 1164 2288 materiata
1196 2256 1234 2289 et
1265 2263 1349 2288 cum
1383 2252 1549 2300 quodam
1584 2254 1692 2300 quasi
1726 2252 1905 2301 pondere,

118 2308 193 2346 hoc
225 2313 282 2346 est
312 2310 350 2345 in
384 2314 571 2358 quantum
602 2314 691 2346 sunt
731 2308 906 2358 praedita
943 2309 1128 2346 facultate
1165 2309 1350 2347 renitendi
1381 2311 1500 2347 motui
1535 2312 1767 2348 extrinsecus
1798 2310 1905 2348 illato

116 2378 184 2416 pro
215 2367 315 2404 mole
348 2368 517 2416 corporis
549 2372 586 2404 et
618 2367 805 2405 densitate
838 2369 1031 2405 materiae.
1075 2368 1172 2404 Nam
1205 2369 1296 2416 quia
1328 2369 1450 2405 omnis
1482 2370 1639 2406 materia
1662 2368 1710 2406 ad
1737 2371 1904 2417 quietem

115 2424 274 2463 inclinat
304 2426 342 2462 in
373 2424 459 2462 loco
481 2425 548 2462 illo
570 2426 607 2461 in
629 2437 705 2474 quo
727 2431 795 2471 est,
828 2425 916 2463 hinc
939 2425 1035 2463 adeo
1069 2425 1109 2462 fit
1131 2431 1171 2462 ut
1195 2427 1313 2463 virtus
1336 2425 1438 2464 Solis
1459 2429 1619 2464 motoria
1653 2433 1798 2475 pugnet
1820 2438 1906 2465 cum

116 2483 190 2521 hac
222 2485 359 2521 inertia
389 2484 587 2523 materiae.
650 2482 749 2521 Vide
782 2483 994 2521 Comment.
1028 2483 1164 2520 Martis
1199 2488 1234 2521 et
1266 2485 1365 2533 Epit.
1390 2485 1490 2524 Astr.
1522 2485 1589 2522 lib.
1615 2485 1681 2522 IV.
1737 2485 1780 2522 In
1802 2485 1904 2534 Epir.

117 2541 216 2579 libro
240 2541 272 2578 Ι.
306 2541 577 2587 demonstravi,
612 2541 750 2579 falsum
783 2554 867 2580 esse
901 2541 973 2579 hoc
1006 2542 1251 2592 physicorum
1285 2544 1451 2589 axioma,
1484 2542 1585 2591 quod
1618 2544 1752 2589 gravia
1784 2554 1906 2591 quae-

120 2604 205 2637 rant
235 2598 357 2636 ullum
389 2607 557 2636 centrum
591 2604 632 2636 ut
664 2600 761 2646 tale,
803 2600 1051 2637 falsissimum
1085 2599 1186 2648 quod
1220 2605 1391 2638 centrum
1425 2603 1541 2638 totius
1574 2601 1726 2647 mundi,
1760 2613 1903 2648 verum,

117 2658 185 2696 sed
223 2668 289 2708 per
328 2657 524 2703 accidens,
568 2657 670 2706 quod
713 2663 883 2696 centrum
924 2658 1090 2696 Telluris
1128 2663 1329 2708 appetant,
1369 2670 1444 2696 non
1484 2670 1598 2707 quam
1645 2659 1682 2695 id
1724 2664 1905 2709 punctum

118 2721 187 2763 est,
220 2714 286 2752 sed
320 2717 413 2763 qnia
444 2726 581 2765 corpus
612 2715 776 2753 Telluris
809 2720 1015 2766 appetunt,
1061 2717 1163 2764 quod
1197 2728 1281 2753 cum
1321 2718 1370 2754 sit
1406 2716 1623 2763 rotundum,
1657 2729 1703 2754 ex
1736 2729 1780 2755 eo
1813 2717 1905 2763 fieri,

119 2778 161 2811 ut
192 2775 416 2823 appetentia
449 2775 523 2810 ista
553 2773 696 2811 feratur
727 2786 861 2812 versus
892 2774 1060 2812 medium
1095 2780 1129 2811 et
1162 2775 1217 2811 sic
1248 2786 1381 2812 versus
1404 2780 1584 2820 centrum,
1619 2775 1715 2813 adeo
1739 2774 1904 2824 quidem,

117 2836 159 2869 ut
189 2833 221 2869 si
253 2831 372 2869 Terra
415 2831 575 2880 figuram
607 2831 767 2870 haberet
806 2831 1009 2870 distortam
1042 2832 1295 2879 sensibiliter,
1337 2834 1472 2881 gravia
1515 2844 1591 2870 non
1626 2844 1757 2870 versus
1789 2844 1905 2870 unum

118 2889 287 2939 undique
319 2894 502 2939 punctum
534 2894 688 2927 tensura
718 2888 897 2928 fuerint.“

256 2947 329 2985 His
362 2947 610 2997 adjungimus
643 2948 832 2996 quaedam
866 2949 998 2995 exiis,
1033 2960 1132 2994 quae
1154 2948 1344 2997 Keplerus
1379 2947 1424 2985 de
1456 2948 1711 2996 gravitate
1745 2948 1836 2986 dicit
1866 2951 1905 2986 in

118 3005 410 3044 Introductione
442 3005 491 3043 ad
525 3005 737 3044 Comment.
771 3006 929 3043 Martis:
980 3006 1019 3055 1)
1052 3006 1090 3043 Si
1126 3006 1200 3044 duo
1233 3005 1380 3056 lapides
1414 3006 1450 3041 in
1484 3006 1615 3054 aliquo
1648 3005 1732 3044 loco
1773 3008 1905 3044 mundi

119 3063 399 3102 collocarentur
441 3064 646 3114 propinqui
685 3065 848 3102 invicem
890 3071 995 3101 extra
1039 3064 1167 3102 orbem
1207 3065 1359 3101 virtutis
1397 3065 1499 3101 tertii
1537 3065 1691 3112 cognati
1724 3066 1904 3115 corporis,

120 3122 176 3160 illi
205 3121 358 3173 lapides
391 3123 536 3160 coirent
567 3121 654 3160 loco
686 3122 930 3169 intermedio,
965 3122 1126 3171 quilibet
1160 3121 1345 3160 accedens
1377 3122 1424 3160 ad
1456 3121 1618 3160 alterum
1649 3127 1756 3162 tanto
1787 3124 1908 3163 inter-
