2126 3388
922 206 1021 243 1610.
1774 208 1856 253 789

67 324 262 374 longeque
293 323 632 362 admirabilissima
675 324 898 374 spectacula
939 330 1140 375 proposita
1179 327 1422 378 philosophis
1454 333 1492 366 01
1523 329 1777 374 astronomis,
1820 331 1859 365 ni

69 382 182 421 fallor
219 387 255 420 et
288 382 402 429 mihi3
447 382 560 421 video
601 383 648 420 ad
689 395 913 431 magnarum
958 386 1326 435 contemplationum
1369 386 1527 425 exordia
1570 398 1701 425 omnes
1744 398 1859 424 verae

68 440 339 490 philosophiae
373 440 533 490 cupidos
566 443 784 480 convocari.
808 470 816 478 .
840 473 848 481 .
873 471 881 480 .
905 471 912 479 .
968 443 1173 481 Addehant
1195 446 1363 482 animum
1397 446 1659 493 augustissimi
1683 445 1860 482 Caesaris

69 498 267 548 Rudolphi
301 500 478 547 imperia,
523 502 586 548 qui
620 512 745 537 meum
778 500 823 537 de
855 500 927 538 hae
959 513 996 538 re
1023 502 1213 549 judicium
1256 503 1473 552 expetebat.
1535 503 1593 540 De
1626 503 1859 541 Wackherio

73 568 164 595 vero
206 557 298 606 quid
341 556 493 595 dicam?
558 558 616 595 Ad
651 570 763 606 (1110111
796 564 837 595 111
872 561 957 596 veni
990 561 1072 597 sine
1104 560 1224 607 libro,
1258 562 1461 599 lectionem
1494 565 1621 598 tamen
1655 561 1738 610 ejus
1770 572 1861 610 pro—

68 616 203 662 fessus,
237 616 401 652 invisum
434 615 538 661 mihi,
571 617 735 652 rixatum
769 618 883 654 etiam
915 618 997 663 fuit,
1032 617 1197 667 denique
1230 620 1342 668 plane
1374 619 1608 665 conclusum,
1642 624 1684 656 ut
1715 621 1751 656 in
1789 619 1860 657 hac

70 675 231 712 materia
261 685 338 711 11011
370 673 558 711 differrem
591 673 668 711 fieri
703 686 818 723 quam
851 675 1163 714 disertissimus.“

206 745 288 780 Jam
315 745 514 781 Galilaeum
541 745 721 780 allocutus
755 746 805 780 sic
830 748 947 790 pergit
973 748 1170 791 Keplerus:
1206 744 1318 792 Quod
1343 745 1434 783 mihi
1457 747 1609 796 propria
1632 748 1748 784 animi
1772 759 1863 796 pro-

71 802 270 852 pensione,
304 801 407 850 quod
441 802 574 838 amicis
607 801 751 851 placet,
785 801 889 849 quod
923 802 1126 851 diligenter
1158 804 1239 852 ipse
1262 815 1388 852 rogas,
1423 804 1459 841 id
1483 805 1621 841 faciam
1653 817 1726 842 11011
1757 805 1864 843 nulla

75 872 143 910 spe
178 860 368 905 inductus,
403 871 462 897 me
496 859 567 896 hac
601 859 765 908 epistola
798 859 835 896 id
869 860 936 896 tibi
972 861 1222 909 profuturum,
1256 862 1286 898 si
1321 874 1404 898 eam
1429 864 1622 900 censueris
1656 863 1863 901 ostendeu-

74 918 174 964 dam,
210 924 251 955 ut
283 923 416 955 eontra
448 929 621 955 morosos
654 919 872 955 novitatum
907 929 1098 963 censores,
1132 920 1272 967 quibus
1306 919 1528 958 incredibile
1551 920 1697 968 aliquid
1730 923 1865 969 incog-

75 977 207 1022 nitum,
243 975 444 1026 profanum
477 982 515 1013 et
544 976 765 1022 nefandum,
800 976 988 1024 quidquid
1021 976 1121 1014 ultra
1144 984 1349 1015 consuetas
1370 978 1639 1017 Aristotelicae
1662 981 1864 1027 angustiae

74 1039 208 1082 metas,
242 1045 317 1071 uno
349 1033 555 1084 proaspide
587 1037 638 1072 sis
671 1046 919 1084 processurus
951 1036 1183 1073 instructior.
1225 1035 1469 1074 Temerarius
1499 1037 1595 1074 forte
1630 1037 1749 1074 videri
1771 1049 1864 1086 pos-

71 1094 153 1139 sim,
188 1093 251 1142 qui
284 1093 359 1130 tuis
391 1094 685 1140 assertionibus,
718 1092 823 1130 nulla
857 1095 1011 1142 propria
1033 1095 1269 1143 experientia
1301 1094 1493 1141 suffultus,
1527 1101 1603 1132 tam
1636 1095 1748 1133 facile
1781 1107 1864 1132 ere-

73 1150 173 1188 dam.
237 1151 288 1187 At
319 1151 385 1199 qui
418 1162 492 1188 nou
539 1150 690 1188 credam
735 1150 1010 1188 mathematico
1055 1151 1300 1198 doctissimo,
1345 1152 1453 1200 eujus
1488 1153 1548 1190 vel
1590 1154 1700 1190 stilus
1728 1153 1864 1201 judicii

72 1210 342 1246 rectitudinem
375 1210 520 1258 arguit,
564 1211 629 1258 qui
662 1215 811 1246 tantum
845 1210 955 1247 abest
988 1213 1028 1246 ut
1059 1222 1145 1247 sese
1179 1212 1341 1248 vanitati
1377 1210 1491 1248 dedat
1523 1223 1685 1260 seseque
1719 1212 1864 1249 vidisse

73 1267 234 1314 dictitet,
267 1279 367 1316 quae
389 1279 464 1305 non
489 1267 636 1315 viderit,
669 1267 896 1317 popularem
918 1279 1051 1305 auram
1074 1273 1246 1318 captans,
1271 1274 1310 1305 ut
1334 1269 1394 1306 vel
1418 1271 1689 1318 receptissimis
1710 1271 1864 1319 opinio-

73 1326 187 1363 nibus
221 1327 395 1364 veritatis
426 1337 556 1363 amore
589 1337 663 1363 11011
698 1325 847 1363 dubitet
876 1337 1091 1375 repugnare
1124 1327 1310 1375 vulgique
1345 1329 1533 1377 vituperia
1566 1339 1708 1376 susque
1741 1327 1865 1376 deque

73 1384 201 1422 ferre‘?
252 1384 386 1433 Egone
418 1390 460 1421 ut
483 1384 649 1422 Patricio
674 1384 896 1422 Florentino
929 1384 1041 1422 fidem
1074 1384 1253 1432 derogem
1287 1384 1333 1423 de
1365 1385 1440 1423 illis
1473 1398 1571 1434 quae
1592 1385 1720 1423 vidit?
1769 1386 1866 1423 Per-

74 1442 219 1492 spicaci
261 1442 481 1480 lusciosus‘?
533 1443 801 1480 Iusti-umentis
845 1441 1066 1480 ocularibus
1107 1444 1294 1481 instructo
1337 1445 1419 1493 ipse
1462 1444 1587 1481 nudus
1629 1450 1666 1481 et
1705 1445 1753 1482 ab
1794 1443 1867 1481 hae

72 1501 310 1550 supellectile
344 1500 483 1550 inops‘?
537 1502 596 1538 An
630 1513 766 1550 parum
797 1500 871 1538 1100
903 1500 1035 1547 1110111,
1069 1501 1300 1549 Magnorum
1332 1501 1538 1540 Hetruriae
1570 1503 1721 1540 Ducum
1752 1502 1867 1539 sami-

70 1557 160 1596 liam
192 1559 381 1597 ludificari
413 1558 709 1608 Mediceumque
741 1570 881 1596 nomen
913 1559 1106 1607 figmentis
1138 1561 1218 1597 suis
1251 1560 1488 1610 praefigere?
1520 1564 1591 1600 etc,

211 1631 394 1666 Galilaeus
420 1642 484 1675 per
510 1632 606 1666 hunc
633 1643 764 1666 annum
791 1642 851 1676 ea,
888 1642 979 1676 quae
1004 1636 1148 1676 praeter
1172 1631 1272 1666 Jovis
1300 1631 1472 1666 satellites
1503 1643 1595 1667 nova
1620 1632 1655 1666 111
1682 1630 1781 1667 00010
1810 1631 1867 1666 de-

71 1689 276 1733 prehendit,
313 1690 441 1734 gryphi
475 1688 591 1724 forma
631 1690 784 1734 Pragam
820 1690 915 1725 misit
949 1689 993 1724 ad
1026 1690 1202 1733 Legatum
1234 1689 1419 1724 Julianum
1452 1691 1622 1725 Medices.
1682 1689 1867 1734 Epistolas

76 1747 226 1781 Galilaei
250 1746 416 1781 Julianus
443 1748 600 1791 Keplero
626 1748 791 1791 tradidit,
819 1748 880 1792 (1111
906 1748 1042 1782 frustra
1066 1748 1133 1782 hos
1160 1748 1318 1792 gryphos
1346 1747 1484 1782 solvere
1511 1748 1725 1791 conabatur,
1752 1758 1772 1781 a
1799 1748 1868 1782 Ga-

75 1804 181 1840 lilaeo
210 1815 294 1840 vero
321 1805 548 1849 postmodum
576 1807 644 1849 (153.
665 1806 858 1841 Novembri
879 1807 968 1842 1610
994 1810 1029 1840 et
1057 1809 1086 1842 1.
1111 1807 1192 1841 Jan.
1223 1807 1324 1851 1611)
1351 1807 1565 1841 solutionem
1591 1807 1730 1850 aceepit
1753 1806 1867 1840 hane:

72 1865 203 1899 vidisse
231 1874 268 1897 se
299 1865 490 1898 Saturnum
516 1864 693 1908 triplicem
722 1865 905 1907 (annulum
932 1865 1017 1900 dicit
1043 1865 1198 1909 Saturni)
1225 1869 1260 1900 et
1278 1866 1454 1899 Venerem
1479 1864 1742 1899 corniculatam.
1781 1862 1869 1906 Epi-

73 1923 184 1958 stolas
216 1922 282 1956 has
308 1922 484 1966 Keplerus
510 1922 729 1968 Dioptricae
762 1923 965 1968 praemisit,
998 1934 1087 1966 quas
1122 1934 1187 1957 nos
1219 1922 1286 1958 vol.
1314 1923 1359 1957 II.
1391 1934 1426 1967 p.
1454 1923 1522 1958 402
1548 1933 1595 1958 ss.
1630 1921 1868 1956 exhibuimus.

71 1980 250 2025 Keplerus
275 1981 364 2015 haec
390 1980 433 2015 de
459 1980 527 2015 hoc
560 1980 649 2015 libro
675 1982 822 2016 nunciat
850 1981 1009 2016 Galilaeo
1037 1981 1089 2026 (d.
1117 1983 1149 2018 9.
1177 1982 1257 2016 Jan.
1288 1983 1411 2019 1611):
1453 1978 1595 2027 Scripsi
1631 1978 1867 2027 Dioptricen‚

75 2049 174 2085 quae
207 2039 397 2086 superiori
429 2037 645 2087 Septembri
691 2039 796 2075 veuit
830 2039 867 2074 in
908 2049 1045 2075 manus
1078 2038 1321 2076 Serenissimi
1353 2037 1539 2075 Electoris
1573 2035 1866 2084 (Coloniensis).

72 2095 173 2132 Puto
207 2095 301 2132 nihil
334 2107 356 2132 a
389 2108 448 2133 me
480 2097 740 2144 praeteritum,
774 2095 877 2144 quod
900 2107 975 2133 non
1000 2108 1047 2133 ex
1069 2099 1149 2134 suis
1182 2098 1308 2133 causis
1342 2095 1697 2133 demonstraverim.
1746 2094 1868 2141 Equi-

75 2153 161 2191 dem
193 2165 351 2202 campus
384 2160 442 2192 est
473 2154 674 2192 exercendi
708 2155 869 2203 ingenii:
903 2154 1075 2204 prodeat,
1110 2157 1245 2204 quiex
1268 2155 1353 2192 aliis
1386 2153 1621 2191 demonstret
1653 2152 1861 2202 principiis,

75 2224 190 2260 quam
223 2212 364 2260 quibus
397 2223 468 2261 ego
503 2224 594 2249 usus
627 2225 723 2252 sum.

210 2279 398 2322 Inscripsit
424 2278 601 2322 Keplerus
626 2280 860 2324 Dioptricam
885 2279 1040 2313 Ernesto
1058 2278 1339 2322 Archiepiscopo
1367 2277 1572 2313 Coloniensi
1591 2276 1692 2320 (data
1716 2279 1771 2310 est
1795 2276 1869 2319 epi-

73 2337 167 2372 stola
192 2337 411 2371 dedicatoria
438 2337 469 2371 d.
490 2338 520 2370 1.
540 2337 618 2371 Jan.
642 2338 745 2381 1611)
774 2338 876 2381 eique
900 2337 1021 2377 refert,
1051 2337 1224 2377 „honesta
1250 2336 1404 2380 quadam
1433 2334 1583 2369 Galilaei
1608 2333 1866 2368 aemulatione<

73 2396 236 2438 ductum,
269 2405 307 2429 se
338 2405 466 2430 causas
490 2395 570 2439 lege
596 2395 814 2439 geometrica
839 2395 1122 2436 demonstrasse,
1157 2394 1286 2438 quibus
1320 2404 1407 2428 usus
1443 2393 1519 2427 tubi
1546 2392 1656 2435 optici
1680 2392 1867 2426 niteretur.

74 2453 310 2488 Continuasse
337 2463 375 2487 50
402 2453 557 2496 quadam
582 2454 721 2488 ratione
749 2453 915 2498 Optc'eam
939 2463 1049 2492 suam,
1075 2453 1111 2486 111
1137 2463 1208 2496 qua
1235 2452 1277 2486 110
1305 2452 1448 2486 visionis
1467 2450 1572 2485 modo
1600 2455 1634 2484 et
1661 2449 1704 2483 de
1731 2448 1867 2493 perspi-

75 2510 164 2545 cillis
190 2510 277 2545 talia
302 2510 474 2551 docuerit,
503 2521 594 2554 quae
620 2511 690 2544 11110
716 2522 830 2555 usque
858 2516 953 2545 stent
972 2511 1196 2552 inconcussa,
1225 2510 1459 2552 ostendendo,
1488 2508 1610 2542 cadem
1635 2507 1868 2541 fundamenta

72 2568 322 2612 compositioni
348 2568 494 2603 lentium
520 2569 556 2602 111
590 2579 696 2602 unam
728 2569 936 2603 arundiuem
963 2568 1130 2603 ferendae
1163 2568 1339 2602 sufficere.
1391 2568 1492 2610 „Qua
1518 2576 1643 2610 opera,
1678 2564 1811 2609 pergit,
1838 2563 1868 2597 si

73 2638 146 2662 non
171 2636 312 2660 omnem
339 2626 595 2660 obscuritatem
621 2626 762 2670 sustuli,
788 2637 892 2670 spero
919 2625 1170 2670 philosophiae
1203 2624 1384 2659 studiosos
1419 2623 1653 2659 imbecillitati
1679 2631 1778 2656 meae
1805 2620 1867 2654 ali-

73 2683 158 2729 quid
190 2684 455 2718 condonaturos
489 2694 705 2727 operamque
736 2684 829 2718 hane
864 2684 948 2718 boni
979 2683 1241 2718 consulturosf‘
1306 2683 1458 2717 Causam
1494 2680 1727 2716 dedicationis
1756 2678 1867 2713 refert

73 2743 177 2784 hanc,
207 2741 302 2785 quod
328 2741 503 2775 Ernestus
529 2741 655 2784 ipsum,
683 2742 850 2784 gravibus
877 2746 950 2776 tum
976 2742 1142 2775 fortunae
1168 2741 1300 2775 ictibus
1318 2739 1504 2781 afflictum,
1531 2737 1712 2772 benevolis
1737 2737 1866 2772 adhor-

73 2800 268 2835 tationibus
302 2799 473 2840 erexerit,
510 2799 659 2842 ejusque
685 2798 956 2833 mathematicus
982 2799 1264 2833 Zuekmesserus
1289 2798 1414 2841 ‚ipsum
1442 2796 1730 2840 „jucundissimis
1756 2799 1791 2828 et
1815 2795 1866 2828 in-

74 2857 331 2901 geniosissimis
364 2857 660 2891 machinamentis
694 2856 887 2891 manuariis
920 2862 955 2890 et
988 2856 1238 2900 expoliatione
1266 2855 1438 2889 vitrorum
1471 2853 1778 2897 ingeniosissima“
1805 2852 1866 2887 ad-

70 2917 205 2960 juverit
229 2915 345 2960 adque
371 2914 647 2949 aemulationem
672 2915 930 2959 provocaverit.

212 2974 350 3009 Eodem
387 2974 456 3008 hoc
493 2984 586 3007 anno
622 2973 657 3006 in
692 2971 807 3006 lucem
843 2971 974 3016 prodiit
1006 2970 1153 3015 Kepleri
1189 2971 1330 3005 Tertius
1363 2969 1633 3012 Intervem'ens,
1672 2968 1866 3012 inscriptus

74 3032 274 3067 Marchioni
300 3032 456 3067 Badensi
492 3031 547 3065 die
574 3031 605 3065 3.
632 3030 795 3065 Januarii
824 3031 930 3074 lb'ls),
968 3040 1037 3073 quo
1064 3028 1311 3071 astrologiam,
1347 3027 1486 3071 qualem
1518 3027 1595 3071 ipse
1629 3025 1866 3069 intelligebat,

76 3095 200 3125 contra
224 3094 506 3135 oppugnatorem
532 3088 707 3123 medicum
725 3087 903 3123 Feselium
930 3086 1191 3122 defendendam
1218 3085 1377 3129 suscepit
1402 3086 1478 3129 (Csr.
1504 3086 1558 3117 vol
1584 3088 1609 3119 Ι.
1644 3097 1676 3127 p.
1704 3087 1768 3118 547
1796 3084 1864 3127 ss).

77 3148 326 3198 Conscriptum
361 3158 441 3189 esse
472 3147 631 3187 libellum
663 3147 719 3186 De
749 3147 844 3183 Nive
877 3146 948 3190 (cfr.
985 3147 1050 3182 vol.
1078 3147 1153 3181 VH.
1181 3156 1214 3187 p.
1241 3147 1306 3183 715
1333 3142 1390 3189 ss.)
1425 3153 1517 3178 anno
1550 3143 1651 3180 1510.
1687 3146 1865 3186 testantur
