2126 3388
590 176 737 225 Kepleri
758 176 942 215 literarum
966 176 1085 214 studia
1110 180 1146 215 et
1169 175 1345 215 doctrina.
1753 172 1865 220 1017

71 307 132 334 me
163 295 236 335 hac
268 297 350 336 vice
380 297 525 336 factum
558 309 642 338 esse
673 295 860 350 minime),
904 298 1000 337 haec
1039 299 1327 350 metaphysicae
1363 300 1546 338 scientiae
1578 310 1666 348 pars
1698 297 1866 347 denique

72 355 257 393 illustrior
290 361 326 394 et
359 357 588 406 locupletior
618 357 871 405 omnibusque
903 360 1070 395 numeris
1102 359 1317 396 absolutior
1347 359 1529 397 constitui
1560 359 1723 407 possit.“

209 414 286 451 Eas
320 427 414 464 quas
447 415 561 453 modo
600 415 799 453 retulimus
830 415 987 464 Kepleri
1031 418 1232 465 opiniones
1271 428 1346 454 non
1385 414 1744 466 praetermittendas
1780 426 1863 452 esse

73 473 393 513 existimavimus,
456 473 530 522 Qui
563 475 662 511 enim
697 475 766 510 viri
798 485 886 511 vere
917 476 1045 522 magni
1079 476 1199 512 vitam
1233 475 1315 512 vult
1347 475 1610 520 conscribere,
1656 475 1690 511 ei
1722 485 1768 511 ne
1801 474 1863 509 in-

71 531 270 569 firmitates
303 531 458 580 quidem
491 536 606 580 atque
639 543 783 569 errores
815 532 898 581 ejus
931 532 1021 569 licet
1042 532 1197 571 silentio
1220 534 1438 582 praeterire,
1471 533 1619 581 majora
1652 533 1752 570 enim
1774 536 1864 568 sunt

73 589 155 637 ejus
187 591 333 636 merita,
368 602 482 638 quam
515 601 614 638 quae
647 590 798 627 illarum
831 593 1193 629 commemoratione
1216 591 1423 629 eleventur.
1469 591 1644 628 Ceterum
1677 590 1866 628 admone-

72 659 156 684 mus
195 647 359 686 lectores
401 647 656 685 conclusionis
698 648 824 697 quarti
867 648 953 685 libri
993 661 1017 686 a
1047 649 1160 686 nobis
1185 644 1360 696 ‘citatae,
1405 649 1470 686 ubi
1512 650 1864 698 experimenta

73 710 221 743 tantum
253 718 294 744 se
329 707 381 744 ait
411 707 578 755 proferre
609 717 734 755 neque
767 717 917 755 cupere,
951 713 993 744 ut
1025 713 1208 755 tanquam
1242 719 1337 754 opus
1369 707 1483 756 plane
1504 707 1714 756 perfectum
1748 706 1866 755 „lima

71 763 265 801 liberrima
305 765 464 802 rationis
506 765 692 802 censum&
734 766 1011 804 examinentur.
1075 764 1184 813 Quae
1226 767 1486 813 experimenta
1527 766 1738 803 arctissime
1771 775 1865 801 con-

68 822 205 871 juncta
236 827 325 859 sunt
357 834 442 860 cum
473 823 619 860 cunctis
649 822 806 871 Kepleri
837 822 974 860 studiis
1008 825 1044 859 in
1076 823 1327 871 astrologiam
1358 824 1554 872 impensis.
1607 822 1733 871 Quum
1765 824 1866 860 enim

72 891 148 918 non
179 880 304 918 solum
338 882 503 918 muneris
535 881 619 929 ers
652 885 763 927 esset,
797 893 880 918 eam
914 893 1101 927 exercere,
1135 882 1202 919 sed
1236 883 1350 919 etiam
1381 893 1518 930 saepe,
1553 886 1591 934 qt
1624 888 1690 918 aut
1721 893 1781 918 res
1814 879 1863 918 ad

73 940 194 976 vitam
224 940 463 977 necessarias
500 939 573 976 sibi
613 943 853 988 compararet
893 946 960 977 aut
999 941 1208 978 amicorum
1244 940 1301 977 vel
1343 940 1534 978 fautorum
1567 939 1682 976 alicui
1713 943 1865 988 gratum

73 998 232 1045 faceret,
276 996 325 1035 ad
357 1009 441 1035 eam
475 997 680 1045 confugere
713 1002 932 1046 cogeretur,
975 1009 1149 1048 semper,
1193 1009 1267 1048 quo
1307 1000 1429 1048 magis
1472 997 1711 1035 tolerabilem
1754 997 1864 1044 hanc,

74 1067 190 1104 quam
222 1057 344 1093 vitare
376 1067 452 1093 non
483 1061 626 1105 posset,
660 1056 953 1104 occupationem
985 1057 1057 1094 sibi
1091 1058 1243 1096 faceret,
1279 1058 1313 1092 in
1337 1068 1382 1095 eo
1405 1056 1642 1102 elaborabat,
1675 1062 1716 1093 ut
1737 1061 1865 1093 astro-

72 1113 217 1162 logiam
248 1113 378 1152 multis
411 1114 601 1152 erroribus
633 1118 815 1163 purgaret
852 1119 890 1152 et
920 1115 1175 1152 rationalibus
1218 1115 1356 1152 finibus
1395 1115 1719 1153 circumscriberet
1759 1118 1797 1151 et
1826 1114 1865 1149 in

74 1171 384 1222 philosophicam
416 1172 610 1222 quandam
642 1172 802 1210 formam
832 1172 1034 1221 redigeret.
1100 1173 1257 1210 Accedit
1290 1172 1392 1221 quod
1423 1173 1550 1210 studia
1582 1171 1865 1221 philosophica,

74 1241 173 1279 quae
206 1230 272 1268 illo
307 1236 478 1281 tempore
510 1231 706 1280 vigebant,
739 1242 890 1280 semper
921 1232 1022 1268 circa
1053 1232 1241 1281 ejusmodi
1275 1231 1508 1269 subtilitates
1532 1231 1795 1277 versabantur,
1829 1233 1867 1267 et

74 1287 178 1337 quod
208 1300 333 1327 rerum
364 1289 598 1327 naturalium
633 1290 795 1327 scientia
827 1290 942 1327 etiam
985 1294 1065 1327 tum
1099 1289 1385 1339 quodammodo
1426 1291 1461 1325 in
1497 1289 1738 1326 incunabulis
1772 1292 1866 1328 erat.

74 1347 123 1384 Et
153 1347 454 1396 petrificationes
487 1347 640 1397 quidem
671 1352 751 1385 tum
784 1353 946 1386 naturae
977 1347 1084 1385 lusus
1107 1349 1316 1387 censebant
1338 1360 1432 1394 esse,
1466 1353 1533 1385 aut
1565 1359 1648 1385 cum
1679 1346 1867 1396 partubus

74 1408 328 1444 monstruosis
360 1406 422 1445 vel
458 1408 561 1444 vitiis
595 1405 859 1455 corporalibus
892 1418 937 1443 ex
968 1408 1100 1444 matris
1132 1407 1317 1456 gravidae
1340 1407 1614 1455 imaginatione
1648 1406 1738 1443 ortis
1761 1415 1868 1442 com-

73 1464 277 1513 parabant.
338 1465 412 1502 Vel
443 1464 618 1502 homines
650 1476 897 1513 nequaquam
927 1465 1022 1502 fatui
1053 1470 1302 1515 tempestates
1336 1470 1372 1503 et
1403 1465 1591 1514 procellas
1623 1476 1646 1501 a
1676 1464 1799 1512 magis
1831 1466 1870 1500 et

74 1522 300 1560 mulieribus
333 1523 515 1562 veneficis
548 1522 705 1561 conflari
738 1522 962 1570 credebant,
1006 1535 1131 1572 neque
1163 1523 1355 1572 Keplerus
1388 1524 1468 1573 ipse
1502 1523 1664 1560 aliorum
1697 1521 1867 1559 auctori-

74 1582 145 1619 tati
176 1580 290 1619 fldem
323 1581 472 1620 habens
505 1580 667 1629 dubitat,
702 1582 792 1630 quin
826 1581 950 1630 lapilli
981 1584 1019 1619 in
1050 1581 1180 1619 hiatus
1212 1583 1400 1619 montium
1431 1586 1498 1619 aut
1528 1581 1635 1618 lacus
1664 1585 1868 1617 montanos

74 1639 239 1688 conjecti
270 1641 307 1677 iu
341 1641 388 1677 iis
415 1640 510 1677 locis
542 1645 793 1688 tempestates
826 1641 1028 1678 concitent.
1069 1640 1245 1689 Vapores
1269 1646 1396 1678 autem
1429 1652 1474 1678 ex
1505 1644 1603 1677 terra
1636 1640 1800 1676 orientes
1828 1640 1866 1676 et

74 1697 241 1736 nebulae
273 1710 296 1736 a
327 1699 523 1736 montibus
554 1698 766 1747 pendentes
799 1703 836 1736 et
867 1697 945 1736 alia
978 1698 1168 1747 ejusmodi
1194 1699 1310 1736 sudor
1334 1697 1490 1747 quidam
1521 1703 1642 1735 terrae
1665 1697 1865 1734 existima-

74 1756 227 1795 bantur.
269 1756 464 1795 Bestiolas
486 1757 605 1793 infimi
636 1758 786 1806 generis
819 1758 857 1792 in
888 1756 989 1806 pelle
1011 1757 1175 1795 aliorum
1206 1757 1431 1794 animalium
1454 1756 1635 1805 degentes
1658 1760 1696 1793 et
1715 1753 1867 1804 plantas

74 1815 303 1863 parasiticas
326 1814 588 1865 inexplicabili
613 1815 779 1864 quadam
806 1815 841 1851 vi
862 1815 1075 1863 generabili
1098 1822 1257 1853 naturae
1279 1815 1467 1864 putabant
1483 1814 1686 1863 procreari,
1710 1812 1868 1851 eadem-

76 1884 150 1920 que
181 1874 330 1911 ratione
362 1879 619 1912 monstrorum
651 1875 883 1910 marinorum
927 1873 1033 1911 velut
1074 1874 1325 1912 balaenarum
1356 1878 1393 1911 et
1423 1874 1656 1922 serpentium
1696 1871 1867 1909 marino-

76 1943 159 1969 rum
192 1933 379 1981 originem
411 1931 678 1981 explicandam
711 1943 808 1969 esse.
872 1930 947 1979 Qui
981 1931 1159 1979 Uardani,
1193 1932 1357 1979 Portae,
1400 1931 1439 1969 J.
1474 1931 1515 1968 C.
1549 1930 1736 1979 Scaligeri
1767 1928 1868 1967 alio-

75 2002 236 2040 rumque
270 2002 386 2040 opera
418 1990 575 2039 legerit,
620 1991 653 2027 ei
686 2001 762 2027 non
793 1989 1010 2028 mirandum
1049 1990 1262 2037 videbitur,
1307 1992 1337 2028 si
1369 1989 1579 2039 Keplerus,
1624 1990 1766 2038 qnippe
1801 1987 1866 2036 qui

74 2061 200 2098 neque
232 2049 403 2095 haberet,
436 2048 537 2086 unde
568 2059 700 2086 verum
731 2048 906 2095 disceret,
939 2060 1064 2097 neque
1096 2049 1178 2098 ipse
1210 2060 1275 2086 eas
1307 2060 1366 2086 res
1389 2048 1618 2097 perscrutari
1649 2050 1798 2096 posset,
1830 2050 1867 2082 et

74 2111 157 2159 ipse
188 2108 333 2145 talibus
377 2108 568 2145 erroribus
612 2106 822 2155 implicitus
864 2118 1007 2155 eosque
1047 2109 1283 2156 argumentis
1323 2105 1602 2157 philosophicis
1642 2104 1866 2143 confirmare

75 2171 237 2206 conatus
269 2172 338 2204 est.
402 2165 442 2203 Si
474 2170 674 2215 praeterea
705 2166 958 2213 reputaveris,
992 2171 1229 2214 quantopere
1261 2165 1453 2215 Keplerus
1495 2164 1639 2212 ingenii
1669 2163 1771 2200 lusui
1804 2163 1866 2198 in-

76 2225 234 2274 dulgere
266 2229 304 2262 et
334 2224 479 2272 ubique
512 2223 715 2271 analogias
745 2222 930 2272 indagare
962 2223 1099 2260 solitus
1131 2225 1191 2271 sit,
1224 2224 1318 2261 satis
1351 2223 1492 2261 dictum
1527 2221 1705 2260 videatur
1726 2220 1774 2258 ad
1797 2231 1866 2257 ex·-

73 2282 293 2335 plicandam
325 2289 362 2320 et
390 2283 529 2331 partim
562 2280 820 2319 excusandam
852 2292 982 2319 earum
1014 2283 1238 2331 opinionum
1260 2283 1485 2327 novitatem,
1520 2292 1618 2329 quae
1650 2280 1720 2317 sub
1752 2278 1866 2316 finem

75 2343 201 2393 quarti
233 2347 270 2379 et
301 2342 411 2378 initio
445 2340 567 2389 quinti
599 2339 684 2377 libri
715 2339 1015 2388 perscribuntur.⁴

222 2400 400 2438 Ceterum
432 2409 665 2447 magnopere
699 2399 892 2445 erraverit,
926 2399 991 2446 qui
1027 2398 1176 2445 credat,
1210 2396 1365 2436 easdem
1398 2408 1497 2445 quae
1530 2398 1566 2432 in
1602 2400 1737 2445 quarto
1769 2394 1866 2432 libro

74 2460 190 2497 etiam
231 2459 271 2494 in
302 2457 438 2494 ultimo
470 2456 706 2494 Harmoniae
747 2456 844 2493 libro
887 2457 1134 2504 quaestiones
1177 2456 1375 2494 contineri.
1437 2455 1511 2492 Hic
1543 2457 1642 2492 enim
1674 2453 1866 2502 Keplerus

72 2516 205 2555 muudi
236 2516 475 2553 harmoniam
507 2515 635 2552 animo
667 2525 737 2552 suo
769 2514 992 2561 observans,
1028 2526 1143 2563 quam
1175 2514 1263 2552 inde
1296 2526 1318 2552 a
1350 2513 1549 2551 Prodromi
1581 2514 1639 2550 sui
1671 2512 1868 2559 conscrip-

73 2578 177 2614 tione
208 2585 285 2611 non
318 2575 519 2619 omiserat,
561 2572 628 2610 sed
660 2574 698 2609 in
731 2573 908 2610 omnibus
948 2574 1128 2622 operibus
1170 2573 1437 2610 astronomicis
1468 2571 1746 2620 posterioribus
1776 2574 1866 2606 tan-

74 2645 190 2684 quam
222 2643 413 2670 summum
443 2630 656 2668 studiorum
687 2642 842 2668 suorum
874 2630 987 2668 finem
1010 2633 1132 2679 primo
1154 2631 1239 2668 loco
1261 2636 1454 2680 posuerat,
1489 2630 1748 2667 astronomiae
1774 2638 1867 2664 usus

72 2690 318 2730 adminiculis
350 2690 618 2738 proportiones
649 2694 822 2726 motuum
854 2693 892 2726 et
923 2688 1192 2726 distantiarum
1213 2689 1467 2738 planetarum,
1502 2699 1599 2736 quas
1623 2686 1867 2724 observatio-

73 2751 187 2787 nibus
220 2752 533 2797 computaverat,
577 2758 661 2784 cum
692 2747 903 2785 harmoniis
935 2747 1185 2784 musicalibus
1217 2746 1475 2795 comparando
1508 2745 1692 2793 consequi
1724 2742 1866 2781 studet.

75 2808 199 2856 Quem
231 2807 279 2844 ad
312 2806 424 2843 finem
457 2817 691 2854 quamquam
723 2817 771 2843 ne
803 2805 876 2843 hac
909 2805 1062 2853 quidem
1098 2807 1161 2842 ria
1198 2805 1375 2853 pervenit
1407 2805 1547 2853 (neque
1580 2804 1679 2840 enim
1711 2801 1750 2838 id
1783 2812 1867 2838 om-

74 2868 164 2904 nino
196 2864 327 2914 perfici
357 2874 475 2913 posse
504 2861 682 2914 videtur),
714 2872 842 2902 tamen
873 2866 1009 2900 mirum
1035 2863 1121 2899 tulit
1141 2863 1286 2900 laboris
1308 2863 1540 2911 praemium3
1572 2873 1659 2898 nam
1681 2871 1748 2909 per
1773 2859 1869 2896 haec

74 2923 204 2962 studia
233 2922 488 2960 immortalem
521 2933 628 2958 suam
662 2923 811 2959 tertiam
843 2921 968 2970 legem
995 2923 1153 2968 invenit,
1187 2932 1287 2970 quae
1309 2920 1577 2969 proportiones
1599 2918 1684 2956 illas
1717 2917 1867 2967 simpli-

76 2983 227 3020 cissime
249 2982 426 3030 exprimit
459 2984 496 3017 et
516 2979 707 3016 Newtonii
742 2980 788 3018 de
821 2980 1078 3025 gravitatione
1112 2978 1306 3016 doctrinae
1339 2979 1450 3026 quasi
1481 2976 1770 3014 fundamentum
1792 2987 1867 3024 pu-

77 3040 196 3078 tanda.
228 3044 299 3078 est.
341 3038 485 3086 Rejicit
517 3038 552 3073 in
585 3038 652 3074 illo
674 3037 773 3075 libro
805 3037 997 3086 Keplerus
1029 3038 1259 3074 sententiam
1292 3036 1339 3073 ab
1363 3038 1447 3084 ipso
1469 3036 1717 3084 propositam,
1751 3045 1867 3082 quam

78 3099 143 3136 diu
173 3109 305 3135 veram
338 3097 643 3142 existimaverat,
688 3095 736 3132 ad
770 3106 929 3144 corpora
962 3095 1154 3142 regularia
1184 3100 1290 3131 ratus
1321 3093 1541 3132 referendas
1572 3103 1656 3131 esse
1686 3092 1867 3142 planeta—

76 3167 160 3194 rum
192 3156 350 3204 orbitas,
383 3165 584 3193 numerum
616 3158 744 3192 autem
778 3165 907 3192 eorum
933 3155 1130 3191 etiamtum
1163 3164 1206 3191 ex
1239 3151 1314 3189 illis
1345 3156 1477 3190 censet
1496 3151 1674 3202 pendere.
1726 3150 1869 3189 Contra
