2126 3388
227 205 338 250 1012
901 206 984 242 Vita
1005 205 1030 242 J
1032 206 1155 243 oannis
1179 206 1337 252 Kepleri.

226 325 314 364 dere
345 324 471 362 liceat.
520 322 714 371 Bipartita
744 324 1040 372 ementi-initam,
1075 324 1414 363 observationibus
1445 321 1698 371 geocentricis
1730 321 1780 360 ad
1810 322 2008 360 heliocen—

222 385 336 421 tricas
369 379 564 419 translatis
596 381 722 429 ipsam
753 380 856 418 Solis
888 381 1077 420 theoriam
1109 382 1329 420 emendavit
1360 381 1522 429 ejusque
1561 380 1882 418 eccentricitatem
1914 391 2009 417 con-

221 441 366 485 stituit,
405 449 530 486 neque
562 440 687 475 minus
720 438 899 487 apsidum
930 439 1173 488 planetarum
1203 441 1325 477 lineas
1357 438 1590 487 easdemque
1625 437 1812 475 nodorum
1844 439 2009 475 circum-

220 497 385 545 scripsit.
448 495 627 544 Amplius
658 497 959 545 pervestigando
992 497 1065 536 hoc
1098 508 1252 546 quoque
1285 496 1501 545 expedivit,
1535 495 1661 544 qualis
1695 500 1797 533 esset
1826 495 2006 544 planeta-

222 566 305 591 rum
337 554 486 590 orbium
518 555 556 589 in
599 553 816 603 eclipticam
854 554 1052 593 inclinatio
1094 554 1275 607 (latitudo
1307 549 1618 606 heliocentrica)‚
1659 552 1761 590 Solis
1800 559 1838 590 et
1869 553 2006 590 Martis

219 611 438 660 parallaxes
471 624 495 649 a
515 611 701 661 Tychone
733 612 829 650 false
862 618 1107 662 computatas
1139 614 1304 651 correxit
1335 617 1372 650 et
1403 612 1477 650 hoc
1507 611 1623 649 modo
1655 612 1814 660 propius
1846 612 2009 648 accessit

219 669 265 706 ad
300 680 376 714 eas,
411 681 510 717 quae
542 681 658 707 verae
690 675 790 716 sunt,
822 670 1064 718 planetarum
1087 683 1109 708 a
1132 670 1222 708 Sole
1257 670 1472 716 distantias,
1506 680 1606 718 quae
1629 668 1783 717 quidem
1807 680 1830 705 a
1851 668 2010 717 Kepleri

220 728 371 764 demum
414 728 703 765 suecessoribus
745 729 1038 777 perfectioribus
1080 728 1343 766 instrumentis
1382 734 1420 766 et
1460 727 1634 774 auxiliis,
1679 737 1778 775 quae
1820 728 1893 775 ipsi
1933 737 2009 763 non

217 784 409 830 adessent,
443 787 660 822 accuratius
693 792 782 822 sunt
814 788 1060 824 constitutae.
1103 785 1304 824 Mentione
1337 797 1491 834 quoque
1524 785 1682 834 dignum
1714 788 1771 822 est
1802 783 2009 833 Kepleria—

217 854 317 890 num,
353 842 636 890 quod-dicitur,
674 841 950 894 ⁷,Problema“,
984 856 1059 893 quo
1092 845 1129 880 in
1152 843 1341 882 solvendo
1363 843 1543 892 permulti
1566 843 1709 880 versati
1735 847 1824 879 sunt
1855 841 2008 879 mathe-

216 901 356 938 matici.
419 899 504 938 Hoc
536 907 614 938 est:
651 901 781 952 „Data
813 913 903 939 area
934 903 1055 951 partis
1088 902 1317 940 semicirculi
1350 902 1518 950 datoque
1551 905 1693 950 puncto
1726 899 1914 947 diametri,
1948 901 2009 936 in—

217 959 345 995 venire
377 969 505 995 arcum
540 965 576 995 et
607 959 791 1007 angulum
824 959 873 996 ad
905 959 1000 997 illud
1031 966 1230 1008 punctum,
1265 960 1376 1008 cujus
1399 959 1530 1008 anguli
1553 959 1725 996 cruribus
1757 963 1795 995 et
1817 969 1893 1006 quo
1915 969 2006 995 arcu

216 1016 306 1053 data
328 1027 417 1053 area
440 1016 812 1065 comprehenditur“,
848 1018 931 1055 vel:
969 1029 1123 1065 „aream
1144 1017 1373 1055 semicirculi
1405 1030 1451 1055 ex
1483 1028 1713 1065 quocunque
1745 1021 1888 1064 puncto
1921 1015 2007 1053 dia-

217 1074 324 1110 metri
357 1074 394 1110 in
427 1073 519 1110 data
551 1076 698 1112 ratione
731 1086 872 1112 secare.
934 1075 1033 1112 Mihi
1063 1076 1204 1113 sufficit
1235 1075 1398 1121 credere,
1432 1075 1531 1112 solvi
1565 1087 1587 1111 a
1618 1076 1743 1123 priore
1783 1085 1860 1111 non
1890 1085 2006 1122 posse

216 1136 369 1180 propter
412 1142 521 1168 arcus
555 1138 592 1169 et
632 1133 736 1170 sinus
770 1130 1031 1183 ἑτερογειέιαικ
1094 1134 1243 1170 Erranti
1277 1133 1369 1170 mihi
1403 1133 1623 1181 quicunque
1667 1134 1768 1169 viam
1812 1137 2007 1169 monstra-

218 1191 324 1235 verit,
358 1190 389 1225 is
422 1190 492 1226 erit
523 1189 615 1226 mihi
647 1202 810 1239 magnus
843 1188 1112 1239 Apollonius.“
1168 1190 1310 1229 Aliter:
1348 1191 1478 1242 „Data
1509 1190 1705 1228 anomalia
1734 1190 1862 1227 media
1894 1192 2008 1239 (tem-

213 1259 285 1296 pus
318 1246 522 1284 artificiose
556 1247 843 1285 denominatum
877 1249 1038 1297 ejusque
1072 1260 1250 1286 mensura
1282 1250 1386 1296 area)
1421 1255 1626 1297 quaeratur
1658 1247 1852 1285 anomalia
1891 1259 2009 1285 coae-

214 1310 333 1354 quata
375 1306 624 1353 (apparentia
665 1317 776 1343 arcus
816 1318 839 1343 a
870 1306 1027 1355 planeta
1072 1306 1251 1354 descripti
1291 1308 1402 1354 quasi
1444 1318 1489 1344 ex
1532 1304 1683 1351 Sole“).
1746 1306 1805 1342 De
1847 1307 2007 1343 vocibus

217 1363 424 1411 „aequatio
463 1364 613 1411 optica,
654 1364 837 1413 physica,
881 1363 1076 1401 anomalia
1112 1364 1260 1410 media,
1302 1366 1465 1401 eceentri
1502 1369 1538 1401 et
1580 1361 1835 1412 coaequata“,
1869 1365 2008 1412 quibus

214 1420 288 1458 hoc
318 1421 403 1458 loco
436 1420 627 1469 Keplerus
660 1424 789 1468 utitur,
822 1422 918 1459 haec
951 1421 1017 1459 dat
1039 1422 1241 1459 Fabricio:
1275 1422 1481 1459 Anomalia
1512 1422 1639 1460 media
1672 1434 1694 1459 a
1725 1434 1784 1460 me
1819 1421 1921 1459 dicta
1952 1427 2009 1459 est

217 1490 399 1515 numerus
431 1490 634 1525 morarum,
668 1481 832 1517 eecentri
864 1480 1059 1517 anomalia
1092 1486 1148 1517 est
1180 1491 1290 1517 arcus
1323 1481 1481 1527 itineris,
1514 1486 1729 1528 coaequata
1761 1486 1818 1517 est
1841 1480 2007 1529 angulus

216 1537 374 1573 visionis
407 1548 453 1573 ex
486 1536 588 1574 Sole.
643 1537 737 1585 Ego,
771 1539 820 1573 mi
853 1538 1020 1584 Fabrici,
1053 1540 1085 1574 si
1119 1540 1393 1575 astronomiam
1428 1538 1474 1575 de
1505 1549 1609 1576 novo
1643 1537 1846 1584 traderem,
1880 1539 1935 1575 sie
1965 1543 2009 1574 ut

216 1594 309 1631 mihi
341 1605 417 1631 non
451 1595 551 1632 esset
583 1606 679 1643 opus
711 1595 817 1643 loqui
850 1607 935 1633 cum
968 1597 1149 1645 antiquis,
1185 1604 1310 1633 uterer
1334 1596 1494 1633 vocibus
1518 1596 1623 1633 aliis:
1659 1596 1824 1633 dicerem
1846 1607 2006 1641 moram,

215 1664 364 1698 arcum,
408 1653 613 1700 angulum,
661 1653 867 1701 circulum,
911 1665 1021 1691 arcus
1063 1653 1223 1702 elliptici
1266 1665 1424 1701 nomen,
1475 1665 1604 1692 morae
1647 1665 1885 1701 mensuram,
1930 1655 2005 1691 cir-

216 1710 292 1748 culi
323 1721 465 1747 arcam.

355 1766 494 1805 Omnia
527 1780 584 1814 ea,
618 1780 718 1816 quae
750 1768 864 1806 modo
899 1769 1075 1814 diximus,
1107 1780 1223 1815 nova,
1257 1769 1470 1818 inopinata,
1504 1768 1680 1806 inaudita
1712 1775 1832 1808 erant.
1895 1768 2006 1818 Kep-

216 1825 330 1871 lerus,
364 1826 556 1874 profectus
588 1838 610 1862 a
642 1826 748 1864 falsis
781 1827 1076 1874 conditionibus,
1118 1828 1189 1875 ipsi
1223 1828 1271 1864 ab
1304 1839 1359 1873 ea,
1395 1839 1493 1876 quae
1532 1832 1612 1864 turn
1646 1833 1737 1874 erat,
1771 1829 2008 1865 astronomia

216 1883 360 1929 allatis,
403 1895 602 1932 perversas
636 1890 673 1922 et
703 1884 820 1922 salsas
863 1896 928 1922 eas
971 1897 1053 1922 esse
1096 1884 1385 1931 demonstravit,
1421 1891 1458 1922 et
1490 1887 1727 1933 apparentiis
1771 1886 2005 1923 coelestibus

219 1940 409 1978 indefesso
443 1941 570 1978 studio
603 1941 651 1978 ad
684 1941 928 1980 collationem
964 1943 1148 1980 adhibitis
1181 1948 1218 1980 et
1251 1944 1417 1980 inventis
1457 1945 1552 1980 mira
1584 1944 1860 1992 imaginatione
1893 1945 2007 1981 novis

216 2000 501 2047 ingeniosisque
524 2001 749 2046 rationibus,
783 2012 880 2049 quas
902 2000 950 2037 ad
975 2000 1250 2038 examinandas
1273 2013 1332 2038 res
1355 2008 1390 2038 et
1412 2001 1573 2038 traditas
1597 2007 1633 2038 et
1655 2002 1703 2038 ab
1736 2003 1820 2051 ipso
1844 2003 2007 2050 excogi-

218 2062 318 2094 tatas
357 2057 576 2103 adhiberet,
622 2064 758 2095 cuncta
796 2058 961 2107 denique
995 2060 1304 2096 accuratissimae
1340 2058 1588 2096 calculationi
1626 2059 1801 2107 subJ'eeit.
1872 2060 2007 2108 Neque

218 2115 320 2163 prius
353 2114 529 2152 discessit
560 2116 609 2152 ab
641 2117 794 2166 incepta
825 2118 993 2163 ratione,
1037 2128 1151 2165 quarn
1186 2118 1365 2154 vitiosam
1398 2129 1481 2154 eam
1522 2128 1605 2154 esse
1637 2117 1904 2155 ratiocinando
1937 2120 2007 2155 de—

217 2177 467 2210 monstrasset
499 2179 536 2210 et
567 2173 639 2210 hoc
671 2173 784 2211 modo
817 2174 970 2211 tandein
993 2180 1080 2223 post
1103 2176 1230 2212 varios
1254 2186 1399 2212 errores
1422 2180 1458 2212 et
1480 2175 1689 2224 permultas
1712 2177 1897 2224 ambages
1919 2187 2007 2225 per-

219 2231 323 2267 venit
345 2229 392 2267 ad
415 2232 664 2280 propositum.
702 2230 809 2279 Quae
827 2237 914 2269 sunt
934 2245 956 2269 a
971 2232 1139 2282 Keplero
1158 2233 1348 2282 expedita,
1365 2235 1639 2270 astronomiam
1662 2238 1782 2270 totam
1805 2235 1842 2269 in
1865 2245 2005 2271 novam

219 2299 379 2336 eamque
417 2288 613 2326 meliorem
653 2294 917 2339 permutarunt
948 2296 984 2327 et
1017 2292 1131 2328 etiam
1164 2302 1264 2328 nnnc
1302 2293 1423 2327 omnis
1460 2292 1690 2340 cognitionis
1725 2293 2007 2329 astronomicae

216 2345 395 2383 habenda
416 2345 665 2384 fundamenta
689 2353 788 2384 sunt.
835 2349 1102 2385 Assentiamur
1132 2350 1248 2397 igitur
1279 2349 1523 2396 Delambrio,
1559 2350 1623 2397 qui
1646 2350 1833 2386 maximas
1856 2349 2005 2396 laudes,

217 2405 403 2440 maximos
449 2404 614 2442 honores
655 2405 709 2441 illi
744 2411 780 2443 et
812 2405 1018 2442 fortissimo
1051 2412 1088 2443 et
1129 2408 1379 2455 sagacissimo
1422 2413 1643 2444 astronomo
1687 2408 1843 2444 attribui
1879 2407 2004 2455 jubet,

216 2463 280 2509 qui
303 2460 526 2498 coelestium
548 2468 722 2500 motuum
744 2463 861 2511 leges,
896 2475 981 2501 cum
1012 2463 1089 2501 alia
1121 2464 1271 2502 deesset
1303 2466 1378 2509 via,
1412 2466 1600 2502 invenerit
1622 2466 1926 2505 ratiocinatione.
1948 2487 2003 2493 ——

358 2519 493 2567 Neque
525 2532 616 2557 vero
647 2520 838 2570 Keplerus
869 2521 907 2557 id
938 2522 1062 2558 solum
1096 2524 1191 2570 egit,
1235 2527 1276 2558 ut
1308 2525 1584 2560 astronomiam
1625 2524 1659 2559 in
1705 2535 1846 2560 novam
1887 2529 2004 2572 atque

216 2576 339 2624 magis
372 2577 549 2614 idoneam
581 2578 743 2616 formam
776 2579 986 2628 redigeret,
1028 2581 1138 2627 cujus
1179 2580 1294 2617 studii
1327 2581 1470 2618 fructus
1502 2582 1538 2616 in
1573 2592 1636 2626 eo,
1680 2581 1725 2618 de
1759 2592 1835 2630 quo
1877 2581 2003 2618 adhuc

216 2633 475 2682 disseruimus,
511 2647 624 2685 opere
657 2638 845 2686 exposuit,
879 2637 945 2674 sed
978 2638 1093 2674 etiam
1127 2643 1167 2674 ut
1199 2639 1461 2686 investigaret,
1496 2650 1595 2687 quae
1628 2641 1663 2675 in
1689 2650 1889 2688 corporum
1913 2650 2004 2676 coe-

214 2691 366 2729 lestium
400 2698 505 2730 motu
538 2697 760 2743 symmetria
792 2700 829 2732 et
863 2695 1062 2732 harmonia
1094 2696 1249 2734 inesset.
1316 2696 1451 2745 ltaque
1492 2708 1568 2745 quo
1612 2703 1784 2745 tempore
1817 2698 2003 2734 observa—

215 2750 338 2787 tiones
371 2750 566 2799 Tychonis
600 2753 859 2799 examinabat,
891 2764 1091 2801 nunquam
1123 2752 1237 2791 desiit
1269 2753 1464 2800 meditari,
1498 2766 1574 2803 quo
1605 2754 1720 2792 modo
1753 2761 1880 2791 motus
1911 2765 2003 2792 coe-

214 2805 330 2844 lestes
362 2808 410 2844 ad
442 2811 693 2856 geometriam
725 2815 881 2859 possent
913 2811 1060 2857 referri,
1094 2822 1209 2859 quam
1243 2813 1462 2861 opinionem
1501 2813 1583 2861 jam
1616 2814 1652 2849 in
1684 2811 1896 2850 Prodromo
1928 2823 1998 2850 suo

215 2872 471 2914 expresserat,
515 2879 640 2916 neque
682 2879 772 2906 vero
807 2868 984 2905 omnibus
1023 2871 1190 2906 numeris
1222 2870 1458 2917 absolutam,
1503 2870 1673 2907 nondum
1713 2870 1812 2907 enim
1854 2871 1887 2907 ei
1921 2875 2001 2907 tum

214 2921 365 2969 licebat,
398 2924 548 2962 illarum
581 2926 894 2963 observationum
927 2927 1039 2974 quasi
1071 2926 1319 2965 fundamento
1353 2929 1435 2966 niti.
1486 2928 1607 2977 Igitur
1632 2928 1713 2976 jam
1744 2938 1844 2964 anno
1879 2930 2001 2966 1599.

215 2979 251 3014 in
282 2979 401 3017 literis
442 2982 490 3019 ad
523 2983 773 3021 Maestlinum
815 2986 1040 3031 magistrum
1086 2990 1122 3022 et
1155 2985 1205 3022 ad
1237 2985 1479 3023 Herwartum
1521 2986 1708 3023 fautorem
1748 2996 1860 3021 suum
1902 2985 2001 3023 datis

216 3047 298 3073 esse
330 3039 403 3074 sibi
435 3040 471 3075 in
505 3042 631 3077 animo
664 3043 717 3079 ait
750 3042 797 3079 de
830 3041 960 3078 mundi
994 3041 1199 3080 harmonia
1231 3043 1369 3080 librum
1402 3044 1653 3081 conscribere.
1706 3041 1830 3091 Saepe
1853 3054 1893 3079 se
1917 3055 2000 3082 esse

217 3094 461 3141 meditatum,
497 3098 690 3145 quomodo
725 3099 770 3135 ad
806 3099 1054 3136 illustrandas
1087 3112 1144 3137 res
1177 3102 1374 3138 naturales
1406 3102 1617 3149 geometria
1649 3105 1780 3149 posset
1811 3100 1998 3139 adhiberi.

218 3149 369 3188 Vei-sari
402 3156 650 3201 geometriam
683 3158 782 3194 circa
813 3158 1080 3206 proportiones
1111 3163 1148 3196 et
1179 3158 1402 3208 analogias:
1436 3159 1707 3209 proportiones
1738 3158 1882 3207 figuras
1902 3171 1999 3209 geo-
