2126 3388
641 180 696 216 De
721 180 843 216 amicis
870 184 904 217 et
930 181 1129 218 fautoribus
1153 183 1314 229 Kepleri.
1790 185 1874 228 983

81 298 221 347 agitur.
286 297 348 336 Ad
380 297 482 337 hunc
513 300 630 348 igitur
670 300 805 350 scripsi
847 301 1073 350 prolixius.“
1138 301 1287 352 Quibus
1330 303 1459 342 verbis
1491 302 1683 353 Keplerus
1714 303 1751 340 id
1784 305 1875 353 egit,

80 361 123 394 ut
150 356 309 405 juvenis
342 362 465 394 totum
497 359 666 395 animum
701 361 962 397 astronomiae
994 360 1122 398 studio
1156 362 1391 408 conciliaret,
1426 366 1463 400 et
1496 361 1599 399 haud
1624 361 1739 399 dubie
1761 361 1875 399 simul

79 414 152 452 sibi
185 425 293 463 spem
326 415 428 462 fecit,
462 416 540 453 sore
573 421 614 453 ut
646 428 738 453 suus
771 416 946 455 laborum
979 424 1081 456 esset
1113 418 1289 467 adjut0r3
1322 421 1448 468 pergit
1481 421 1580 457 enim
1614 420 1690 457 his:
1727 419 1874 469 „Spero

80 485 102 510 a
123 471 332 511 Maestlino
356 476 555 523 suppetias
576 474 798 523 hujusmodi
831 479 874 521 (v.
902 488 927 512 s.
954 490 990 522 p.
1017 480 1110 523 770),
1143 488 1229 514 nam
1253 482 1428 515 truncum
1452 477 1654 524 nodosum,
1688 489 1764 527 quo
1788 482 1875 516 ute-

79 531 149 567 bar
170 542 214 568 ex
237 542 423 569 concessu
446 532 784 580 Noribergensium
809 532 1068 583 (Odontiuin),
1091 536 1219 572 remisi
1242 536 1465 574 academiae
1487 547 1582 574 suae
1607 535 1872 574 Altdorffinae.

77 588 161 626 Nisi
193 589 306 627 fallor
337 589 568 628 Maestlinus
606 591 687 639 jam
730 591 877 640 pridem
909 591 984 629 hoc
1026 594 1191 632 tecum.“
1256 592 1492 631 Clarioribus
1524 593 1715 643 Keplerus
1756 596 1876 632 utitur

80 647 208 684 verbis
240 653 403 686 exeunte
436 647 507 686 hac
541 648 718 697 epistola,
754 661 854 698 quae
898 649 984 688 loco
1024 649 1125 687 dicto
1159 649 1278 687 allata
1317 656 1417 688 sunt.
1480 650 1582 699 Quid
1614 658 1743 690 autem
1775 653 1873 702 patri

79 706 294 754 scripserit,
338 718 383 744 ex
416 705 518 744 illius
551 718 756 756 responso,
789 719 906 758 supra
937 719 1026 757 pag.
1063 712 1142 746 779
1178 708 1302 746 obiter
1333 708 1494 756 tradito,
1528 709 1769 758 aliquantum
1802 722 1875 760 ap-

78 768 198 812 paret.
262 763 299 800 Is
340 765 441 801 enim
483 764 797 812 indignabundus
835 767 989 815 scripsit
1030 765 1145 803 haee:
1192 766 1278 812 „Ad
1319 766 1438 804 filium
1477 779 1604 805 meum
1653 767 1872 806 Samuelem

78 821 180 870 quod
213 823 361 869 attinet,
395 827 435 859 tu
467 824 626 860 naenias
658 824 779 872 ipsius
800 824 960 860 nimium
988 824 1095 872 justo
1128 823 1286 864 attollis.
1336 825 1426 863 Tiro
1460 825 1523 863 ille
1555 831 1613 863 est
1644 831 1681 863 et
1712 828 1873 864 tironem

78 878 312 929 appellando
344 881 503 917 nimium
536 880 678 918 dixisse
710 886 824 931 puto,
869 894 958 919 nam
991 888 1028 919 et
1061 884 1142 932 ipse
1175 893 1246 930 ego
1287 884 1324 918 in
1357 883 1640 921 mathematicis
1673 885 1744 922 tiro
1776 896 1872 932 sum,

77 942 364 987 praeceptorem
398 943 525 976 tamen
565 938 668 976 illius
709 950 823 988 agere
856 940 959 977 bona
997 951 1082 976 cum
1115 941 1350 978 conscientia
1390 953 1541 990 queam.
1605 941 1681 979 Sed
1708 942 1791 991 jam
1823 942 1873 980 ad

76 995 114 1032 id
146 995 301 1041 accedo,
336 996 437 1046 quod
461 996 585 1034 dicam
608 998 795 1035 avaritiae
818 998 911 1034 mihi
934 997 1133 1045 adscribis,
1168 1010 1282 1046 quam
1309 999 1493 1037 sectando
1514 999 1721 1037 liberorum
1745 1000 1874 1038 studia

77 1059 113 1092 et
145 1053 310 1091 salutem
343 1054 551 1104 negligam.
594 1055 652 1093 Ea
683 1056 720 1092 in
752 1067 805 1102 re,
839 1057 931 1105 quia
961 1057 1105 1106 primus
1138 1056 1229 1093 mihi
1263 1057 1358 1094 haec
1390 1058 1527 1106 objicis
1560 1063 1596 1095 et
1628 1059 1720 1106 quia
1743 1060 1874 1107 quoti-

77 1111 192 1149 diana
224 1115 352 1162 praxis
384 1125 451 1163 per
483 1113 556 1151 Dei
588 1114 751 1163 gratiam
785 1126 844 1152 me
877 1116 946 1162 iis,
980 1115 1121 1164 quibus
1153 1120 1267 1152 notus
1299 1127 1405 1162 sum,
1448 1117 1543 1153 satis
1575 1121 1735 1165 purgat,
1777 1115 1871 1153 nihil

76 1170 257 1219 adjiciam
291 1172 468 1221 amplius.
532 1171 680 1220 Quodsi
713 1183 804 1209 vero
837 1177 964 1222 putas,
998 1172 1189 1221 ejusmodi
1217 1173 1411 1222 juvenilia
1443 1175 1610 1222 ingenia,
1647 1174 1761 1223 quale
1793 1174 1873 1211 filio

76 1240 162 1267 meo
189 1229 271 1277 jam
303 1235 371 1276 est,
404 1231 527 1267 omnis
558 1231 710 1279 generis
745 1231 925 1268 vitiorum
957 1242 1002 1268 ac
1034 1230 1221 1268 scelerum
1246 1232 1426 1280 periculis
1458 1231 1764 1281 haeresibusque
1797 1233 1869 1269 ob-

70 1286 266 1336 jectanda,
298 1289 353 1325 sic
385 1289 486 1325 enim
508 1288 699 1326 nobiliora
721 1287 916 1338 praeclare
939 1290 1142 1339 probatum
1176 1290 1231 1335 iri,
1266 1289 1359 1326 nihil
1394 1289 1541 1337 celabo,
1575 1290 1667 1327 mihi
1700 1301 1872 1328 meorum

73 1345 280 1383 liberorum
312 1348 461 1396 parenti
494 1346 608 1395 longe
640 1345 754 1384 aliam
794 1352 959 1384 mentem
991 1359 1088 1385 esse.
1150 1346 1249 1384 Nam
1282 1359 1378 1398 opus
1412 1353 1449 1385 et
1479 1348 1588 1386 labor
1619 1353 1687 1395 est,
1722 1353 1764 1385 ut
1788 1349 1874 1398 pie-

74 1408 193 1441 tatem
236 1403 380 1452 colant,
424 1407 457 1442 si
496 1406 661 1443 maxime
704 1406 833 1455 pravis
879 1405 1066 1456 exemplis
1110 1417 1186 1443 non
1229 1410 1532 1456 corrumpantur.
1603 1405 1679 1444 Sed
1722 1407 1873 1445 interim

73 1463 219 1511 gratias
251 1474 325 1511 ago
357 1475 425 1512 pro
457 1464 580 1501 amieo
612 1464 650 1499 in
683 1474 742 1500 me
774 1474 959 1512 meosque
990 1464 1170 1502 affectu.“
1208 1485 1257 1490 —

213 1519 417 1571 Superiore
444 1522 527 1571 jam
558 1521 645 1559 loco
679 1526 1020 1560 commemoratum
1052 1527 1127 1568 est,
1168 1521 1286 1559 talem
1324 1521 1442 1559 fuisse
1475 1522 1634 1572 Kepleri
1678 1526 1871 1570 naturam,

73 1582 115 1615 ut
147 1580 402 1627 cogitationes
435 1581 499 1617 vix
532 1586 643 1618 natas
676 1580 860 1617 brevibus
892 1580 1145 1630 perscriberet
1185 1582 1474 1629 amicorumque
1508 1587 1545 1618 et
1577 1584 1801 1631 exspectata
1834 1585 1871 1618 et

73 1637 302 1686 gravissime
333 1638 531 1687 postulata
563 1638 867 1676 contradictione
899 1637 947 1676 ad
980 1650 1045 1676 eas
1069 1637 1233 1687 amplius
1256 1637 1498 1676 meditandas
1522 1643 1558 1676 et
1581 1637 1872 1689 pertractandas

73 1694 299 1744 perductum
332 1708 373 1733 se
407 1696 534 1734 vellet.
598 1695 723 1744 Quam
756 1697 930 1733 intimam
963 1696 1159 1744 cogitandi
1193 1702 1230 1734 et
1262 1696 1453 1734 sentiendi
1484 1698 1730 1744 societatem,
1772 1708 1872 1746 qua-

73 1753 149 1791 lem
172 1753 363 1803 Keplerus
397 1759 568 1804 speraret
601 1766 647 1792 ex
679 1755 825 1801 amicis,
859 1754 962 1804 apud
993 1754 1246 1792 Maestlinum
1280 1755 1328 1792 ab
1353 1767 1386 1792 a.
1415 1758 1535 1793 1605.
1569 1757 1604 1791 iu
1640 1755 1721 1793 dies
1744 1756 1871 1792 mino-

74 1823 153 1849 rem
184 1811 304 1850 fuisse
338 1812 519 1850 vidimus.
581 1812 727 1850 Davidi
760 1811 897 1850 deinde
930 1813 1109 1850 Fabricio
1142 1812 1333 1862 Keplerus
1365 1825 1399 1850 a.
1438 1817 1559 1850 1608.
1593 1815 1675 1862 ipse
1706 1813 1871 1851 scribere

74 1869 203 1916 desiit,
237 1882 322 1908 eum
356 1871 439 1919 ejus
472 1872 706 1921 sempiterna
746 1882 871 1908 rerum
902 1872 1057 1920 saepius
1089 1870 1276 1908 dictarum
1316 1872 1574 1909 ruminatione
1607 1876 1644 1909 et
1675 1871 1870 1921 perpetuis

73 1929 232 1965 somniis
264 1933 301 1965 et
332 1931 445 1978 nugis
479 1928 722 1977 astrologicis
755 1940 910 1978 prorsus
943 1934 1045 1967 esset
1078 1928 1328 1977 defatigatus,
1379 1928 1605 1966 Herwartus
1638 1928 1684 1967 de
1707 1928 1870 1967 Hohen-

71 1987 170 2035 burg
202 1986 356 2035 quidem
388 1999 511 2036 usque
544 1987 592 2024 ad
615 1998 758 2024 annum
786 1991 906 2025 1609.
939 1989 976 2023 in
1011 1987 1295 2035 chronologicis
1327 1987 1465 2024 studiis
1487 1987 1646 2036 Kepleri
1680 1988 1870 2024 auxilium

73 2050 110 2082 et
141 2046 306 2094 petierat
338 2050 374 2083 et
406 2047 626 2090 invenerat,
660 2049 864 2094 praeterea
897 2044 943 2083 de
976 2046 1216 2083 astronomia
1248 2046 1498 2093 quaestiones
1532 2047 1565 2083 ei
1597 2046 1801 2095 proposuit
1833 2049 1870 2083 et

74 2102 120 2141 de
153 2103 373 2141 tabularum
407 2104 734 2142 arithmeticarum
768 2103 937 2141 editione
958 2103 1117 2152 Kepleri
1150 2103 1354 2140 consilium
1376 2103 1592 2152 postulavit
1625 2106 1736 2150 (anno
1765 2107 1866 2142 1610.

72 2164 139 2198 hae
166 2163 314 2198 tabulae
341 2164 458 2198 editae
485 2168 586 2209 sunt;
620 2163 685 2199 cfr.
714 2163 793 2198 Vol.
819 2163 880 2199 IV.
906 2175 940 2208 p.
969 2164 1071 2208 527),
1117 2162 1257 2210 quibus
1302 2163 1416 2199 rebus
1459 2161 1651 2211 Keplerus
1699 2163 1780 2210 ipse
1819 2160 1867 2198 ad

72 2218 239 2268 amplius
280 2219 540 2267 quaerendum
580 2220 728 2257 excitus
769 2224 838 2257 est.
902 2218 998 2256 Cum
1041 2223 1170 2257 autem
1212 2218 1315 2257 edito
1347 2219 1539 2257 Herwarti
1580 2231 1721 2268 magno
1754 2231 1869 2268 opere

73 2276 346 2326 chronologico
381 2277 530 2327 (1612)
569 2279 733 2315 rariores
775 2281 812 2314 et
852 2288 991 2314 causae
1033 2282 1072 2314 et
1104 2278 1327 2315 occasiones
1369 2282 1496 2316 essent
1533 2277 1729 2315 literarum
1761 2288 1869 2315 com-

72 2336 257 2374 mercium
291 2334 426 2373 eodem
460 2347 536 2385 quo
569 2335 697 2373 adhuc
728 2334 843 2372 modo
877 2334 1141 2382 continuandi,
1175 2335 1266 2373 huic
1298 2347 1453 2385 quoque
1486 2337 1610 2373 amieo
1634 2335 1769 2373 eodem
1791 2335 1869 2373 sere

72 2399 246 2444 tempore
280 2404 356 2442 quo
389 2394 571 2432 Fabricio
602 2394 733 2432 literas
766 2392 960 2442 Keplerus
993 2394 1143 2431 mittere
1187 2393 1312 2431 desiit.
1376 2394 1600 2442 Brenggero
1634 2394 1798 2443 denique
1831 2398 1868 2431 et

73 2452 256 2490 Harrioto
300 2453 473 2500 inprimis
517 2452 563 2489 de
606 2453 732 2501 optice
772 2451 938 2489 scribere
979 2450 1117 2488 solitus
1159 2456 1216 2488 est
1257 2459 1294 2489 et
1336 2451 1451 2489 modo
1493 2458 1572 2489 tam
1607 2451 1672 2489 diu
1703 2452 1867 2500 scripsit,

73 2509 262 2559 quamdiu
294 2509 575 2558 Keplerianum
606 2510 728 2559 ipsius
761 2511 909 2558 optiees
951 2508 1120 2546 studium
1155 2515 1192 2547 et
1224 2509 1336 2546 ardor
1367 2521 1445 2547 non
1476 2509 1620 2548 resedit
1651 2515 1688 2546 et
1719 2509 1870 2558 languit

73 2569 138 2618 (ab
171 2580 205 2605 a.
242 2571 364 2605 1605.
399 2580 522 2616 usque
555 2567 603 2605 ad
635 2580 670 2605 a.
708 2567 862 2617 1609.).
905 2566 1032 2614 Quum
1064 2567 1139 2604 hoc
1170 2566 1285 2604 modo
1318 2567 1512 2616 Keplerus
1546 2567 1595 2605 ad
1626 2566 1663 2603 id
1689 2567 1869 2605 redactus

73 2631 187 2672 esset,
220 2632 262 2662 ut
293 2626 387 2673 ipsis
419 2627 635 2663 veterrimis
665 2627 746 2663 suis
778 2626 1007 2674 propinquis
1040 2629 1076 2662 et
1109 2626 1242 2662 amicis
1277 2624 1323 2663 de
1355 2625 1494 2662 studiis
1526 2624 1717 2662 scribendi
1750 2636 1869 2663 causa

73 2690 110 2722 et
142 2684 296 2722 occasio
329 2683 504 2730 abesset,
551 2694 703 2720 omnem
747 2694 872 2720 novos
903 2682 1077 2720 homines
1120 2682 1380 2730 cognoscendi
1419 2683 1590 2721 oblatam
1623 2684 1867 2721 occasionem

72 2743 257 2791 arripuit,
301 2746 344 2778 ut
373 2743 517 2790 pariter
549 2747 666 2789 atque
705 2746 837 2787 antea,
882 2742 1020 2789 partim
1053 2741 1090 2775 in
1123 2740 1210 2777 aliis
1252 2741 1449 2778 literarum
1492 2741 1737 2790 regionibus,
1781 2752 1866 2778 cum

73 2801 206 2838 amicis
239 2800 496 2848 cogitationes
530 2811 621 2836 suas
654 2799 970 2836 communicaret.
1036 2796 1100 2834 Sic
1132 2797 1292 2846 Kepleri
1325 2809 1410 2835 eum
1442 2799 1687 2847 Berneggero
1719 2799 1867 2848 episto-

72 2859 194 2896 larum
218 2863 341 2895 ortum
364 2862 422 2894 est
445 2857 727 2902 commercium,
762 2855 866 2904 quod
890 2854 1057 2903 quidem,
1090 2860 1134 2892 ut
1165 2867 1283 2904 supra
1307 2855 1490 2903 vidimus,
1523 2868 1569 2894 ex
1591 2857 1736 2894 minore
1757 2862 1866 2905 parte

74 2917 122 2954 ad
155 2916 287 2954 literas
321 2917 519 2964 pertinuit.
582 2914 641 2951 De
675 2913 927 2960 chronologia
959 2912 1023 2961 (de
1056 2923 1169 2958 anno,
1204 2924 1280 2961 quo
1314 2913 1490 2951 Christus
1523 2918 1580 2951 est
1610 2919 1736 2962 natus,
1771 2914 1866 2952 defi-

72 2973 226 3021 niendo,
259 2973 423 3022 aliisque
456 2972 502 3010 de
534 2972 666 3019 rebus)
701 2971 886 3016 Calvisio,
920 2969 1109 3017 Zieglero,
1144 2969 1341 3019 Scaligero
1374 2971 1423 3009 ab
1456 2983 1557 3009 anno
1585 2975 1707 3009 1607.
1741 2983 1864 3021 usque

74 3032 123 3070 ad
155 3045 190 3070 a.
215 3033 339 3070 1610.
372 3031 537 3080 scripsit,
571 3029 616 3067 de
648 3028 784 3067 iisdem
815 3028 931 3066 rebus
964 3027 1141 3066 Deckero
1174 3028 1222 3065 ab
1246 3040 1281 3066 a.
1307 3032 1432 3067 1610.
1464 3041 1587 3078 usque
1610 3029 1658 3066 ad
1680 3043 1714 3068 a.
1741 3034 1863 3068 1614.

74 3092 179 3128 misit
210 3088 409 3139 epistolas,
444 3099 541 3137 quos
573 3089 678 3137 ipsos
710 3087 811 3124 intra
842 3097 964 3123 annos
998 3090 1036 3124 ct
1066 3085 1282 3124 Harmonia
1318 3092 1355 3124 et
1386 3086 1684 3136 Ephemeridum
1715 3100 1804 3137 pars
1827 3093 1865 3127 et

73 3147 348 3198 Rudolphinae
380 3146 539 3186 tabulae
566 3157 590 3185 a
610 3145 782 3196 Keplero
814 3145 981 3196 scriptae
1012 3148 1114 3182 sunt.
1158 3143 1244 3194 Quo
1277 3156 1322 3183 ex
1354 3145 1606 3195 epistolarum
1637 3148 1864 3187 commercio
