2126 3388
179 190 290 236 1004
803 192 886 228 Vita
909 191 1059 228 Joannis
1084 191 1240 238 Kepleri.

179 312 279 350 eirca
310 312 465 350 Terram
498 309 742 360 dispensatur
772 322 795 348 a
826 310 967 359 Terra3
1008 315 1048 349 at·
1088 312 1143 349 sie
1173 309 1241 349 Sol
1272 310 1531 362 planetarum,
1573 310 1692 350 Terra
1733 323 1824 350 vero
1856 311 1958 351 Solis

176 375 300 407 motor
332 369 591 407 constituitur.
652 367 692 405 Si
724 367 889 417 denique
921 369 1264 407 Aristarchus
1288 398 1296 406 .
1321 400 1329 409 .
1353 398 1361 406 .
1387 398 1395 406 .
1440 374 1533 408 tune
1565 370 1741 407 binorum
1773 381 1958 419 quorum-

178 438 325 476 cunque
355 426 592 476 planetarum
624 426 734 463 orbes
774 428 870 463 inter
901 438 942 463 se
974 428 1257 476 proportionem
1288 426 1403 464 talem
1435 427 1589 475 habent,
1623 439 1721 476 quae
1753 427 1848 466 duas
1880 433 1959 467 ter-

177 486 249 522 tias
282 483 557 532 complectatur
587 485 843 532 proportionis
874 484 1129 532 periodorum,
1162 484 1348 523 et‘motus
1371 489 1448 522 tam
1469 485 1634 523 Telluris
1666 497 1780 534 quam
1812 491 1960 525 cetero-

176 553 256 578 rum
288 543 455 589 quinque
488 553 533 578 ex
565 542 677 578 unico
709 542 812 579 fonte
843 541 980 579 solaris
1012 544 1180 592 corporis
1211 542 1464 592 dispensatur.
1514 543 1591 581 Hic
1621 543 1727 581 nulla
1757 544 1870 594 plane
1903 550 1960 582 est

176 600 361 647 exceptio,
394 601 588 648 proportio
621 604 678 636 est
700 600 953 637 munitissima
984 612 1030 638 ex
1062 605 1224 649 utroque
1253 600 1391 649 later03
1425 613 1470 639 ex
1500 606 1609 652 parte
1640 601 1795 650 quidem
1825 614 1961 640 sensus

177 662 363 694 testantur
400 662 703 694 astronomorum
745 658 1035 695 observationes
1078 657 1325 706 quotidianae
1363 670 1447 696 cum
1489 660 1591 697 omni
1634 660 1846 698 subtilitate
1878 671 1959 708 sua,

178 725 221 751 ex
255 723 359 762 parte
392 725 482 752 vero
525 716 684 753 rationis
721 716 950 765 astipulatur
988 716 1100 753 nobis
1131 716 1375 754 Aristarchus
1407 719 1444 754 in
1475 717 1730 766 generalibus,
1764 719 1802 754 in
1833 720 1962 768 specie

174 782 264 808 vero
297 782 435 809 causae
466 778 674 823 suppetunt
705 774 1026 821 evidentissimae,
1059 775 1185 823 posita
1215 775 1342 824 specie
1372 775 1628 814 immateriata
1658 777 1826 826 eorporis
1857 776 1963 814 sola-

174 830 241 874 ris,
283 841 347 866 eur
385 833 578 879 proportio
612 835 721 877 (ratio)
757 831 895 869 debeat
933 844 1016 870 esse
1054 843 1124 870 nec
1164 832 1322 881 simpla,
1365 844 1435 871 nec
1468 833 1603 884 dupla,
1635 833 1703 870 sed
1733 833 1846 883 plane
1877 846 1962 872 ses-

176 885 374 935 quialtera.
417 887 567 926 Causae
599 892 712 928 etiam
743 894 963 940 suppetunt,
997 901 1061 927 eur
1082 889 1148 928 Sol
1175 891 1302 941 potius
1325 890 1466 929 Terrae
1487 897 1529 929 ut
1551 891 1791 941 planetarum
1813 896 1962 930 cetero-

175 959 275 991 rum,
318 959 433 995 quam
464 947 582 985 Terra
613 947 714 985 Solis
757 953 881 985 motor
913 959 996 986 esse
1028 950 1170 997 possit,
1214 948 1376 998 denique
1415 949 1600 986 naturalis
1638 950 1796 987 rationis
1833 949 1962 988 lumen

176 1004 310 1052 dictat,
354 1004 563 1053 digniorem
596 1011 632 1043 et
663 1007 785 1055 magis
816 1005 1101 1056 archetypicam
1133 1017 1216 1044 esse
1248 1007 1415 1056 speeiem
1448 1018 1603 1057 operum
1636 1007 1730 1054 Dei,
1772 1009 1802 1044 si
1835 1013 1962 1046 motus

176 1074 306 1100 omnes
337 1063 385 1100 ab
418 1074 492 1100 uno
524 1064 627 1102 fonte
649 1065 790 1110 fluant,
823 1075 938 1113 quam
969 1065 1000 1100 si
1031 1064 1203 1113 plerique
1235 1064 1388 1114 quidem
1419 1065 1468 1102 ab
1494 1075 1569 1102 uno
1601 1064 1666 1102 illo
1697 1065 1815 1114 fonte,
1847 1067 1963 1104 fontis

174 1131 266 1158 vero
297 1122 417 1170 ipsius
449 1121 497 1158 ab
529 1121 605 1159 alio
637 1122 864 1171 ignobiliore
895 1119 1039 1159 fonte.“
1071 1122 1074 1125 ”

317 1178 515 1230 „Accedat
559 1191 649 1218 vero
692 1180 870 1218 formatio
910 1181 996 1230 ipsa
1034 1181 1291 1230 proportionis
1331 1181 1479 1218 orbium
1522 1181 1682 1218 seorsim
1713 1181 1803 1218 ante
1835 1185 1963 1219 motus

175 1236 277 1274 facta
309 1248 374 1286 per
413 1238 582 1286 quinque
619 1238 760 1285 figuras
799 1243 836 1276 et
874 1250 940 1288 per
976 1238 1208 1276 harmonias.
1270 1238 1368 1276 Nam
1406 1239 1439 1276 si
1470 1238 1644 1276 Braheus
1686 1250 1818 1276 verum
1857 1239 1961 1288 dicit,

174 1294 301 1332 locum
332 1296 405 1332 ista
438 1306 511 1331 non
545 1295 688 1333 habent
719 1297 794 1333 nisi
826 1296 973 1334 adscito
1008 1296 1149 1334 circulo
1187 1295 1318 1345 aliquo
1349 1296 1514 1334 Telluris
1552 1298 1649 1334 inter
1680 1297 1792 1335 orbes
1826 1297 1962 1336 Martis

177 1358 216 1390 et
246 1352 408 1390 Veneris
440 1365 506 1402 per
538 1355 851 1402 imaginationem
886 1354 1164 1401 circumducto,
1198 1360 1235 1392 et
1266 1355 1373 1392 Deus
1404 1366 1479 1392 non
1512 1356 1566 1392 rei
1598 1356 1732 1405 ipsius,
1765 1355 1831 1392 sed
1864 1357 1964 1393 ima-

176 1412 386 1457 ginationis
418 1413 547 1461 potius
580 1423 709 1449 curam
741 1412 887 1460 habuit,
920 1412 1166 1461 distorquens
1199 1424 1294 1462 opus
1326 1414 1451 1462 ipsum
1484 1412 1732 1460 mundanum,
1765 1418 1807 1450 ut
1838 1415 1963 1463 operis

177 1469 401 1517 imaginatio
434 1469 592 1518 pulchra
624 1481 707 1507 esse
740 1477 892 1520 posset,
926 1482 1010 1508 cum
1042 1475 1170 1508 tamen
1202 1470 1372 1509 infinitae
1404 1470 1503 1508 aliae
1533 1471 1679 1509 similes
1711 1472 1962 1521 imaginariae

177 1528 323 1576 species
355 1525 413 1577 (ut
443 1529 653 1565 stationum
685 1533 722 1566 et
752 1527 1140 1579 retrogradationum)
1182 1534 1338 1567 careant
1376 1529 1443 1566 tali
1487 1534 1647 1566 ornatu:
1691 1533 1731 1567 at
1761 1531 1794 1566 si
1828 1541 1963 1567 verum

177 1585 268 1621 dicit
300 1584 561 1631 Aristarchus,
594 1590 685 1624 tunc
717 1591 874 1624 ornatus
906 1588 977 1624 iste
1009 1588 1204 1625 invenitur
1235 1588 1272 1623 in
1305 1599 1366 1633 re,
1408 1588 1557 1637 species
1589 1597 1681 1625 vero
1713 1588 1962 1637 imaginariae

178 1654 319 1689 omnes,
352 1643 459 1681 nulla
491 1650 664 1694 excepta,
697 1646 966 1694 permittuntur
1001 1645 1294 1683 necessitatibus
1327 1645 1456 1693 legum
1488 1646 1714 1695 opticarum
1724 1645 1742 1666 ‘⁶

316 1701 458 1752 „Hisce
489 1704 686 1752 perpensis
718 1715 829 1753 spero
862 1714 932 1740 vos
964 1714 1110 1752 aequos
1143 1703 1365 1752 dogmatum
1399 1715 1575 1741 censores
1606 1704 1698 1751 fore,
1731 1714 1801 1741 nee
1830 1703 1962 1776 hostes

175 1772 245 1797 vos
279 1765 454 1808 gesturos
488 1765 643 1798 ornatus
682 1772 839 1810 operum
872 1761 1087 1799 divinorum
1121 1762 1424 1810 exquisitissimi
1474 1760 1626 1799 V.alete
1634 1759 1653 1781 “

311 1818 469 1868 Scripsit
508 1817 604 1855 haee
640 1818 830 1868 Keplerus
872 1831 1002 1857 mense
1046 1818 1203 1857 Octobri
1238 1824 1366 1866 1621,
1409 1819 1535 1868 legem
1577 1830 1668 1858 vero
1709 1820 1843 1868 ipsam,
1884 1830 1961 1868 qua

176 1875 373 1924 Copernici
416 1875 462 1914 de
502 1876 643 1914 mundo
686 1879 874 1915 rationem
919 1877 1137 1929 „theologis
1169 1882 1206 1915 et
1247 1848 1516 1927 philosophis“
1562 1883 1605 1915 ut
1631 1878 1713 1926 jam
1744 1876 1960 1915 firmissime

175 1934 386 1971 stabilitam
418 1939 455 1972 et
487 1933 785 1972 demonstratam
816 1936 975 1986 probat,
1017 1937 1163 1973 invenit
1205 1947 1305 1974 anno
1342 1939 1463 1976 1618.
1497 1947 1659 1985 eamque
1700 1936 1961 1973 inventionem

178 1993 259 2040 ipse
290 1992 402 2029 refert
434 1994 470 2028 in
504 1992 741 2031 Harmoniae
771 1993 868 2031 libro
901 1995 1034 2042 quinto
1067 1994 1255 2031 scribens:
1300 1994 1498 2046 „Inventis
1529 1996 1630 2032 veris
1662 1993 1811 2031 orbium
1841 1995 1961 2031 inter-

176 2049 287 2087 vallis
320 2061 385 2099 per
416 2051 705 2089 observationes
728 2051 869 2089 Brahei
902 2051 1054 2101 plurimi
1086 2053 1269 2101 temporis
1302 2052 1434 2090 labore
1459 2053 1640 2090 continuo
1672 2051 1838 2098 tandem,
1871 2056 1960 2090 tan-

177 2107 262 2145 dem
293 2109 461 2157 genuina
491 2111 688 2159 proportio
720 2113 931 2159 temporum
964 2109 1241 2159 periodicorum
1265 2109 1315 2147 ad
1345 2112 1632 2160 proportionem
1664 2110 1813 2148 orbium

587 2190 641 2195 —-
673 2188 727 2195 —
757 2179 845 2205 ser-a
877 2168 1034 2216 quidem
1066 2171 1237 2217 respexit
1267 2171 1446 2215 inertem,

585 2225 769 2273 Respexit
799 2231 933 2263 tamen
964 2232 999 2263 et
1028 2227 1146 2274 Zonyo
1172 2232 1263 2274 post
1294 2231 1469 2275 tempore
1499 2229 1607 2264 venit
1615 2240 1630 2274 ,·

177 2293 312 2330 eaque,
345 2283 377 2319 si
410 2283 590 2332 temporis
622 2283 803 2321 articulos
836 2285 946 2333 petis,
982 2288 1018 2321 S.
1040 2283 1170 2321 Martii
1202 2285 1317 2333 hujus
1340 2286 1429 2322 anni
1455 2288 1576 2322 1618.
1609 2285 1736 2322 animo
1761 2288 1959 2333 concepta,

175 2339 242 2377 sed
273 2340 476 2378 infeliciter
507 2339 555 2378 ad
588 2341 757 2379 calculos
789 2347 928 2379 vocata
960 2353 1082 2390 eoque
1124 2353 1190 2392 pro
1229 2342 1327 2380 falsa
1363 2342 1522 2391 rejecta,
1567 2342 1731 2390 denique
1766 2345 1829 2380 15.
1862 2341 1960 2391 Maji

175 2409 327 2436 reversa
357 2410 459 2436 novo
492 2404 604 2448 capto
637 2401 781 2449 impetu
813 2402 1051 2449 expugnavit
1091 2401 1230 2438 mentis
1261 2412 1370 2438 meae
1400 2401 1600 2447 tenebras,
1643 2404 1751 2438 tanta
1782 2411 1960 2450 compro-

173 2456 329 2493 batione
362 2461 399 2493 et
429 2456 573 2494 laboris
605 2459 677 2494 mei
711 2458 1069 2507 septendecennalis
1101 2460 1138 2494 in
1172 2459 1510 2496 observationibus
1531 2458 1743 2496 Braheanis
1776 2463 1813 2495 et
1834 2458 1960 2496 medi-

174 2515 330 2551 tationis
361 2514 476 2562 hujus
508 2516 543 2550 in
578 2526 694 2552 unum
727 2517 1041 2566 conspirantium,
1075 2522 1117 2553 ut
1147 2517 1338 2554 somniare
1370 2528 1429 2554 me
1463 2526 1500 2555 et
1530 2527 1775 2567 praesumere
1807 2517 1960 2565 quaesi-

173 2577 252 2608 tum
285 2574 381 2609 inter
410 2573 598 2621 principia
629 2574 749 2622 primo
781 2572 1012 2611 crede1·em.“

310 2630 353 2666 In
385 2629 586 2667 Prodromi
619 2632 742 2680 prima
774 2631 942 2670 editione
973 2633 1097 2682 pergit
1125 2631 1207 2680 jam
1239 2631 1430 2682 Keplerus
1461 2633 1657 2681 inquirens
1690 2643 1830 2670 causas
1865 2631 1961 2683 „de-

174 2684 320 2724 feetus“
354 2699 597 2726 numerorum
630 2700 787 2727 suorum
821 2702 866 2728 ex
900 2691 1123 2738 corporibus
1155 2689 1396 2738 regularibus
1429 2690 1698 2737 deductorum,
1731 2690 1961 2740 comparatis

175 2744 373 2794 Copernici
405 2749 583 2793 numeris,
618 2758 782 2785 errorem
812 2752 923 2798 putat
954 2749 1007 2785 ita
1028 2747 1282 2786 demonstrari
1304 2759 1438 2797 posse,
1471 2754 1512 2785 ut
1532 2760 1656 2796 neque
1677 2754 1805 2785 motus
1834 2758 1958 2795 neque

177 2804 285 2840 orbes
317 2803 532 2852 relinquere
565 2816 722 2843 neeesse
756 2807 815 2843 sit.
836 2823 839 2826 >
859 2805 986 2853 Quare
1018 2810 1169 2843 mutato
1203 2806 1352 2844 calculo
1376 2805 1474 2843 alios
1497 2805 1744 2856 deprehendit
1767 2816 1959 2851 numeros,

176 2862 314 2907 quibus
351 2863 412 2912 „in
444 2864 599 2900 remotis
632 2875 654 2900 a
685 2863 803 2901 Terra
834 2863 999 2914 planetis
1031 2863 1080 2902 ad
1115 2863 1263 2902 medias
1305 2863 1509 2902 distantias
1550 2865 1720 2914 proxime
1753 2862 1959 2909 acceditur,

178 2920 213 2953 in
247 2919 382 2956 vicinis
415 2919 557 2963 (Marte
590 2925 628 2957 et
658 2921 829 2969 Venere)
869 2922 1033 2959 motoria
1078 2921 1261 2959 distantia
1300 2922 1478 2970 utrinque
1520 2922 1682 2960 vicinior
1723 2925 1779 2958 est
1817 2920 1959 2958 Terrae

177 2987 291 3023 quam
330 2977 594 3026 Copernieana
634 2977 803 3017 media“.
863 2979 907 3016 In
945 2979 1004 3017 ed.
1036 2979 1093 3016 ΙΙ8
1133 2984 1264 3017 monet
1300 2979 1514 3029 Keplerus:
1565 2979 1840 3031 „Supervacua
1877 2977 1958 3026 jam

177 3045 287 3080 porro
320 3039 376 3071 est
407 3035 501 3072 haec
533 3036 777 3084 conjectatio.
839 3037 941 3074 Vera
973 3038 1073 3074 enim
1103 3039 1348 3087 proportione
1379 3039 1556 3084 inventa,
1600 3038 1638 3073 in
1680 3047 1756 3084 qua
1788 3034 1959 3073 defectus

178 3089 288 3138 plane
320 3091 458 3138 nullus,
491 3092 582 3140 quid
613 3093 704 3130 mihi
737 3105 832 3144 opus
865 3100 922 3132 est
951 3095 1049 3133 falso
1082 3095 1263 3133 defectu?
1302 3095 1382 3133 Nee
1402 3107 1561 3145 corpora
1591 3105 1658 3131 seu
1687 3093 1833 3142 figurae
1853 3093 1959 3132 solae

178 3147 340 3186 formant
370 3149 573 3188 intervalla
610 3150 870 3199 planetarum,
915 3163 984 3191 nee
1015 3157 1188 3191 motuum
1229 3152 1318 3191 talis
1348 3154 1386 3189 in
1418 3151 1618 3191 individuo
1660 3155 1718 3190 est
1747 3152 1956 3202 proportio.
