2126 3388
743 168 858 207 Amici
884 169 1032 216 Kepleri
1058 168 1102 205 de
1128 168 1206 214 ejus
1233 169 1344 206 obitu.
1847 169 1931 214 923

146 303 226 329 esse
253 292 578 337 suppeditaturum.
616 291 697 335 Ipse
723 288 863 324 interim
890 287 982 332 suis,
1010 291 1049 322 ut
1068 287 1200 332 scribit,
1232 287 1406 322 sumtibus
1433 287 1575 322 excudit
1602 287 1741 323 tabulas
1768 289 1937 331 1001111111-

145 352 266 386 11110113.
300 350 441 385 Habeto
469 354 505 386 et
531 348 735 393 exemplum
761 346 1083 392 epithalamiorum,
1110 357 1262 390 quorum
1287 346 1409 391 aliqua
1434 347 1518 381 mihi
1536 347 1645 382 missa
1670 347 1761 382 inter
1779 347 1937 391 collegas

146 410 409 452 distribuenda,
438 409 534 452 quod
559 419 630 443 non
655 406 724 441 feci
750 410 870 441 tamen
902 415 982 440 cum
1007 405 1086 440 aliis
1113 405 1155 439 dc
1182 405 1310 449 causis,
1337 409 1411 439 111111
1438 416 1480 440 011
1506 407 1716 451 praecipue,
1744 407 1838 451 quod
1858 418 1936 452 per-

145 470 317 513 scriptum
353 467 530 512 designati
561 465 776 511 professoris
810 464 970 507 titulum,
1003 464 1069 499 etsi
1101 474 1240 508 verum,
1274 465 1418 499 tametsi
1448 465 1565 509 aegris
1597 464 1710 500 oculis
1736 472 1938 501 antecesso-

143 537 217 562 rem
250 527 369 562 adhuc
403 526 520 560 vivum
551 524 802 568 valentemque
834 528 870 559 et
901 534 1037 569 paucos
1075 524 1250 568 quosdam
1281 522 1391 565 alios,
1425 524 1509 559 huic
1541 524 1780 568 designationi
1810 536 1938 570 parum

144 596 290 630 aequos,
317 588 529 629 aspecturos
556 593 634 617 esse
653 582 790 617 scirem.
827 583 1013 618 Statuerat
1038 582 1083 617 ad
1110 592 1174 616 nos
1202 593 1282 617 cum
1307 582 1380 616 suis
1406 582 1526 616 venire
1545 583 1736 626 praeterito
1754 583 1938 626 paschate,

144 644 241 680 suasi
267 654 310 679 ne
337 644 412 690 sine
439 641 731 678 scholarcharum
758 641 938 685 praescitu
965 645 1001 676 et
1026 651 1204 676 consensu
1229 641 1264 676 id
1290 640 1436 676 faceret.
1485 640 1689 685 Significavi
1724 641 1847 685 etiam,
1880 641 1938 674 vix

143 714 243 748 spem
269 713 348 737 esse
374 701 495 737 salarii
521 699 795 735 extraordinarii
821 699 1016 743 obtinendi,
1043 711 1123 734 cum
1142 700 1249 734 etiam
1267 700 1448 735 ordinaria
1471 700 1507 734 in
1533 699 1601 734 hac
1617 703 1817 744 temporum
1847 699 1939 735 disfi-

143 761 276 797 cultate
303 770 409 805 aegre
435 758 632 793 solvantur.
675 759 736 801 (Ex
762 759 813 793 lit.
842 761 871 790 d.
898 762 1107 799 Argentorati
1133 762 1188 794 ⁶21.
1215 761 1292 794 ι11111.
1323 759 1436 803 1631.)

281 818 524 853 Schickardus
549 817 594 851 ad
619 816 901 861 Berneggerum:
940 817 1053 851 Doleo
1081 817 1194 852 vicem
1219 817 1391 861 Keppleri
1417 817 1603 861 (Ludoxici)
1634 817 1764 861 nostri,
1798 817 1893 861 quod
1919 828 1940 851 a

143 879 216 913 suis
252 882 325 913 tam
360 877 464 919 longe
499 875 633 911 dissitis
667 875 757 910 adeo
791 874 1003 919 negligitur,
1041 880 1077 910 et
1114 880 1247 910 sortem
1281 875 1395 919 ipsius
1427 875 1595 910 consolor
1631 875 1778 910 inclusis
1814 875 1938 910 literis.

143 936 279 981 Quodsi
298 936 342 971 D.
361 934 571 970 Bartschius
598 937 694 968 esset
717 933 876 978 propior,
904 943 1008 977 spero
1034 945 1105 969 11011
1131 934 1270 969 deforet
1291 935 1371 978 ipsi.
1416 935 1581 969 Ceterum
1608 935 1729 979 accepi
1756 934 1940 978 exemplar

142 994 346 1030 tabularum
381 993 459 1037 ejus
486 997 521 1027 et
547 992 652 1027 valde
686 996 827 1035 gratum
853 991 939 1035 fuit,
965 992 1183 1036 inspiciundi
1209 993 1346 1038 copiam
1375 992 1484 1028 fuisse
1511 993 1646 1034 datam,
1681 995 1842 1038 adeoque
1864 994 1939 1037 jam

142 1052 262 1088 statim
288 1052 516 1094 remitterem,
543 1050 612 1085 nisi
636 1054 784 1095 propter
808 1050 945 1086 viarum
970 1051 1131 1095 pericula
1157 1052 1313 1087 nondum
1333 1056 1429 1087 esset
1453 1053 1539 1087 satis
1564 1058 1692 1088 tutum.
1726 1053 1814 1088 Viae
1840 1052 1940 1087 undi-

142 1120 210 1154 que
236 1108 510 1154 praedatoribus
536 1108 707 1142 militibus
734 1107 892 1152 repletae
919 1113 1019 1154 sunt,
1052 1113 1094 1144 ut
1118 1121 1162 1144 ne
1196 1114 1318 1154 portas
1344 1111 1487 1154 quidem
1523 1112 1644 1155 oppidi
1679 1122 1804 1147 secure
1831 1111 1939 1146 liceat

142 1169 280 1214 egredi,
315 1168 405 1201 adeo
441 1167 597 1212 spoliant
624 1167 768 1211 quosvis
795 1167 918 1202 obvios
945 1167 980 1201 in
1006 1173 1199 1212 conspectu
1225 1172 1364 1205 nostro.
1413 1169 1501 1204 Heri
1525 1171 1709 1214 syndicum
1736 1170 1940 1206 academiae

141 1227 281 1272 capillis
307 1238 372 1271 per
397 1237 535 1262 amnem
562 1225 756 1261 crudeliter
789 1230 945 1261 tractum
971 1227 1156 1271 privarunt
1181 1237 1246 1262 suo
1272 1231 1309 1262 et
1334 1228 1472 1263 comitis
1498 1239 1608 1273 equo,
1640 1229 1747 1264 hodie
1773 1229 1940 1273 pharma-

143 1286 268 1331 copoei
293 1286 506 1329 ministrum,
531 1285 568 1320 in
594 1285 798 1320 suburbano
824 1285 930 1319 horto
955 1285 1115 1330 plantam
1140 1296 1205 1329 pro
1224 1285 1400 1321 medicina
1427 1292 1668 1331 quaerentem,
1695 1287 1803 1331 pallio
1829 1298 1939 1322 exue-

140 1349 224 1381 runt
245 1350 279 1380 et
296 1345 402 1389 pileo,
421 1344 579 1388 taliaque
597 1343 743 1388 singulis
763 1353 854 1388 pene
873 1342 970 1377 horis
989 1343 1214 1387 contingunt,
1243 1343 1428 1386 Quomodo
1449 1349 1566 1380 autem
1582 1346 1747 1390 Tubinga
1765 1350 1887 1381 nostra
1906 1349 1941 1381 et

141 1403 245 1438 simul
264 1402 377 1438 omnis
395 1404 557 1438 Ducatus
574 1402 904 1447 Wartembergicus
920 1401 957 1436 in
974 1402 1081 1437 fidem
1101 1402 1263 1437 Caesaris
1281 1403 1394 1448 pridie
1411 1403 1483 1441 Cal.
1497 1403 1613 1439 ι11111113
1632 1404 1750 1439 00111111
1766 1405 1939 1439 Fursten-

140 1462 274 1506 bergio,
290 1461 412 1505 viginti
429 1461 588 1496 millibus
606 1472 671 1497 nos
690 1461 878 1502 adorienti,
893 1461 1014 1495 dedita
1031 1461 1087 1501 311,
1102 1471 1146 1495 ex
1165 1460 1308 1505 publica
1326 1461 1420 1495 fama
1437 1462 1562 1506 procul
1581 1461 1687 1496 dubio
1706 1473 1845 1497 nosces.
1873 1462 1939 1497 Ac-

140 1521 225 1556 cidit
242 1520 310 1554 hoc
327 1519 434 1564 plane
451 1523 596 1564 practer
613 1529 726 1554 meam
744 1525 779 1554 et
795 1519 1049 1564 plerorumque
1075 1524 1279 1555 nostrorum
1306 1530 1415 1564 spem.
1451 1521 1536 1555 Cum
1564 1521 1655 1555 enim
1681 1522 1821 1556 hostem
1841 1526 1940 1556 trans

140 1579 288 1614 Nicrum
314 1582 433 1613 castra
458 1582 650 1613 metantem
676 1583 711 1612 et
730 1578 847 1612 omnia
873 1578 919 1613 ad
938 1579 1245 1623 oppugnationem
1263 1578 1515 1622 expedientem
1533 1588 1770 1622 cerneremus,
1796 1582 1940 1613 nostros

140 1648 224 1673 vero
251 1637 301 1673 cis
326 1637 461 1671 flumen
486 1637 522 1671 in
549 1636 662 1671 aciem
689 1636 840 1680 disponi,
865 1640 1044 1672 tormenta
1070 1636 1184 1681 dirigi,
1212 1636 1296 1681 quid
1323 1635 1420 1671 aliud
1445 1635 1514 1670 nisi
1538 1646 1611 1669 rem
1640 1635 1767 1669 seriam
1793 1645 1940 1679 exspec-

140 1697 298 1731 tassem?
347 1695 472 1730 Amovi
507 1706 592 1739 ergo
626 1695 735 1740 paulo
769 1699 852 1730 ante
878 1706 1025 1730 uxorem
1051 1699 1159 1740 atque
1186 1695 1335 1739 liberos,
1371 1705 1416 1730 ne
1446 1694 1605 1738 ipsorum
1640 1693 1775 1738 ejulatu
1802 1693 1940 1728 animus

140 1764 240 1789 meus
267 1754 504 1798 emolliretur,
541 1754 649 1799 inque
683 1753 788 1788 aliam
814 1755 937 1789 urbem
965 1754 1265 1799 Hohenbergicae
1297 1753 1442 1789 ditionis
1474 1751 1655 1787 transtuli.
1705 1752 1784 1795 Ego
1810 1756 1941 1793 autem,

139 1813 217 1847 Deo
242 1823 298 1848 me
323 1812 587 1854 commendans,
613 1822 752 1847 omnem
779 1816 946 1848 eventum
964 1811 1139 1847 sollicitus
1159 1811 1372 1856 exspectavi.
1406 1811 1477 1846 Sed
1495 1810 1636 1854 gaudeo
1662 1821 1758 1845 nunc
1775 1810 1939 1854 maxime,

139 1870 393 1906 bibliothecam
420 1870 504 1904 mihi
530 1870 666 1906 salvam
690 1870 877 1906 mansisse.
912 1870 1003 1905 Nam
1030 1870 1125 1914 quod
1151 1869 1348 1905 aediculam
1375 1869 1412 1903 in
1436 1870 1540 1904 horto
1565 1879 1643 1903 meo
1670 1871 1753 1903 sunt
1771 1867 1940 1912 demoliti,

141 1929 237 1973 quod
264 1930 463 1974 abegerunt
488 1939 621 1974 pecora
645 1939 736 1973 mea,
762 1928 859 1973 qnod
884 1927 956 1963 alia
982 1928 1113 1963 damna
1139 1928 1326 1969 dederunt,
1354 1928 1389 1962 id
1414 1927 1528 1961 multo
1556 1927 1705 1971 aequius
1731 1926 1820 1961 fero.

279 1987 398 2022 Audio
424 1992 555 2030 tamen,
580 1992 757 2022 vestrates
782 1987 875 2023 male
900 1986 944 2021 de
969 1986 1073 2021 nobis
1100 1986 1211 2031 loqui,
1237 1986 1332 2030 quod
1357 1986 1524 2020 fortunae
1543 1984 1768 2020 cesserimus.
1808 1984 1940 2019 Verum

140 2056 260 2080 annon
293 2045 482 2090 prudentis
515 2050 570 2081 est
601 2045 868 2089 gubernatoris,
908 2055 994 2080 vasa
1025 2046 1145 2090 potius
1177 2045 1267 2079 mari
1298 2045 1525 2086 immergere,
1563 2054 1669 2088 quam
1703 2043 1940 2078 certissimum

143 2103 263 2138 subire
288 2103 533 2148 naufragium,
570 2108 632 2138 aut
657 2104 832 2147 chirurgi,
867 2114 988 2139 secare
1014 2103 1141 2148 pedem
1168 2103 1303 2148 potius,
1344 2112 1450 2146 quam
1484 2106 1600 2136 totum
1630 2111 1760 2145 corpus
1786 2102 1938 2145 pereat?

143 2162 246 2197 Vires
272 2168 420 2197 nostrae
447 2162 560 2196 multo
587 2167 689 2197 erant
712 2161 899 2197 inferiores
924 2162 1130 2205 hostilibus,
1157 2162 1288 2197 milites
1312 2166 1450 2197 tantum
1480 2163 1591 2197 15000
1615 2165 1650 2196 et
1676 2162 1855 2205 equitatus
1881 2161 1939 2194 vix

143 2221 358 2265 subtriplum
383 2220 536 2256 illorum.
586 2222 740 2265 Insuper
764 2220 898 2255 auxilia
923 2221 1119 2255 vicinorum
1145 2230 1212 2255 nos
1237 2220 1492 2255 destituebant.
1528 2221 1582 2255 lta
1606 2220 1733 2254 misere
1758 2219 1939 2254 mactandi

142 2280 345 2325 fuissemus,
370 2281 438 2315 nisi
464 2282 561 2316 Deus
590 2281 739 2315 consilia
764 2281 907 2315 saniora
932 2281 1185 2325 suggessisset.
1235 2280 1324 2315 Vale
1348 2281 1535 2326 Tubingae
1562 2280 1593 2317 (1.
1626 2280 1678 2315 18.
1705 2279 1779 2314 Jul.
1810 2280 1909 2315 1031.

279 2339 529 2383 Berneggerus
548 2339 594 2374 ad
614 2339 894 2374 Schickardum:
921 2337 1121 2372 Monstravi
1138 2339 1337 2382 proximam
1363 2338 1552 2383 epistolam
1579 2342 1675 2372 tuam
1702 2337 1824 2372 amicis
1850 2348 1937 2371 11011-

143 2397 249 2431 11111113
276 2407 317 2431 00
343 2396 430 2438 fine,
463 2401 502 2431 ut
528 2408 635 2441 quam
660 2397 757 2432 fama
783 2397 928 2441 sequior
956 2397 999 2432 (10
1025 2401 1121 2433 statu
1147 2408 1266 2432 rerum
1293 2402 1492 2432 vestrarum
1524 2397 1726 2441 opinionem
1751 2396 1787 2430 in
1813 2395 1938 2430 animis

143 2459 347 2489 nostrorum
371 2454 555 2489 hominum
582 2455 768 2500 defixerat,
796 2460 832 2492 et
856 2455 945 2500 ipsis
971 2460 1006 2490 et
1031 2466 1095 2499 per
1113 2466 1173 2490 eos
1192 2455 1281 2499 aliis,
1309 2459 1484 2501 quantum
1508 2456 1544 2489 in
1569 2465 1624 2490 me
1643 2460 1708 2497 est,
1736 2453 1938 2489 exemerim.

143 2513 224 2547 Etsi
248 2522 401 2556 namque
426 2512 563 2556 regium
590 2518 655 2557 cst,
682 2519 723 2548 ut
747 2513 864 2558 inquit
888 2514 959 2555 1110,
987 2524 1066 2549 cum
1091 2515 1180 2550 bene
1207 2514 1331 2557 facias,
1358 2513 1450 2548 male
1467 2513 1602 2556 audire,
1628 2518 1715 2557 puto
1743 2516 1860 2546 tamen
1887 2511 1938 2546 111-

143 2575 280 2604 teresse
304 2569 448 2613 publice
474 2581 670 2615 omnesque
696 2571 810 2606 bonos
843 2572 878 2606 in
902 2572 938 2606 id
965 2572 1151 2607 elaborare
1179 2571 1328 2616 debere,
1359 2575 1399 2606 ut
1429 2571 1657 2616 magnatibus
1684 2570 1877 2605 auctoritas
1904 2573 1940 2604 et

145 2628 360 2664 existimatio
387 2638 451 2663 sua
477 2632 628 2663 constet.
671 2629 744 2672 (26.
770 2629 845 2665 Jul.
872 2631 994 2675 1531)

283 2686 340 2720 Ex
367 2686 519 2730 epistola
544 2686 671 2720 Petri
697 2687 928 2722 Gassendi
955 2687 999 2722 ad
1025 2688 1083 2725 W.
1112 2687 1370 2723 Schickardum
1397 2687 1447 2731 (d.
1475 2687 1622 2723 Parisiis
1641 2687 1694 2723 Id.
1711 2687 1937 2730 Jan.1631)2

147 2774 153 2781 .
174 2773 181 2780 .
203 2770 211 2780 .
231 2773 240 2781 .
268 2746 432 2779 Ceterum
456 2744 547 2779 haec
572 2744 659 2778 mihi
682 2745 718 2778 in
744 2750 898 2780 mentem
924 2745 1079 2781 flebilem
1106 2755 1228 2780 casum
1252 2750 1443 2789 revocant,
1478 2756 1584 2790 quem
1610 2750 1651 2781 tu
1677 2746 1721 2780 ad
1747 2745 1938 2780 Diodatum

145 2802 329 2847 scripsisti.
378 2802 493 2836 Deum
517 2802 773 2837 immortalem!
806 2803 966 2846 Igiturne
992 2803 1052 2838 Sol
1077 2803 1138 2838 1110
1164 2804 1281 2839 clarus
1307 2803 1530 2838 literatorum
1556 2803 1733 2848 Keplerus
1760 2803 1810 2852 sic
1835 2814 1938 2838 occu-

146 2861 232 2902 buit,
257 2865 297 2895 ut
322 2863 489 2894 aeternae
510 2860 586 2903 J'am
612 2860 783 2895 tenebrae
807 2860 983 2896 illustrem
1010 2861 1098 2896 adeo
1124 2861 1262 2908 vultum
1280 2860 1493 2895 obsideant?
1535 2861 1585 2895 O!
1613 2860 1648 2895 Si
1673 2860 1828 2904 querelis
1846 2860 1938 2896 foret

144 2919 258 2963 locus,
281 2923 322 2953 ut
347 2928 535 2962 possemus
561 2918 688 2952 merito
708 2918 790 2962 jure
815 2929 895 2953 cum
920 2922 1050 2953 natura
1075 2919 1327 2963 expostulare,
1354 2919 1451 2963 quod
1475 2918 1654 2952 hominem
1679 2917 1938 2953 divinissimum

144 2977 213 3012 nisi
245 2976 456 3019 immortali,
490 2979 527 3010 at
557 2976 687 3010 saltem
705 2976 1010 3027 *Hamadryadum
1044 2987 1117 3011 11011
1152 2976 1336 3011 donaverit
1369 2977 1472 3011 aevo!
1533 2975 1695 3010 Debebat
1727 2976 1854 3011 saltem
1886 2976 1938 3010 illi

146 3036 257 3070 Terra
282 3045 394 3069 annos
420 3035 616 3069 Nestoreos
640 3044 710 3068 non
736 3034 942 3078 pauciores,
976 3046 996 3070 a
1022 3045 1091 3079 quo
1117 3034 1196 3079 ipsa
1227 3034 1379 3069 animam
1410 3034 1589 3079 vitamque
1620 3033 1856 3069 immortalem
1881 3044 1938 3069 ac—

146 3092 311 3137 cepisset.
362 3092 555 3127 Teneriore
580 3091 713 3127 affectu
736 3093 850 3136 Luna,
878 3103 969 3136 quae
994 3093 1063 3127 isto
1090 3105 1153 3128 suo
1182 3092 1263 3126 Sole
1290 3092 1467 3127 exstincto
1495 3096 1530 3127 et
1554 3092 1634 3136 ipsa
1658 3091 1732 3136 pati
1758 3091 1937 3128 defectum

143 3150 275 3194 voluit,
299 3154 439 3187 tentare
463 3151 550 3196 visa,
576 3161 661 3186 num
685 3150 804 3196 illum,
839 3161 931 3195 quae
958 3151 1042 3186 olim
1067 3152 1324 3188 Dioscurorum
1359 3151 1515 3188 charitas
1540 3150 1626 3195 fuit,
1660 3151 1799 3187 alterna
1823 3155 1937 3188 morte
