2126 3388
203 156 286 200 942
881 153 974 189 Vita‘
989 152 1013 187 J
1015 153 1141 189 oannis
1166 154 1325 200 Kepleri.

205 275 416 323 tembergia
458 273 634 310 inimicos
675 271 820 309 nullam
874 271 990 309 aliam
1044 272 1093 310 ob
1135 284 1214 311 rem
1255 283 1377 321 usque
1419 271 1468 309 ad
1506 285 1649 310 annum
1687 278 1793 312 1619
1839 286 1996 313 causam

203 333 416 377 distulisse,
449 342 563 379 quam
595 329 700 378 quod
730 331 968 378 imperatorii
991 332 1201 368 astronomi
1224 331 1455 368 auctoritate
1485 342 1564 369 rem
1595 343 1705 369 suam
1726 333 1851 370 minus
1882 345 1995 382 pros-

200 402 289 439 pere
321 399 585 427 successuram
618 399 701 425 csse
741 392 956 436 sperarent,
1001 388 1236 437 eosdemque
1269 393 1349 426 tum
1381 387 1534 426 demum
1567 390 1746 427 omnibus
1779 391 1925 428 viribus
1956 392 1995 428 in

201 448 396 484 mulierem
435 447 564 483 subito
606 457 653 483 ex
695 453 903 483 accusante
946 457 1048 484 ream
1090 446 1232 484 saetam
1274 457 1480 495 aggressos
1522 459 1624 495 esse,
1669 459 1753 485 cum
1787 450 1995 486 acerrimus

199 505 367 542 mulieris
409 503 585 542 defensor
626 503 676 542 ad
717 503 990 554 simpliciorem
1032 504 1324 543 Austriacorum
1365 504 1541 542 ordinum
1580 506 1790 544 astronomi
1831 506 1994 555 gradum

201 562 470 602 descendisset.

336 621 451 657 Brevi
492 625 699 669 postquam
742 620 916 657 Lincium
947 619 1074 669 Praga
1115 619 1366 669 demigravit,
1411 620 1488 659 alia
1527 622 1561 659 ei
1599 621 1740 660 accidit
1780 621 1992 660 calamitas.

199 678 290 716 ι111111
322 690 422 715 anno
458 682 580 716 1608.
625 678 714 715 dum
747 678 1000 727 Stuttgartiae
1043 684 1148 717 esset
1179 690 1201 715 a
1234 679 1340 716 Duce
1373 681 1555 727 petierat,
1600 686 1641 717 nt
1670 681 1764 727 sibi,
1798 679 1992 729 quondam

200 739 364 785 pecunia
403 736 560 785 publica
598 737 635 773 in
666 737 998 785 Wiirttembergia
1028 738 1226 783 instituto,
1270 739 1328 774 cui
1363 738 1411 774 ob
1445 737 1483 774 id
1522 737 1749 775 beneficium
1789 740 1825 774 in
1870 740 1993 787 patria

198 806 335 832 munus
368 795 524 843 aliquod
556 795 630 832 sibi
663 795 834 832 oblatum
869 801 971 832 esset
1003 794 1243 840 obeundum,
1287 795 1419 832 liceret
1456 795 1548 832 alibi
1581 808 1718 833 munus
1750 797 1864 843 inire,
1907 808 1992 833 cum

198 855 234 889 in
268 853 336 890 tali
367 865 491 890 rerum
524 853 777 902 Pragensium
808 859 911 890 statu
945 853 1146 901 probabile
1180 858 1300 901 esset,
1334 855 1576 902 imperatoris
1609 854 1775 892 officium
1807 866 1890 892 sese
1924 854 1993 891 de-

197 913 425 960 positurum.
487 911 529 949 Si
560 911 716 960 quidem
747 913 821 960 ipsi
854 913 890 947 in
923 914 1049 960 patria
1081 911 1260 949 idoneum
1293 923 1432 948 munus
1464 911 1667 960 traderent,
1702 912 1865 950 libenter
1898 912 1992 949 illud

197 981 237 1007 se
269 981 352 1007 esse
384 975 673 1018 suscepturum3
715 969 825 1006 aliter
857 970 933 1006 alio
975 970 1060 1007 loco
1101 969 1360 1007 conditionem
1401 969 1474 1007 sibi
1512 976 1656 1019 patere.
1718 970 1845 1018 Quum
1878 971 1993 1019 igitur

198 1028 287 1064 Dux
316 1029 398 1076 ipse
431 1028 592 1076 ejusque
625 1027 834 1066 consiliarii
867 1030 948 1065 viro
982 1040 1027 1065 eo
1060 1034 1231 1077 tempore
1259 1028 1341 1077 jam
1372 1028 1585 1066 clarissimo
1618 1029 1820 1077 Tubingae
1852 1040 1991 1066 munus

195 1087 454 1134 promtissime
488 1087 616 1123 animo
639 1087 916 1136 promisissent,
951 1086 1143 1135 chlerus
1164 1086 1268 1123 haud
1290 1088 1482 1135 ignorans,
1516 1088 1641 1124 minus
1662 1086 1782 1124 libere
1804 1086 1850 1124 de
1872 1088 1991 1124 sacris

197 1144 311 1181 rebus
344 1145 514 1192 cogitare
546 1144 800 1193 Stuttgartiae
843 1146 1114 1182 consistorium
1155 1150 1192 1182 et
1223 1144 1426 1193 Tubingae
1468 1145 1673 1193 collegium
1713 1144 1990 1194 theologicum,

197 1201 402 1239 honesturn
434 1204 599 1250 putavit,
633 1203 894 1240 dissensiones
928 1215 1017 1241 suas
1040 1214 1115 1239 non
1139 1203 1263 1240 celare
1286 1214 1428 1251 easque
1450 1203 1582 1241 libello
1604 1203 1653 1240 ad
1676 1203 1824 1241 Ducem
1848 1204 1990 1252 scripto

196 1260 369 1308 pluribus
402 1262 592 1309 exposuit.
637 1260 711 1308 Qui
744 1272 829 1298 cum
861 1274 885 1298 a
917 1262 1146 1299 consistorio
1173 1262 1403 1298 sententiam
1425 1261 1673 1311 postulasset,
1707 1262 1989 1310 iniquissimum

197 1317 243 1356 de
274 1330 313 1355 re
345 1318 580 1367 chleriana
618 1319 807 1367 judicium
840 1319 983 1357 factum
1017 1325 1074 1357 est
1106 1326 1142 1357 et
1174 1319 1388 1368 Keplerus,
1432 1331 1500 1369 spe
1531 1331 1602 1357 sua
1634 1319 1811 1369 deposita
1840 1320 1989 1369 patriae

196 1378 397 1424 inservire,
429 1376 595 1425 Pragam
627 1377 750 1415 rediit.
784 1379 869 1421 (Cfr.
889 1391 922 1424 p.
944 1379 1012 1415 TS4
1032 1390 1079 1414 55.

335 1434 549 1484 Praecipua
570 1435 727 1484 Kepleri
760 1435 947 1473 dissensio
981 1442 1062 1473 erat
1093 1435 1140 1473 de
1172 1447 1282 1474 sacra
1315 1447 1446 1482 coena,
1481 1437 1672 1474 maximae
1704 1441 1834 1474 autem
1866 1435 1990 1474 offen-

195 1493 294 1530 sioni
325 1493 461 1540 fuerat,
496 1493 600 1542 quod
631 1500 668 1531 et
702 1494 904 1542 theologos
936 1494 1181 1531 Lutberanae
1212 1493 1301 1531 fidei
1334 1494 1572 1532 confessores
1605 1506 1690 1532 cum
1723 1505 1862 1532 causae
1896 1493 1989 1532 Cal-

194 1552 374 1589 vinianae
406 1553 662 1589 sectatoribus
694 1553 898 1601 benignius
930 1552 1071 1589 habere
1105 1554 1373 1590 commercium
1405 1551 1636 1601 postularet,
1679 1557 1716 1590 et
1748 1551 1988 1590 Concordiae

194 1609 399 1647 Formulae
441 1622 526 1647 sese
570 1612 678 1662 „sine
720 1612 969 1659 exceptiorie“
1008 1611 1311 1659 subscripturum
1345 1617 1514 1660 negaret.
1578 1610 1653 1659 Qui
1689 1622 1775 1648 cum
1810 1610 1987 1648 Lincium

194 1669 381 1714 venisset,
424 1668 547 1706 Lincii
581 1668 760 1706 sacerdos
783 1668 1002 1715 Hitzler,
1045 1675 1082 1706 et
1121 1671 1201 1718 ipsc
1238 1669 1566 1717 Wiirttembergia
1606 1674 1720 1706 natus
1758 1675 1874 1717 atque
1905 1670 1986 1706 sine

193 1725 310 1763 dubio
342 1738 365 1763 a
397 1726 556 1775 collegis
588 1726 947 1775 Wiirttembergicis
987 1727 1031 1764 de
1064 1727 1222 1776 chleri
1253 1727 1360 1764 salsis
1392 1727 1640 1776 opinionibus
1680 1728 1817 1764 certior
1847 1728 1985 1774 sactus,

192 1784 240 1820 ab
280 1795 325 1821 eo
366 1784 652 1833 postulaverat,
695 1791 735 1822 ut
777 1786 1015 1823 Concordiae
1046 1785 1251 1823 Formulae
1292 1786 1516 1834 simpliciter
1554 1785 1810 1823 subscriberet
1849 1793 1886 1822 et
1924 1797 1986 1822 re-

194 1847 365 1889 vocaret,
410 1854 508 1891 quae
549 1842 594 1881 de
636 1843 753 1880 Sacra
793 1843 925 1881 Coena
968 1843 1244 1891 dubitavisset,
1287 1844 1399 1881 aliter
1439 1843 1545 1880 illam
1587 1845 1623 1881 ei
1654 1843 1895 1887 interdictum
1927 1844 1984 1882 iri.

193 1899 279 1947 Qua
311 1899 357 1938 de
388 1912 427 1938 re
461 1913 546 1939 cum
580 1907 824 1939 astronomus
856 1901 904 1939 ad
938 1904 1207 1940 consistorium
1241 1902 1630 1949 Wiirttembcrgicum
1663 1901 1840 1950 querelas
1872 1901 1985 1939 detu-

190 1957 317 2005 lisset,
352 1959 451 2005 inde,
485 1959 590 2008 qnod
621 1961 776 1997 minime
809 1960 1034 2007 mirandum,
1067 1960 1259 2010 repulsam
1290 1960 1433 1998 retuIIt.
1494 1960 1617 1998 Lincii
1650 1961 1780 2008 itaque
1812 1972 1835 1997 a
1866 1959 1985 1997 Sacra

192 2015 321 2054 Coena
353 2017 570 2066 prohibitus
603 2024 640 2055 et
673 2019 783 2066 quasi
815 2024 907 2056 nota
938 2019 1120 2056 haeretici
1153 2019 1311 2056 affectus
1343 2023 1444 2064 crat,
1490 2018 1593 2067 quod
1625 2018 1778 2067 quidem
1811 2018 1984 2066 inprimis

191 2074 360 2112 familiae
393 2087 511 2114 causa
543 2079 752 2125 aegerrime
786 2077 892 2123 tulit,
928 2089 1042 2125 quam
1075 2077 1123 2114 ob
1156 2089 1233 2114 rem
1256 2081 1392 2126 postea
1415 2087 1570 2125 quoque
1601 2078 1737 2114 iterum
1769 2077 1984 2124 iterumque

190 2133 397 2180 nitebatur,
431 2140 470 2171 ut
503 2134 602 2171 lianc
634 2134 941 2172 interdictionem
974 2147 996 2172 a
1027 2146 1067 2172 se
1101 2135 1307 2173 decuteret.
1370 2134 1456 2182 Qua
1500 2134 1546 2172 de
1589 2146 1627 2172 re
1665 2146 1761 2183 quas
1800 2133 1984 2184 epistolas

189 2190 380 2240 Keplerus
420 2191 469 2229 ad
500 2191 804 2230 Hasenrcfferum
849 2198 885 2230 et
917 2194 1112 2242 scripserit
1151 2199 1187 2230 et
1227 2193 1275 2230 ab
1314 2193 1449 2230 eodem
1492 2194 1704 2241 acceperit,
1741 2192 1822 2241 jam
1867 2203 1984 2241 supra

192 2252 338 2295 (11554
363 2254 428 2296 ss.)
467 2250 648 2288 traditum
680 2258 756 2298 est;
800 2263 845 2289 ex
878 2252 1018 2299 quibus
1059 2256 1238 2300 apparet,
1281 2250 1444 2288 eundem
1484 2263 1599 2299 quam
1631 2252 1796 2289 maxime
1832 2255 1984 2299 poterat

193 2309 342 2355 veriori,
377 2320 492 2357 quam
515 2308 654 2346 habere
676 2321 717 2346 56
739 2310 928 2358 putabant
949 2309 1288 2358 Wiirttembergici
1312 2309 1492 2357 theologi,
1526 2309 1771 2346 Lutheranae
1793 2308 1869 2357 legi
1890 2319 1982 2357 pro-

192 2367 277 2414 pius
310 2366 491 2404 accedere
523 2367 730 2413 studuisse,
763 2379 855 2405 suae
888 2369 1009 2417 ipsius
1042 2374 1170 2406 antem
1201 2369 1417 2405 sententiae
1448 2369 1603 2405 minime
1636 2368 1797 2404 oblitum
1831 2366 1981 2404 dissen-

191 2425 338 2462 sionem
380 2436 489 2462 suam
532 2425 661 2474 palam
703 2427 1031 2475 pronunciavissc.
1093 2425 1342 2463 Calvinianos
1380 2427 1480 2463 enim
1513 2437 1747 2474 causamque
1781 2424 1981 2462 Calvinia-

191 2493 279 2519 nam
319 2482 626 2520 Lutheranorum
666 2485 704 2520 iu
745 2496 888 2522 morem
931 2483 1155 2533 simpliciter
1205 2483 1459 2521 condemnare
1500 2483 1631 2534 procul
1676 2484 1811 2521 aberat
1848 2494 1871 2520 a
1909 2483 1980 2519 viri

191 2541 415 2588 honestate,
458 2541 696 2579 Concordiae
736 2548 864 2580 autem
895 2542 1081 2580 formulae
1112 2554 1153 2580 56
1185 2543 1488 2592 subscripturum
1520 2554 1603 2580 6556
1635 2541 1903 2591 profitebatur,
1947 2541 1980 2577 si

191 2599 264 2636 sibi
294 2598 436 2646 liceret,
469 2600 685 2649 subscripto
716 2603 860 2638 nomini
894 2612 939 2638 ea
970 2600 1128 2646 addere,
1160 2601 1198 2636 in
1231 2601 1370 2649 quibus
1409 2602 1489 2650 ipse
1521 2600 1752 2638 dissentiret.
1816 2597 1902 2646 Qua
1932 2597 1978 2636 de

191 2667 229 2693 re
261 2657 353 2705 quid
384 2656 637 2706 Stuttgartiae
671 2660 937 2696 consistorium
967 2659 1212 2708 Judicaverit,
1245 2658 1345 2696 clare
1376 2663 1537 2708 apparet
1567 2670 1613 2696 ex
1644 2657 1898 2694 insolentibus
1919 2655 1978 2692 his

192 2715 330 2761 verbis,
365 2727 464 2764 quae
496 2716 541 2753 de
573 2727 690 2753 causa
711 2716 947 2766 Kepleriana
980 2729 998 2754 e
1028 2717 1255 2754 consistorio
1279 2729 1376 2754 unus
1400 2717 1448 2754 ad
1473 2716 1725 2766 professorem
1749 2715 1976 2762 Tubingen-

191 2784 270 2810 56111
301 2775 471 2822 scripsit:
503 2774 734 2823 Betreffend
767 2774 1014 2823 chplerum
1045 2775 1115 2812 hat
1134 2787 1234 2811 man
1255 2775 1456 2812 mmmehr
1487 2777 1560 2812 mit
1588 2775 1769 2823 selbz'yem
1795 2772 1976 2809 Schwin-

191 2830 407 2868 (lethirnlin
449 2833 547 2881 lany
576 2833 808 2883 gyehandlet,
850 2834 945 2870 aber·
978 2833 1262 2881 ceryebenlich,
1303 2834 1390 2870 tmd
1430 2833 1523 2870 Zosst
1559 2844 1602 2869 er
1638 2833 1719 2869 ihm
1749 2833 1811 2868 nit
1839 2841 1973 2877 sayen.

193 2887 294 2926 Man
313 2889 423 2926 kann
443 2890 540 2928 cloch
560 2890 693 2927 hemer
714 2891 892 2928 anderen
914 2893 1108 2940 meinuny
1139 2891 1226 2928 emb
1247 2893 1369 2928 semes
1389 2891 1632 2940 letzkiipflins
1651 2890 1784 2927 willen
1803 2887 1972 2924 werden.

328 2947 431 2984 Dum
463 2948 587 2986 Lincii
619 2954 711 2994 erat,
744 2949 902 2998 Kepleri
934 2951 1141 2999 praecipua
1173 2960 1289 2998 opera
1321 2949 1424 2986 edita
1456 2956 1561 2986 sunt:
1597 2947 1862 2985 Astronomiae
1895 2945 1973 2982 Co-

193 3005 417 3053 pernicanae
451 3006 645 3055 Epitome,
677 3006 902 3054 Harmonia,
940 3007 1029 3044 libri
1061 3007 1338 3056 chronologici,
1373 3007 1402 3043 E
1460 3005 1662 3051 61116111165,
1702 3004 1973 3041 Stereometria

192 3060 397 3110 doliorum,
443 3063 691 3113 Logarithmi.
759 3065 935 3102 'Fabulae
982 3064 1253 3114 Rudolphinae
1294 3064 1411 3102 ibider
1478 3064 1656 3102 editionis
1704 3073 1821 3099 causa
1859 3073 1972 3111 prae-

194 3124 348 3170 paratae
379 3125 479 3162 sunt.
521 3120 670 3170 Quibus
692 3122 834 3160 tabulis
857 3124 1035 3174 (quarum
1066 3128 1180 3174 typos
1210 3123 1427 3162 numerales
1459 3134 1530 3161 sua
1558 3121 1723 3172 pecunia
1744 3121 1825 3171 ipse
1846 3119 1972 3159 Lincii
