2126 3388
197 172 281 216 816
871 169 955 205 Vita
978 169 1001 205 J
1005 170 1128 206 oannis
1153 170 1311 216 Kepleri.

198 289 461 339 dispositionis
492 286 658 326 divinae.
717 286 759 324 Si
791 288 927 324 vitium
958 292 1062 334 erat,
1102 299 1167 325 cur
1198 299 1289 336 ergo
1321 292 1399 325 tam
1430 286 1656 336 splendidae
1687 288 1830 337 ubique
1862 299 1977 338 prae-

196 348 373 385 luxerunt
403 346 571 381 rationes
602 346 740 392 partim
772 345 876 391 mihi,
910 347 1047 394 partim
1079 347 1174 383 meis
1207 345 1525 383 consultoribus?
1568 356 1634 382 cur
1665 347 1833 383 vicissim
1865 356 1977 383 nemo

195 407 278 451 suit,
310 405 375 452 qui
406 403 480 440 1100
511 403 711 439 0005111010
743 403 985 451 approbaret,
1020 403 1123 452 quod
1156 403 1320 451 denique
1351 409 1506 441 secutus
1532 402 1648 440 sum?
1681 414 1746 441 cur
1778 405 1978 442 existima-

198 466 338 500 tionem
370 462 504 497 amitto
535 465 603 497 aut
633 462 807 498 amittere
851 460 1014 498 videor?
1068 460 1168 508 Quid
1202 466 1282 498 erat
1317 463 1440 510 magis
1481 460 1728 506 rationabile,
1772 472 1886 510 quam
1917 472 1978 498 me

196 521 386 558 hominem
417 517 701 567 philosophum,
734 518 855 555 virilis
877 520 1016 556 aetatis
1048 518 1242 566 fastigium
1266 530 1566 567 supergressum,
1600 530 1646 556 ea
1671 519 1754 567 jam
1783 524 1977 567 vergente,

195 577 338 615 sedatis
370 575 452 624 jam
493 575 714 622 affectibus,
759 587 915 625 corpore
956 581 1094 613 natura
1133 578 1284 614 exsicco
1323 581 1360 614 et
1391 576 1516 623 molli,
1560 576 1698 615 ducere
1738 575 1894 614 viduam
1925 578 1979 619 rei

197 635 465 673 oeconomicae
496 645 652 682 gnaram
695 645 857 682 eamque
898 640 1029 671 notam
1069 633 1162 670 mihi
1201 645 1387 683 meaeque
1419 636 1527 672 uxori
1558 636 1692 683 priori,
1724 634 1900 683 adeoque
1931 635 1979 672 ab

196 693 264 730 illa
295 691 388 729 mihi
419 703 494 729 non
527 692 689 728 obscure
722 692 1038 738 commendatam,
1073 703 1142 729 nec
1174 693 1337 740 inopem,
1371 693 1439 729 tali
1471 698 1598 729 tamen
1630 692 1716 729 1000
1750 692 1979 730 delitescen-

196 757 284 797 tem,
318 749 417 786 unde
449 760 533 786 sese
564 749 713 787 extrahi
745 752 860 798 inque
891 749 1016 787 lucem
1049 749 1243 786 hominum
1275 750 1432 798 produci
1474 750 1747 799 melioremque
1788 752 1825 786 in
1858 751 1982 787 sortu-

197 820 286 846 nam
318 807 510 848 transferri
542 807 722 855 gaudeat,
755 819 869 856 quam
903 809 951 845 ob
984 819 1140 845 causam
1173 814 1279 845 tanto
1304 809 1439 856 majori
1461 809 1496 844 in
1520 809 1642 856 pretio
1665 810 1787 844 virum
1807 806 1981 845 habeat?

198 867 394 904 Hanccine
427 876 498 913 ego
531 865 789 903 conditionem
820 877 895 903 non
930 866 1156 915 amplectar,
1198 877 1297 914 quae
1330 878 1414 903 cum
1446 867 1569 914 prima
1600 867 1808 912 arrisisset,
1851 867 1980 903 statim

199 926 314 963 etiam
357 923 455 961 ultro
496 924 628 961 oblata
665 923 758 959 mihi
801 929 858 960 est
897 935 920 960 a
950 924 1114 961 feminae
1156 924 1360 971 patronis?
1415 923 1491 961 Cur
1532 935 1621 972 ergo
1663 935 1882 961 successum
1921 935 1981 961 res

196 983 344 1020 nullum
377 986 433 1018 est
465 981 630 1018 sortita?
682 981 778 1018 Visa
799 981 954 1030 quidem
986 987 1044 1019 est
1074 982 1121 1018 ab
1154 983 1263 1019 initio
1297 983 1523 1028 consentire,
1558 986 1779 1030 certumque
1811 986 1880 1023 est,
1913 981 1982 1018 de-

196 1041 402 1087 liberasse3
447 1039 600 1076 tandem
641 1039 922 1077 modestissime
961 1042 1171 1078 excusavit.
1232 1039 1307 1078 Hic
1345 1051 1416 1088 ego
1459 1039 1572 1077 video
1609 1041 1777 1078 rationes
1816 1039 1980 1087 aliquas,

200 1110 266 1136 cur
297 1097 335 1134 id
375 1097 456 1134 fieri
494 1108 568 1134 non
613 1097 805 1143 debuerit,
852 1099 1028 1146 quamvis
1073 1098 1196 1145 optari
1234 1110 1255 1134 a
1287 1109 1346 1135 me
1388 1098 1490 1135 bona
1530 1109 1615 1135 cum
1656 1099 1803 1135 ratione
1842 1098 1981 1147 potuit.

199 1155 411 1195 Consilium
444 1156 556 1192 inivit
587 1155 689 1192 bona
719 1155 860 1193 femina
892 1167 978 1192 cum
1008 1167 1149 1203 genero
1180 1166 1270 1202 suo,
1310 1157 1457 1192 invenit
1488 1167 1527 1193 se
1556 1155 1650 1192 mihi
1683 1157 1785 1193 oneri
1818 1156 1982 1192 suturam

200 1226 274 1253 non
307 1226 382 1251 0110
414 1213 551 1260 modo,
596 1213 691 1251 duas
733 1215 833 1251 enim
877 1213 1029 1250 nubiles
1067 1213 1165 1250 filias
1204 1224 1398 1262 unumque
1435 1223 1593 1262 puerum
1627 1213 1914 1251 duodecennem
1947 1218 1984 1251 et

199 1278 399 1322 practerea
431 1270 619 1308 elocatan]
651 1282 766 1308 unam
798 1272 983 1318 habebat3
1018 1277 1147 1309 ternae
1181 1282 1226 1308 ex
1259 1272 1390 1309 ordine
1423 1272 1673 1309 imminebant
1702 1273 1871 1320 nuptIae,
1903 1273 1984 1321 pri-

199 1343 284 1368 mae
317 1331 459 1375 matris,
493 1330 662 1377 reliquae
694 1329 878 1377 filiarum3
913 1331 1012 1366 bona
1044 1340 1134 1366 vero
1165 1329 1286 1377 ipsius
1320 1331 1448 1367 omnia
1479 1332 1515 1365 in
1537 1335 1730 1378 potestate
1761 1335 1869 1367 erant
1901 1329 1984 1378 ejus

200 1391 282 1435 viri,
317 1389 381 1436 qui
413 1387 601 1424 solvendo
634 1394 745 1435 esset,
779 1399 826 1424 an
859 1399 954 1433 non,
988 1399 1034 1424 00
1068 1387 1340 1435 disputandum
1374 1387 1527 1436 quidem
1559 1389 1630 1424 suit
1660 1401 1682 1424 a
1714 1387 1928 1435 clientibus,
1962 1399 1984 1425 a

200 1459 274 1501 quo
306 1447 336 1483 si
370 1445 622 1490 discederent,
655 1457 722 1494 pro
756 1452 917 1494 patrono
952 1445 1181 1491 debitorem,
1223 1445 1261 1481 id
1294 1450 1351 1483 est
1381 1446 1529 1483 hostem
1561 1445 1769 1491 haberent,
1813 1447 1876 1494 qui
1909 1445 1984 1482 ali-

200 1512 328 1542 menta
361 1516 430 1541 nec
461 1504 663 1552 praeberet
695 1503 881 1552 amplius,
913 1504 1088 1552 praebita
1120 1504 1224 1551 prius
1256 1505 1292 1539 in
1327 1504 1501 1541 beneficii
1531 1509 1640 1551 parte
1670 1509 1878 1553 reputaret.
1939 1503 1984 1539 In

199 1575 258 1600 010
292 1573 381 1600 vero
415 1562 567 1598 11001100
600 1563 755 1598 minime
787 1562 958 1609 politico,
992 1561 1129 1598 studiis
1152 1562 1263 1599 unice
1286 1561 1429 1607 dedito,
1464 1562 1611 1598 nullum
1634 1568 1713 1598 erat
1735 1561 1983 1610 praesidium,

198 1620 305 1658 nulla
335 1631 421 1668 spes
453 1619 773 1667 expediendaruru
805 1631 942 1656 rerum.
1005 1619 1138 1656 Visum
1171 1624 1228 1656 est
1259 1619 1346 1665 11115,
1380 1620 1540 1657 retinere
1572 1631 1680 1657 suam
1707 1620 1826 1656 veluti
1857 1619 1985 1669 hypo-

199 1679 350 1716 thecam
384 1684 421 1715 et
451 1679 523 1714 sub
555 1679 681 1725 specie
715 1678 953 1714 alumnarum
986 1679 1272 1726 possessionem
1304 1677 1424 1714 veluti
1457 1679 1552 1715 tueri
1581 1679 1678 1726 juris
1710 1679 1769 1714 sui
1792 1679 1829 1714 in
1851 1683 1985 1727 patro-

199 1749 301 1774 num.
364 1735 585 1773 Accedebat
626 1742 662 1772 et
703 1736 960 1773 consideratio
1003 1735 1234 1773 valetudinis
1275 1741 1477 1784 suspectae
1517 1737 1554 1772 10
1588 1747 1762 1784 corpore,
1809 1737 1986 1784 quamvis

201 1796 296 1833 bene
320 1793 555 1840 succulento,
589 1793 637 1830 ob
660 1796 810 1831 animae
833 1794 1039 1841 foetorem3
1072 1793 1282 1831 accedebat
1303 1805 1444 1842 anceps
1476 1794 1578 1831 sama
1610 1794 1655 1830 de
1680 1805 1764 1831 mea
1787 1794 1984 1842 religione,

199 1865 259 1892 res
290 1855 383 1890 mire
417 1852 631 1901 ponderosa
662 1853 699 1887 in
732 1852 849 1889 dubia
883 1852 1082 1899 electione,
1116 1853 1292 1900 aequatis
1324 1852 1536 1889 rationibus
1569 1853 1715 1889 ceteris.
1769 1851 1892 1901 Super
1913 1853 1987 1889 ista

202 1913 346 1956 omnia,
389 1910 590 1959 profligato
630 1910 711 1958 jam
751 1911 823 1948 1100
863 1911 1025 1948 00051110
1069 1916 1318 1958 conspectum
1356 1910 1519 1948 feminae
1562 1915 1696 1947 nactus
1729 1910 1834 1959 (nam
1866 1922 1889 1947 a
1919 1921 1987 1947 sex

201 1971 311 2007 annis
344 1968 449 2005 illam
481 1980 555 2005 0011
590 1967 796 2015 videram),
839 1968 984 2005 nullam
1030 1969 1158 2005 inveni
1190 1973 1321 2004 notam
1353 1980 1376 2005 a
1408 1980 1484 2016 qua
1517 1967 1697 2017 placeret.
1759 1967 1868 2006 Haec
1901 1979 1987 2005 cum

201 2029 255 2065 ita
285 2027 464 2072 habeant,
498 2027 591 2063 satis
624 2032 804 2074 apparet,
849 2038 914 2064 cur
945 2027 1150 2064 succedere
1181 2037 1257 2062 non
1290 2025 1509 2073 debuerint,
1549 2031 1587 2063 et
1616 2028 1649 2062 si
1681 2037 1815 2063 verum
1853 2025 1986 2072 fatear,

200 2086 483 2134 impertinentia
514 2084 710 2130 moliebar,
744 2086 835 2132 quia
865 2084 1011 2122 scilicet
1030 2083 1291 2121 misericordia
1323 2095 1412 2132 erga
1445 2083 1669 2130 ducendam,
1703 2095 1799 2132 opus
1832 2085 1987 2132 pietatis

203 2155 292 2192 erga
325 2142 554 2188 defunctam,
589 2143 691 2179 bona
721 2153 788 2190 per
819 2154 872 2189 se,
906 2142 974 2179 sed
1007 2143 1304 2192 impertinentia,
1338 2143 1429 2190 quia
1460 2153 1618 2179 uxorem
1650 2144 1849 2190 quaerenti
1880 2140 1987 2178 aliud

203 2200 393 2249 agendum
436 2206 473 2238 et
515 2202 605 2248 quia
644 2200 793 2248 majora
833 2201 978 2238 viribus
1019 2212 1135 2238 ausus
1174 2211 1271 2237 sum.
1332 2199 1458 2236 Etiam
1497 2201 1636 2248 pietas,
1682 2201 1797 2237 etiam
1830 2199 1986 2237 devotio

205 2261 301 2297 inter
334 2270 468 2296 caecos
500 2259 660 2295 affectus
692 2264 768 2305 est,
813 2259 957 2307 impetu
989 2260 1083 2304 ruit,
1127 2258 1328 2295 consilium
1360 2259 1517 2305 spernit.
1580 2259 1631 2294 At
1665 2269 1729 2295 cur
1760 2269 1897 2306 passus
1930 2262 1988 2295 est

204 2318 325 2363 Deus,
358 2328 417 2354 me
451 2314 629 2365 occupari
662 2315 734 2353 1100
766 2317 944 2362 consilio,
978 2317 1080 2364 quod
1112 2315 1316 2353 succedere
1348 2327 1423 2352 non
1457 2315 1621 2353 debuit?
1682 2315 1742 2352 An
1776 2321 1817 2353 ut
1846 2317 1883 2352 in
1915 2316 1988 2352 hac

204 2387 371 2424 persona
403 2374 603 2411 inhaerens
636 2375 957 2421 cogitationibus,
999 2386 1073 2410 non
1114 2373 1319 2410 inciderem
1361 2374 1397 2409 in
1440 2374 1713 2423 perplexitates
1746 2373 1874 2411 alias?
1925 2374 1986 2410 An

204 2433 267 2471 ille
299 2445 376 2470 non
415 2443 564 2481 semper
607 2433 795 2468 concurrit
837 2432 884 2469 ad
927 2431 1127 2469 formanda
1158 2436 1289 2468 nostra
1323 2431 1503 2478 consiliu,
1544 2431 1611 2469 sed
1651 2431 1909 2481 praestolatur
1941 2443 1987 2469 ex

203 2497 319 2541 parte>
344 2491 498 2527 effectus
530 2491 743 2537 formatque
787 2489 1038 2528 successum?
1090 2490 1149 2526 An
1193 2501 1280 2526 vere
1312 2489 1385 2526 1100
1417 2495 1494 2536 est,
1538 2489 1642 2539 quod
1685 2489 1776 2527 dicit
1811 2490 1984 2538 sapiens:

202 2550 368 2587 hominis
401 2560 485 2585 esse
527 2547 726 2596 disponere
771 2550 871 2585 viam
910 2560 1037 2591 suam,
1079 2547 1147 2584 sed
1179 2547 1335 2584 Domini
1376 2547 1537 2596 dirigere
1578 2559 1731 2597 gressus
1775 2547 1888 2596 ejus?
1939 2547 1988 2584 Et

204 2619 319 2656 quam
351 2606 489 2644 vellem
521 2605 583 2643 hic
615 2617 813 2643 excurrere
845 2608 880 2642 in
915 2606 1195 2654 disputationes
1228 2604 1421 2651 horridas,
1462 2608 1581 2642 nostri
1614 2605 1734 2643 seculi
1766 2605 1985 2643 infortunia.

205 2665 281 2703 Sed
311 2676 443 2713 pergo.
507 2663 668 2700 Videtur
706 2665 806 2701 enim
846 2664 941 2701 nihil
972 2664 1064 2700 mihi
1096 2662 1282 2701 accidisse
1321 2664 1432 2710 novi,
1475 2663 1587 2702 credo
1621 2664 1798 2701 omnibus
1831 2663 1986 2701 evenire

205 2722 437 2771 hujusmodi,
471 2733 546 2759 non
578 2727 726 2758 tantum
758 2733 874 2759 unum
907 2721 1076 2770 aliquod,
1109 2721 1176 2759 sed
1208 2732 1331 2769 aeque
1362 2732 1501 2770 magno
1533 2732 1691 2759 numero
1723 2726 1838 2769 atque
1870 2720 1986 2768 mihi3

206 2781 457 2819 differentiam
490 2782 525 2816 in
561 2791 625 2827 eo,
657 2780 760 2827 quod
792 2781 908 2819 ceteri
940 2780 1000 2818 vel
1033 2791 1107 2816 non
1139 2784 1338 2828 reputant,
1373 2785 1414 2816 ut
1446 2791 1536 2828 ego,
1582 2779 1862 2817 obliviscuntur
1893 2790 1986 2816 con-

206 2844 455 2887 temnuntque
486 2838 571 2887 plus
605 2849 719 2886 quam
751 2850 841 2886 ego,
875 2838 936 2876 vel
968 2839 1026 2875 sui
1060 2838 1356 2875 continentiores
1387 2843 1475 2875 sunt
1507 2849 1622 2886 quam
1653 2848 1724 2885 ego
1757 2838 1850 2882 mei,
1893 2848 1986 2873 sua-

208 2909 281 2945 que
314 2897 385 2934 soli
417 2901 556 2934 norunt
594 2896 820 2943 infortunia,
864 2896 924 2934 vel
957 2897 988 2932 si
1020 2897 1146 2933 minus
1184 2894 1364 2944 perplexa
1405 2895 1479 2932 illis
1514 2895 1709 2941 accidunt,
1753 2893 1790 2931 id
1821 2894 1863 2931 fit
1894 2896 1986 2943 quia

205 2957 329 2992 minus
360 2954 416 2991 illi
448 2953 591 2992 creduli
621 2959 709 2991 sunt
751 2966 864 3002 quam
905 2966 997 3002 ego,
1041 2955 1104 3002 qui
1145 2965 1220 2990 nou
1262 2958 1411 2990 tantum
1443 2953 1593 2991 indiciis
1631 2952 1679 2990 ad
1716 2953 1769 2989 rei
1809 2957 1985 2989 naturam

206 3013 504 3061 pertinentibus,
547 3012 614 3049 sed
647 3013 761 3049 etiam
794 3013 970 3049 omnibus
1003 3011 1191 3049 interdum
1231 3010 1392 3049 confido.
1454 3012 1514 3047 An
1549 3011 1711 3058 denique
1746 3009 1808 3047 hic
1838 3009 1985 3059 aliquid

207 3075 367 3118 possunt
398 3069 528 3107 astra?
587 3070 686 3108 Nam
719 3069 839 3108 fervet
870 3071 970 3107 circa
1001 3070 1071 3107 hos
1103 3081 1222 3108 annos
1255 3069 1412 3107 directio
1444 3068 1564 3107 Medii
1596 3068 1702 3105 Coeli
1745 3067 1793 3105 ad
1826 3069 1985 3117 opposi-

210 3133 289 3167 tum
319 3126 455 3167 Martis
487 3132 524 3166 et
553 3128 626 3166 suit
656 3130 837 3167 transitus
869 3128 1025 3167 Saturni
1057 3139 1125 3178 per
1154 3128 1280 3166 locum
1312 3127 1461 3166 zodiaci
1493 3128 1528 3163 in
1560 3137 1646 3164 mea
1674 3127 1806 3175 genesi
1838 3125 1984 3165 altissi-
