2126 3388
597 179 745 226 Kepleri
768 178 953 216 literarum
978 180 1098 218 studia
1122 185 1159 219 et
1182 180 1366 222 doctrina:
1757 184 1870 229 1011

76 302 190 337 natas
221 296 464 349 depromeret
496 311 543 339 ex
573 301 778 348 memoria,
812 299 1052 350 depromeret
1083 300 1252 340 indidem
1285 303 1401 340 etiam
1433 307 1619 353 tanquam
1650 314 1697 342 ex
1728 303 1871 342 tabulis

75 357 294 395 Prutenicis
326 364 394 397 aut
425 358 680 408 Alphonsinis
711 358 894 409 aequales
925 370 1037 397 arcus
1070 362 1285 409 eccentrici,
1319 361 1575 401 decurrendos
1597 363 1871 412 inaequalibus

75 416 316 465 temporibus
348 422 387 455 et
418 416 676 456 decurrendos
708 418 748 455 vi
779 422 963 456 extranea
1002 429 1048 454 ex
1079 417 1192 466 Sole,
1239 425 1277 457 et
1307 421 1363 458 sic
1402 421 1612 470 praesciret
1651 422 1872 459 memoriter

77 473 129 522 id,
162 473 268 523 quod
301 480 485 514 extranea
516 481 554 514 et
583 476 699 514 bruta
731 487 776 513 ex
809 475 901 514 Sole
931 476 1056 513 virtus
1088 481 1191 514 esset
1224 478 1418 516 effectura.
1482 478 1590 527 Quae
1623 481 1753 518 omnia
1782 484 1873 517 sunt

75 531 257 570 absurda.
319 533 505 572 Mensura
536 533 745 572 descensus
777 535 815 571 in
848 534 1034 572 diametro
1067 534 1233 584 epicycli
1272 547 1397 585 neque
1438 541 1591 586 tempus
1624 543 1703 587 est,
1744 549 1871 588 neque

73 592 241 640 spatium
283 594 487 630 eccentrici
527 592 765 641 confectum,
807 603 934 642 neque
976 592 1144 641 angulus
1187 592 1235 629 ad
1277 593 1421 633 Solem.
1484 595 1682 633 Tribuitur
1724 598 1870 644 virtuti,

73 660 174 698 quae
205 649 386 698 planetae
417 652 573 700 propria
605 655 682 696 est,
726 652 895 700 cognitio
939 649 1104 700 epicycli
1142 651 1359 699 imaginarii
1402 653 1563 702 ejusque
1597 655 1799 692 effectuum
1832 656 1871 692 in

78 707 302 745 ordinandis
335 708 528 746 distantiis
560 721 582 746 a
615 709 724 756 Soie3
766 710 948 747 tribuitur
980 715 1016 745 et
1049 710 1219 757 cognitio
1258 711 1408 748 futurae
1442 712 1648 749 celeritatis
1681 719 1718 750 et
1750 713 1871 750 tardi-

74 766 177 812 tatis,
211 778 327 815 quam
350 763 578 805 causaturus
601 769 651 803 sit
671 771 800 804 motus
822 768 1036 805 communis
1059 778 1106 804 ex
1127 766 1231 814 Sole,
1265 768 1356 816 quia
1387 768 1450 807 hic
1477 772 1696 808 necessario
1717 773 1873 819 ponitur

77 823 214 861 eadem
246 825 412 862 intensio
445 831 483 863 et
513 826 688 862 remissio
720 826 952 874 imaginaria
982 830 1110 862 motus
1144 826 1305 874 epicycli
1340 828 1577 876 imaginarii,
1613 841 1712 878 quae
1744 835 1872 867 motus

74 882 152 919 veri
185 885 400 930 eccentrici,
433 895 532 932 quae
565 888 654 920 sunt
685 883 973 921 incredibiliora
1004 894 1119 932 quam
1151 881 1321 931 p1·iora.“
1364 884 1436 922 His
1460 892 1496 923 et
1528 887 1613 924 aliis
1646 899 1742 936 quas
1764 889 1873 925 affert

72 941 287 978 rationibus
317 946 445 979 motus
477 941 604 989 rejicit
624 940 817 990 Keplerus
841 941 1004 978 circulos
1027 942 1260 979 eccentricos
1284 947 1321 979 et
1343 944 1540 993 epicyelos
1573 950 1609 982 et
1634 957 1679 983 eo
1702 946 1869 994 devenit,

72 1003 114 1035 ut
145 997 259 1046 dicat,
292 1006 419 1037 motus
451 999 694 1048 planetarum
727 999 862 1038 confici
896 999 1044 1051 „figura
1077 998 1209 1037 ovali“
1243 998 1344 1051 (cap.
1380 1001 1468 1052 44),
1501 1002 1603 1040 unde
1635 1015 1702 1052 per
1732 1004 1871 1053 longas

72 1056 256 1106 ambages
288 1062 326 1094 et
357 1059 574 1096 accuratius
604 1057 848 1106 respiciendo
881 1057 930 1094 ad
953 1057 1246 1096 observationes
1269 1058 1465 1108 Tychonis
1489 1072 1559 1110 cap
1585 1062 1650 1099 58.
1683 1061 1732 1099 ad
1756 1062 1872 1111 ellip-

70 1115 128 1151 sin
150 1117 338 1163 pervenit,
372 1117 482 1165 cujus
504 1117 761 1165 proprietates
783 1117 908 1164 capite
932 1119 983 1154 59
1009 1115 1330 1154 demonstrantur.
1375 1116 1426 1155 Ut.
1455 1118 1699 1167 planetarum
1721 1126 1870 1158 motum

72 1172 284 1222 ellipticum
318 1173 575 1222 demonstret,
618 1174 716 1211 redit
749 1174 798 1211 ad
830 1174 970 1212 flumen
1004 1178 1043 1212 et
1080 1186 1227 1212 remum
1260 1187 1305 1213 ex
1339 1178 1465 1224 capite
1499 1182 1573 1226 395
1616 1178 1758 1216 flumen
1787 1179 1870 1227 jam

73 1231 309 1270 circulariter
339 1232 462 1270 fluens
495 1233 722 1279 assumitur,
764 1232 879 1270 simul
910 1237 1040 1269 autem
1074 1233 1276 1282 objicitur,
1313 1233 1626 1284 distinguendum
1659 1248 1742 1275 esse
1775 1239 1872 1275 inter

70 1290 149 1327 vim
183 1288 500 1342 „mate1·ialeni“,
546 1291 675 1339 qualis
717 1292 768 1328 sit
807 1290 876 1327 illa
916 1290 1086 1328 fluminis
1118 1296 1155 1328 et
1185 1293 1301 1337 remi,
1345 1297 1382 1329 et
1422 1295 1516 1342 vim,
1563 1306 1662 1343 quae
1694 1295 1872 1344 planetas

70 1354 238 1395 moveat,
275 1346 642 1397 „immateriatani“.
708 1348 898 1401 „Flumen
939 1354 996 1386 est
1034 1350 1184 1397 species
1224 1351 1482 1389 immateriata
1525 1354 1678 1390 virtutis
1711 1356 1747 1389 in
1781 1353 1871 1390 Sole

69 1408 325 1455 magneticae.
389 1407 491 1456 Quin
532 1409 649 1456 igitur
687 1413 725 1445 et
765 1418 892 1444 remus
931 1406 978 1444 de
1019 1412 1200 1456 magnete
1238 1409 1436 1458 quippiam
1475 1410 1647 1448 habeat?
1701 1410 1804 1459 Quid
1837 1413 1870 1449 si

70 1476 161 1512 ergo
194 1476 355 1514 corpora
385 1466 630 1515 planetarum
661 1466 791 1503 omnia
822 1469 911 1502 sunt
942 1466 1119 1513 ingentes
1151 1465 1309 1514 quidam
1346 1468 1500 1505 rotundi
1528 1469 1760 1518 magnetes?
1810 1470 1871 1508 De

71 1522 190 1561 Terra
222 1535 298 1561 non
332 1530 391 1561 est
433 1524 614 1572 dubium,
657 1525 840 1573 probavit
881 1522 920 1560 id
953 1522 1171 1561 Guilelmus
1205 1523 1444 1564 Gilbertus.“
1507 1526 1692 1564 Polorum
1733 1528 1870 1565 horum

68 1586 290 1630 magnetum
323 1582 419 1620 alter
450 1582 581 1621 Solem
612 1584 809 1631 sequitur,
842 1581 939 1619 alter
971 1593 995 1618 a
1029 1581 1120 1619 Sole
1151 1583 1261 1631 fugit,
1295 1585 1378 1621 axis
1416 1590 1545 1622 manet
1574 1590 1762 1635 perpetuo
1796 1587 1871 1624 sibi

69 1639 297 1689 parallelus,
345 1642 444 1693 „nisi
477 1646 670 1690 quatenus
702 1652 883 1678 successu
913 1638 1134 1678 seculorum
1174 1642 1223 1678 ab
1264 1641 1352 1679 aliis
1393 1643 1441 1680 ad
1474 1643 1572 1680 alias
1603 1643 1698 1681 fixas
1731 1649 1868 1681 nutum

69 1705 183 1735 suum
214 1697 417 1737 transse1·t“
453 1698 546 1750 (quo
582 1696 729 1751 „nutu“
765 1699 1098 1747 aequinoctiorum
1121 1705 1358 1738 retrocessus
1380 1699 1568 1752 efficitur).
1615 1702 1718 1740 Fieri
1741 1714 1869 1751 posse,

70 1761 202 1794 censet
232 1757 427 1806 Keplerus
459 1758 577 1807 idque
609 1758 785 1806 pluribus
819 1757 1036 1794 rationibus
1068 1757 1239 1805 stabilit,
1280 1763 1322 1796 ut
1353 1764 1480 1797 motus
1519 1760 1764 1808 planetarum
1797 1761 1870 1799 hac

68 1816 216 1853 ratione
260 1815 491 1865 explicetur,
534 1815 653 1865 paulo
698 1821 784 1866 post
827 1820 957 1853 autem
1000 1816 1071 1863 ait,
1119 1815 1192 1864 „de
1224 1818 1381 1866 reipsa
1420 1819 1456 1854 in
1497 1820 1625 1866 specie
1668 1819 1868 1867 ambig0“.

68 1872 210 1911 Terrae
243 1876 344 1912 enim
376 1876 466 1912 axin
498 1876 672 1923 ineptum
705 1886 788 1913 esse
820 1873 870 1911 ad
902 1874 1160 1921 librationem,
1195 1886 1295 1923 quae
1328 1877 1440 1913 certis
1472 1877 1686 1914 rationibus
1718 1877 1870 1914 firmata

67 1932 136 1979 sit,
179 1932 466 1981 perficiendam.
530 1933 787 1985 „Accersatur
829 1943 918 1980 ergo
960 1943 1088 1970 mens
1130 1928 1286 1985 (vereor
1323 1934 1449 1972 dicere
1487 1935 1777 1982 rationale,
1820 1947 1868 1974 ne

69 1988 264 2028 discursus
296 1992 457 2029 rationis
488 1990 830 2040 subintelligatur),
866 2002 965 2038 quae
998 2002 1044 2027 ex
1076 1991 1404 2040 contemplatione
1437 1992 1612 2030 diametri
1635 1993 1737 2030 Solis
1761 2005 1866 2031 cres·-

69 2049 192 2086 centis
225 2050 263 2085 in
296 2051 557 2100 cognitionem
590 2052 723 2088 veniat
755 2048 1026 2086 distantiarum
1059 2060 1156 2097 quas
1181 2049 1344 2098 conficit,
1380 2056 1416 2088 et
1439 2051 1659 2101 praesideat
1690 2051 1867 2089 facultati

68 2117 140 2144 seu
170 2107 328 2146 animali
365 2120 435 2146 seu
477 2107 645 2145 naturali
684 2109 740 2145 sic
772 2106 1091 2145 accommodandi
1131 2109 1192 2145 sui
1230 2108 1337 2157 globi
1380 2110 1416 2145 in
1459 2111 1535 2147 situ
1576 2108 1783 2158 parallelo,
1826 2114 1867 2147 ut

69 2163 200 2202 debito
240 2165 356 2203 modo
388 2179 411 2204 a
442 2166 558 2204 solari
593 2168 736 2203 virtute
778 2164 997 2215 impellatur
1038 2170 1076 2203 et
1116 2172 1293 2214 respectu
1326 2166 1429 2204 Solis
1473 2167 1632 2204 libretur
1674 2167 1866 2216 simulque

68 2223 230 2261 consilio
252 2229 382 2262 utatur
405 2224 455 2262 ad
476 2225 694 2262 librationis
715 2228 891 2273 tempora
911 2223 1147 2261 restitutioni
1175 2224 1395 2273 periodicae
1418 2237 1493 2263 non
1515 2226 1630 2274 plane
1662 2226 1866 2274 aequanda

69 2286 107 2319 et
137 2283 192 2319 sic
223 2282 273 2320 ad
305 2282 589 2321 transferendas
630 2282 825 2332 apsides«
887 2281 992 2319 Huic
1024 2293 1115 2320 vero
1151 2284 1321 2334 „meum
1356 2283 1460 2321 haud
1491 2295 1638 2332 paucae
1669 2295 1709 2321 se
1742 2295 1866 2332 oppo-

69 2345 167 2377 nunt
196 2342 380 2388 rationes,
414 2353 533 2390 quare
565 2341 722 2379 tandem
754 2340 896 2378 dubius
933 2351 1014 2377 rem
1044 2340 1227 2389 relinquit
1260 2341 1412 2379 dicens:
1451 2341 1583 2390 „nulla
1604 2342 1738 2380 harum
1770 2353 1866 2380 cau-

70 2409 201 2435 sarum
231 2410 302 2437 nec
334 2399 431 2437 adeo
464 2404 590 2437 mente
623 2401 660 2436 in
693 2401 917 2437 universum
939 2403 1067 2436 stante
1091 2401 1384 2447 acquiescamus
1417 2402 1453 2436 in
1476 2405 1625 2447 natura,
1659 2412 1757 2449 quae
1780 2412 1866 2438 cum

70 2455 150 2494 alia
182 2458 311 2494 omnia
342 2457 523 2507 expedita
555 2457 679 2505 dedit,
723 2462 805 2495 tum
839 2459 954 2495 etiam
986 2463 1115 2494 motus
1147 2457 1390 2506 apheliorum
1421 2458 1655 2496 luculentam
1689 2460 1867 2496 occasio-

68 2526 156 2552 nem
190 2513 398 2554 ostendit.“
462 2515 525 2552 Ad
555 2516 669 2553 finem
703 2515 1045 2553 demonstrationis
1077 2518 1334 2564 geometricae
1367 2516 1514 2565 ellipsis
1547 2517 1651 2565 (cap.
1688 2518 1759 2564 59)
1793 2516 1866 2552 ad-

70 2571 144 2609 dit:
181 2573 248 2623 „Si
280 2574 365 2622 quis
398 2578 519 2622 putat,
555 2575 833 2612 obscuritatem
864 2573 980 2622 hujus
1014 2573 1288 2622 disputationis
1322 2587 1367 2612 ex
1398 2577 1474 2612 mei
1505 2576 1648 2623 ingenii
1671 2574 1863 2623 perplexi-

68 2635 147 2668 tate
180 2632 280 2679 oriri,
315 2633 350 2669 ei
383 2642 454 2680 ego
488 2631 642 2681 culpam
674 2632 773 2670 hanc
804 2632 992 2669 haetenus
1023 2632 1185 2679 fatebor,
1220 2632 1325 2680 quod
1356 2632 1453 2670 haec
1483 2634 1628 2670 intacta,
1650 2632 1865 2680 relinquere

69 2688 280 2736 noluerim,
316 2691 564 2738 quantumvis
597 2691 872 2728 obscurissima
902 2701 974 2727 nec
1006 2690 1120 2728 valde
1152 2692 1371 2728 necessaria
1404 2690 1453 2727 ad
1484 2691 1719 2739 astrologiae
1753 2701 1864 2728 exer-

69 2748 220 2794 citium,
263 2759 378 2796 quem
421 2749 576 2785 unicum
617 2748 732 2786 finem
773 2748 949 2797 plerique
988 2752 1164 2785 statuunt
1201 2748 1317 2796 hujus
1355 2748 1627 2797 philosophiae
1668 2748 1861 2786 coelestis.

72 2804 263 2852 Ceterum,
298 2805 402 2854 quod
433 2808 634 2843 materiam
665 2807 816 2852 attinet,
849 2817 943 2854 rogo
966 2805 1190 2854 hujusmodi
1214 2805 1395 2854 aliquem,
1430 2812 1471 2843 ut
1495 2806 1693 2854 Apollonii
1719 2806 1866 2843 Conica

68 2862 192 2911 legat:
226 2863 378 2902 videbit
409 2875 493 2901 esse
525 2863 713 2912 quasdam
744 2865 946 2910 materias,
987 2875 1087 2912 quae
1129 2863 1237 2900 nulla
1275 2865 1418 2912 ingenii
1459 2863 1644 2902 felicitate
1677 2865 1733 2901 ita
1764 2863 1864 2901 tradi

69 2923 233 2969 possint,
267 2926 309 2959 ut
341 2923 512 2960 cursoria
543 2921 711 2959 lectione
744 2921 1131 2970 comprehendantur.
1192 2921 1449 2959 Meditatione
1492 2933 1589 2971 opus
1622 2926 1680 2959 est
1712 2927 1749 2960 et
1781 2933 1865 2960 cre-

69 2979 235 3017 berrima
265 2981 523 3017 ruminatione
556 2979 759 3018 dictorum.
792 3001 848 3006 ——

207 3037 366 3076 Praeter
386 3049 444 3085 ea,
478 3049 577 3086 quae
599 3049 644 3075 ex
663 3037 825 3086 Kepleri
848 3036 894 3074 de
916 3036 1040 3075 Marte
1065 3048 1179 3085 opere
1202 3036 1321 3075 allata
1341 3042 1441 3084 sunt,
1474 3041 1515 3075 ut
1536 3037 1698 3075 duarum
1720 3041 1865 3076 attrac-

70 3095 188 3132 tionis
220 3101 258 3133 et
287 3097 490 3145 gravitatis
521 3095 651 3144 legum
682 3095 951 3142 fundamenta,
985 3097 1169 3132 transitus
1191 3108 1214 3133 a
1237 3097 1321 3133 viso
1355 3095 1403 3133 ad
1437 3107 1568 3133 verum
1590 3095 1692 3133 Solis
1723 3095 1864 3143 locum,

70 3152 329 3202 Keplerianae
352 3154 518 3203 denique
540 3153 647 3204 leges
668 3155 793 3203 prima
814 3158 852 3192 et
879 3153 1067 3201 secunda,
1101 3164 1147 3192 ex
1168 3155 1338 3192 maxima
1364 3155 1490 3203 operis
1522 3155 1635 3204 copia
1665 3153 1763 3193 haec
1792 3153 1865 3193 ad-

1516 3220 1588 3255 65·
