2126 3388
564 211 710 259 Kepleri
733 211 917 249 literarum
942 213 1061 250 studia
1090 216 1125 250 et
1152 213 1324 250 doctrina.
1756 214 1838 257 993

45 328 109 369 ille
141 328 380 370 academiam
402 332 633 381 reliquisset,
667 339 704 372 et
735 333 838 371 haud
861 333 988 381 dubie,
1021 345 1107 372 eum
1138 335 1175 370 in
1206 335 1289 383 ipsa
1311 332 1511 372 academia
1534 337 1646 383 esset,
1680 346 1703 372 a
1724 345 1840 383 prae-

45 389 264 438 ceptoribus
287 390 516 440 theologicis
539 392 648 440 parvi
672 396 730 430 est
750 391 897 431 habita.
938 390 1169 430 Maestlinus
1193 394 1304 439 enim,
1330 393 1395 442 qui
1417 398 1455 430 et
1473 394 1554 442 ipse
1577 391 1701 442 (quod
1723 404 1840 441 supra

47 446 191 484 dictum
225 449 301 496 est)
334 451 563 487 sententiam
597 461 706 487 suam
737 462 869 488 veram
899 450 1030 498 palam
1053 450 1221 499 profiteri
1242 461 1318 488 non
1341 450 1513 498 auderet,
1548 452 1650 489 edito
1686 450 1838 488 demum

44 504 280 554 Kepleriano
314 507 525 545 Prodromo
557 508 765 557 perductus
796 513 873 555 est,
919 512 960 544 ut
991 519 1076 545 eam
1108 508 1232 546 celare
1264 508 1457 547 desineret
1489 511 1563 554 (cfr.
1583 511 1653 546 vol.
1668 511 1695 546 I.
1714 522 1750 555 p.
1768 511 1838 554 26).

43 563 218 601 Eundem
241 570 371 603 autem
393 576 468 603 non
490 567 572 603 sine
595 577 714 604 eausa
737 565 829 615 quid
852 566 1009 604 sentiret
1031 565 1294 604 dissimulasse
1317 571 1354 604 et
1375 568 1503 603 minus
1533 566 1654 604 libere
1680 566 1835 614 dixisse,

48 633 92 659 ex
112 621 367 661 Hafenrefferi
398 624 572 672 theologi
595 624 770 673 epistolis
793 624 879 662 luce
901 623 1041 661 clarius
1074 629 1246 673 apparet.
1298 624 1438 662 Scribit
1470 626 1585 662 etiam
1606 623 1837 663 Maestlinus

42 679 150 717 brevi
194 686 283 729 post
315 681 458 718 editum
491 681 743 720 Prodromum
776 682 825 720 ad
856 681 1067 731 Keplerum
1110 683 1225 719 haee:
1273 682 1459 730 „Nostros
1499 682 1705 730 theologos
1738 694 1837 720 non-

41 738 137 774 nihil
177 739 335 776 offendit
376 739 629 787 Prodromus,
674 742 906 778 auctoritate
945 746 1074 777 tamen
1115 742 1297 789 principis
1337 742 1477 787 nostri,
1521 742 1580 777 eui
1624 740 1835 790 principale

40 796 198 834 schema
239 796 457 835 dedicatum
497 803 554 836 est
592 800 674 844 (vol.
692 801 719 836 Ι.
744 811 779 844 p.
800 801 868 845 74),
912 800 1005 835 moti
1045 799 1083 834 in
1126 798 1253 836 medio
1296 799 1529 846 relinquunt.
1599 799 1646 838 D.
1686 799 1837 836 Hafen-

39 854 195 892 refferus
227 855 344 892 semel
377 862 494 904 atque
527 857 665 893 iterum
698 855 847 903 (jocose
880 856 1055 904 quidem,
1088 856 1177 894 licet
1205 857 1306 904 jocis
1339 858 1437 893 seria
1469 858 1586 894 etiam
1619 859 1838 895 intermixta

41 912 260 962 videantur)
292 925 351 950 me
383 913 541 950 adortus
566 918 602 951 et
623 924 774 951 mecum
807 913 1090 963 disputaturum
1123 926 1163 952 se
1197 926 1281 951 esse
1313 919 1476 951 testatus
1510 920 1587 960 est,
1632 927 1747 963 quam
1771 915 1836 952 diu

39 972 184 1009 veritas
217 973 428 1020 scripturae
459 983 593 1009 sacrae
634 977 736 1009 esset
768 974 990 1020 perstitura.
1051 972 1168 1010 Haud
1208 974 1261 1010 ita
1304 973 1448 1020 pridem
1486 974 1520 1008 in
1553 973 1710 1021 publica
1744 984 1837 1011 con-

40 1030 149 1067 cione
182 1028 298 1066 dixit:
334 1030 486 1081 „Deum
518 1041 709 1068 summum
732 1034 942 1068 creatorem
967 1030 1097 1069 Solem
1120 1042 1193 1068 non
1217 1030 1466 1079 suspendisse
1499 1032 1535 1067 in
1558 1031 1684 1069 medio
1705 1031 1837 1068 mundi

43 1092 84 1125 ut
115 1087 303 1125 laternam
335 1089 372 1125 in
404 1087 531 1126 medio
564 1087 749 1135 atriiffff)

183 1145 293 1193 Quae
325 1146 441 1184 modo
475 1146 639 1183 diximus
673 1145 734 1182 hic
777 1145 971 1183 afferenda
1015 1158 1098 1185 esse
1137 1146 1249 1184 nobis
1290 1148 1374 1183 visa
1415 1151 1522 1192 sunt,
1566 1151 1608 1184 ut
1640 1153 1678 1185 et
1709 1147 1836 1196 qualis

37 1202 232 1241 Maestlini
257 1204 459 1253 'subingae
491 1205 601 1242 suerit
635 1203 804 1241 conditio
836 1204 1089 1252 illustremus,
1124 1210 1161 1242 et
1194 1205 1334 1253 quibus
1371 1204 1678 1242 dubitationibus
1708 1211 1835 1243 motus

39 1268 74 1299 et
106 1268 221 1300 antea
252 1269 289 1300 et
319 1268 454 1311 postea
487 1263 592 1312 (nam
626 1273 724 1310 quae
755 1262 951 1310 praefatur
982 1263 1207 1309 Prodromo,
1241 1263 1336 1300 haec
1367 1262 1571 1311 plurimum
1605 1263 1837 1301 dissentiunt

37 1332 61 1358 a
92 1322 227 1358 ceteris
260 1320 457 1358 Maestlini
489 1320 659 1370 seriptis)
691 1319 909 1368 prohibitus
941 1322 1001 1367 sit,
1036 1333 1111 1370 quo
1145 1322 1270 1358 minus
1303 1321 1432 1369 palam
1456 1322 1763 1370 Uopernieanum
1795 1333 1836 1359 sc

37 1378 299 1427 profiteretur,
334 1391 452 1428 quum
483 1378 675 1427 Keplerus
707 1383 744 1415 et
776 1377 901 1416 Gratii
944 1385 980 1417 et
1012 1379 1161 1428 Pragae
1195 1379 1397 1428 Copernici
1437 1380 1648 1417 doctrinam
1681 1380 1835 1428 publice

37 1438 93 1474 sic
124 1437 325 1475 defendere
357 1443 506 1486 posset,
542 1442 584 1474 ut
616 1435 842 1474 lutheranae
875 1442 913 1474 ct
946 1437 1160 1476 catholicae
1193 1437 1281 1475 fidei
1313 1437 1587 1475 studiosissimi
1619 1450 1745 1487 neque
1774 1449 1836 1476 re-

37 1496 215 1534 sisterent
246 1507 371 1543 neque
403 1498 651 1533 minarentur.

174 1553 333 1592 Praeter
365 1565 429 1600 ea,
471 1565 570 1602 qnae
611 1564 761 1601 semper
792 1552 996 1602 Tubingae
1029 1553 1221 1591 tractabat
1253 1553 1408 1601 studia,
1442 1553 1634 1602 Keplerus
1676 1556 1833 1603 saepius

37 1613 214 1661 poeticen
237 1612 454 1650 exercebat.
507 1611 597 1650 -Jam
618 1623 734 1659 supra
757 1610 912 1659 quidem
937 1612 1073 1649 horum
1094 1615 1317 1661 poematum
1340 1612 1538 1658 nonnulla,
1573 1624 1672 1661 quae
1696 1617 1834 1650 cuncta

38 1671 150 1708 certis
183 1671 453 1708 occasionibus
485 1671 587 1708 facta
619 1674 720 1716 sunt,
755 1669 956 1707 attulimus
989 1676 1026 1708 et
1047 1670 1227 1707 hocloco
1251 1670 1392 1708 addere
1415 1670 1542 1715 liceat,
1575 1675 1711 1718 postea
1732 1682 1833 1719 quo-

38 1740 112 1777 que
156 1730 300 1778 ingenii
341 1740 476 1766 venam
519 1739 718 1777 nunquam
760 1727 959 1765 defecisse.
1030 1728 1272 1766 Testimonio
1314 1733 1403 1765 sunt
1444 1728 1724 1777 pulcherrimus
1767 1728 1832 1766 ille

37 1792 201 1825 exeunte
224 1786 434 1824 Prodromo
457 1786 621 1837 hymnus
649 1788 687 1831 (I.
716 1787 812 1831 185),
840 1788 1120 1835 epigrammata
1143 1786 1293 1833 deinde,
1316 1798 1415 1835 quac
1439 1787 1484 1824 dc
1507 1786 1618 1824 oculo
1655 1789 1715 1832 (II.
1742 1789 1833 1832 125),

39 1845 84 1883 de
104 1845 219 1883 Nova
241 1845 362 1883 Stella
384 1848 441 1890 (II.
469 1848 546 1891 512,
568 1848 659 1891 719),
694 1843 739 1881 de
762 1843 905 1882 lumine
932 1848 992 1890 (ΙΙ.
1019 1848 1110 1891 292),
1145 1845 1190 1883 de
1212 1845 1398 1894 Tychone
1420 1847 1497 1888 (ΙΙΙ.
1529 1847 1604 1882 145.
1623 1848 1720 1882 VIII.
1743 1848 1832 1891 138.)

38 1904 266 1953 composuit,
300 1910 337 1942 et
368 1903 475 1951 illud,
511 1903 614 1953 quod
647 1916 681 1940 a.
718 1902 839 1940 1607.
875 1902 924 1940 ad
957 1903 1208 1941 celebrandas
1240 1903 1401 1952 Caspari
1428 1903 1643 1941 Dornaueri
1675 1904 1830 1952 nuptias

38 1961 257 2000 Goerlitzae
289 1962 379 1999 fecit
409 1960 473 2013 (ab
506 1962 579 2000 hoc
611 1963 696 2010 ipso
730 1960 909 2008 editum).

175 2020 219 2057 In
249 2019 394 2068 libello,
417 2032 531 2069 quem
563 2031 679 2069 supra
710 2020 848 2064 (9985)
882 2019 1048 2057 diximus
1078 2020 1294 2068 partimque
1327 2019 1598 2068 excerpsimus,
1632 2031 1708 2056 non
1742 2024 1832 2056 tan-

37 2083 118 2116 tum
150 2080 373 2126 exponitur,
420 2080 484 2127 qui
525 2090 618 2116 usus
649 2084 686 2116 et
714 2079 957 2118 familiaritas
996 2079 1110 2114 fuerit
1140 2077 1297 2126 Kepleri
1340 2089 1425 2114 cum
1464 2079 1579 2114 sociis
1611 2077 1831 2115 studiorum

38 2136 248 2174 Mulifontii
281 2141 319 2175 et
350 2136 570 2186 Tubingae,
614 2137 681 2174 sed
714 2139 828 2175 etiam
863 2136 989 2185 qualis
1020 2136 1180 2184 Kepleri
1222 2135 1371 2172 indoles
1404 2141 1440 2172 et
1472 2136 1667 2183 ingenium
1698 2137 1825 2182 fuerit,

41 2194 178 2244 quales
211 2206 360 2232 morum
392 2197 665 2244 proprietates,
709 2195 824 2244 idque
868 2199 975 2232 tanta
1008 2194 1208 2243 diligentia
1241 2200 1276 2231 et
1308 2195 1551 2231 accuratione
1582 2194 1724 2231 sactum
1756 2198 1825 2239 est,

37 2258 80 2291 ut
111 2263 156 2290 eo
189 2254 274 2302 ipso
308 2252 440 2290 addito
475 2255 604 2291 omnia
635 2253 762 2292 adhuc
795 2253 898 2293 dieta
927 2263 1004 2289 non
1036 2252 1150 2290 modo
1182 2251 1435 2300 suppleantur
1465 2252 1532 2289 sed
1559 2253 1702 2300 optime
1733 2262 1827 2289 con-

36 2311 224 2349 ficiantur.
285 2311 376 2349 Vol.
410 2310 458 2349 V.
491 2324 528 2360 p.
564 2315 643 2349 476
676 2324 727 2349 ss.
760 2312 822 2350 hic
852 2310 1031 2357 libellus,
1075 2310 1185 2359 cujus
1216 2311 1370 2347 nonnisi
1403 2314 1528 2347 exstat
1558 2310 1824 2358 fragmentum,

41 2369 184 2406 allatus
215 2374 273 2406 est
304 2371 339 2405 in
374 2371 640 2417 annotatione,
673 2382 773 2418 quae
804 2370 863 2407 his
895 2369 1132 2406 Harmoniae
1155 2369 1281 2406 verbis
1304 2367 1436 2405 addita
1458 2373 1536 2406 est:
1573 2367 1639 2419 „Si
1669 2368 1747 2416 jam
1780 2367 1826 2405 de

41 2432 183 2465 eventu
214 2426 429 2465 studiorum
461 2439 631 2465 meorum
664 2427 812 2476 loquar,
847 2426 940 2476 quid
972 2438 1117 2475 quaeso
1149 2438 1261 2475 porro
1294 2427 1448 2463 invenio
1482 2428 1517 2462 in
1551 2425 1680 2473 coelo,
1723 2425 1826 2475 quod

38 2485 87 2522 ad
131 2485 238 2522 illum
280 2485 342 2523 vel
381 2486 519 2523 leviter
560 2485 737 2523 alludat?
788 2485 1067 2533 Philosophiae
1106 2490 1236 2533 partes
1275 2496 1349 2521 non
1383 2483 1681 2522 contemnendas
1713 2496 1735 2520 a
1766 2494 1826 2520 me

38 2543 102 2581 vel
134 2542 180 2581 de
211 2555 314 2582 novo
348 2549 487 2589 erutas,
522 2543 584 2581 vel
616 2543 858 2589 emendatas,
891 2543 953 2581 vel
985 2543 1099 2591 plane
1131 2543 1319 2591 perfectas
1353 2554 1456 2589 esse,
1495 2542 1662 2579 fatentur
1692 2543 1823 2589 periti:

37 2606 78 2639 at
107 2613 193 2639 mea
224 2602 285 2639 hic
317 2601 443 2640 sidera
474 2602 578 2639 fuere
609 2613 685 2638 non
709 2602 923 2639 Mercurius
945 2603 982 2637 in
1007 2601 1150 2649 angulo
1174 2602 1371 2649 septimae,
1406 2601 1442 2636 in
1465 2600 1652 2648 quadrato
1676 2599 1824 2645 Martis,

37 2659 104 2697 sed
137 2659 393 2708 CopernicuS,
437 2659 505 2697 sed
536 2659 671 2709 Tycho
704 2660 896 2705 Braheus,
940 2660 1021 2695 sine
1053 2658 1163 2706 cujus
1196 2659 1509 2695 observationum
1547 2657 1652 2695 libris
1686 2658 1824 2703 omnia,

40 2729 138 2766 quae
169 2729 272 2755 nunc
303 2730 325 2755 a
347 2729 405 2755 me
438 2721 527 2754 sunt
558 2718 595 2753 in
620 2718 834 2755 clarissima
865 2717 950 2754 luce
974 2715 1178 2762 collocata,
1211 2716 1364 2764 sepulta
1391 2716 1565 2763 jacerent
1588 2717 1623 2751 in
1646 2715 1824 2753 tenebris.

37 2775 124 2813 Non
155 2776 344 2814 Saturnus
378 2774 555 2812 dominus
577 2774 770 2822 Mercurii,
804 2775 871 2812 sed
903 2774 1090 2812 Caesares
1114 2774 1281 2822 Augusti
1303 2773 1533 2821 Rudolphus
1566 2779 1602 2809 et
1625 2772 1823 2818 Matthias,

38 2833 195 2872 Domini
216 2835 304 2873 mei.
345 2834 430 2871 Non
454 2832 692 2881 planetarum
715 2833 938 2881 hospitium,
961 2832 1217 2879 Capricornus
1240 2830 1407 2877 Saturni,
1440 2830 1508 2868 sed
1531 2830 1687 2867 Austria
1709 2841 1825 2878 supe-

38 2892 132 2939 rior,
172 2893 348 2931 Caesaris
392 2891 526 2929 domus
571 2890 822 2938 ejusdemque
854 2890 1058 2926 Procerum
1097 2889 1242 2937 petenti
1289 2889 1381 2925 mihi
1419 2895 1569 2936 promta
1609 2888 1825 2925 liberalitas

0 2956 1 2961 ’
39 2950 205 3000 exempli
235 2962 313 2988 non
346 2950 489 2988 usitati.
552 2948 627 2985 Hic
658 2948 722 2984 ille
754 2947 919 2996 angulus
952 2952 1020 2993 est,
1053 2957 1128 2983 non
1161 2946 1341 2982 thematis
1371 2945 1572 2991 occiduus,
1605 2945 1671 2983 sed
1703 2952 1825 2983 terra-

39 3019 132 3056 rum,
165 3011 204 3046 in
236 3020 349 3057 quem
380 3007 628 3057 Imperatoris
660 3006 816 3043 Domini
847 3006 921 3043 mei
958 3015 1141 3042 concessu
1176 3016 1220 3041 ex
1253 3004 1342 3041 aula
1374 3005 1531 3040 nimium
1563 3005 1734 3052 inquieta
1764 3014 1825 3042 me

175 3136 205 3179 *)
232 3136 305 3176 Qua
329 3136 454 3166 ratione
480 3134 642 3175 Keplerus
668 3133 730 3164 hoc
754 3132 879 3163 dictum
905 3140 999 3162 suum
1024 3131 1059 3161 in
1084 3140 1178 3162 usum
1205 3131 1355 3170 verterit,
1380 3129 1506 3169 legatur
1532 3130 1585 3160 vol
1603 3129 1660 3163 VI,
1686 3139 1715 3170 p.
1743 3129 1825 3164 314.

109 3192 234 3226 Kepleri
254 3192 354 3226 Opera
372 3191 456 3218 vm.
1505 3186 1549 3221 64
