2126 3388
605 144 752 192 Kepleri
776 145 961 182 literarum
986 146 1105 183 studia
1129 150 1166 183 et
1190 147 1364 186 doctrina.
1796 152 1878 197 999

229 263 304 314 Qui
343 265 439 304 liber
469 264 731 315 Keplerianus
772 265 1020 316 dignissimus
1052 271 1149 315 erat,
1191 269 1256 318 qui
1298 269 1498 309 doctorum
1530 272 1700 310 omnium
1731 273 1880 312 animos

90 325 127 360 in
159 333 200 361 se
231 328 484 371 converteret,
516 335 594 362 non
624 324 740 362 modo
773 325 820 362 ob
843 327 897 363 rei
919 326 1040 374 ipsius
1061 328 1336 376 proprietatem
1358 334 1394 367 et
1415 330 1641 378 novitatem,
1673 330 1742 368 sed
1764 333 1880 369 etiam

90 380 193 431 quod
224 383 409 431 cogitatio
448 381 516 421 illa
555 383 725 420 rationes
763 385 1017 431 geometricas
1050 384 1098 422 ad
1131 385 1355 424 coelestium
1396 387 1564 426 siderum
1607 394 1734 427 motus
1765 389 1880 427 adhi-

88 438 205 478 bendi
236 441 543 489 ingeniosissime
575 442 612 477 in
645 452 691 479 eo
722 443 899 490 exposita
936 448 974 480 et
1007 441 1180 482 doctrina
1214 444 1479 494 Copernicana
1519 447 1684 495 primum
1724 448 1880 497 publice

89 497 281 547 explicata
319 503 356 536 et
388 498 546 537 defensa
578 504 690 537 esset.
753 499 798 536 In
830 500 966 538 eodem
1007 503 1176 539 omnium
1217 508 1354 550 postea
1397 506 1640 542 inventorum
1671 505 1879 555 Kepleria-

87 568 222 594 norum
253 556 504 594 fundamenta
538 561 575 595 et
606 558 728 606 prIma
760 560 907 596 semina
939 559 1084 607 insunt,
1124 559 1318 608 Keplerus
1360 561 1525 611 denique
1556 564 1659 612 ipse,
1700 566 1880 613 quamvis

86 614 260 652 libellum
288 615 514 664 juvenilem,
546 615 821 664 imperfectum,
854 618 1098 655 immaturum
1130 617 1301 657 laborem
1326 619 1439 667 dicat,
1472 625 1599 658 tamen
1621 627 1758 670 postea
1779 634 1880 672 quo-

90 685 165 722 que
198 673 499 722 cogitationibus
530 674 568 709 in
601 685 646 711 eo
680 676 870 712 contentis
908 676 1097 725 gloriatus
1129 681 1197 717 est.
1260 676 1409 725 Quibus
1452 680 1578 716 causis
1609 679 1767 719 libellus
1796 682 1879 731 ipse

86 732 304 769 accuratius
336 732 448 769 nobis
481 731 772 780 cognoscendus
804 738 882 781 est,
928 735 1155 783 praesertim
1189 746 1274 773 cum
1306 735 1498 785 Keplerus
1540 738 1675 785 viginti
1709 740 1879 788 quinque

87 790 198 828 annis
228 794 318 838 post
348 791 509 839 primam
543 789 751 829 editionem
784 790 910 829 denuo
933 792 1071 829 librum
1095 793 1236 830 additis
1257 794 1386 832 multis
1409 796 1724 834 annotationibus
1747 796 1876 836 ederet

85 853 123 886 et
155 849 266 896 quasi
298 847 554 898 supplementi
587 859 704 886 causa
736 860 823 887 cum
857 849 1121 901 „Harmonia“
1167 863 1238 889 sua
1270 852 1532 901 conjungeret.
1594 853 1722 892 Editio
1753 857 1877 905 prima

87 917 188 944 anno
214 909 336 944 1596.
369 908 407 942 in
439 905 563 944 lucem
595 906 749 955 prodiit,
782 907 952 945 secunda
979 919 1079 946 anno
1106 913 1226 955 1621,
1261 912 1437 958 quamvis
1470 912 1507 948 in
1530 910 1755 961 Harmonia,
1777 925 1878 952 anno

88 968 208 1002 1619.
243 963 367 1011 edita,
413 965 638 1014 inscriptum
676 966 746 1002 sit:
792 966 993 1013 „Accessit
1034 979 1146 1005 nunc
1187 973 1342 1018 propter
1382 971 1651 1017 cognationem
1693 973 1877 1011 materiae

86 1022 322 1060 Prodromus
354 1034 421 1061 seu
453 1022 684 1072 Mysterium
716 1024 1114 1074 cosmograplricuni.“
1159 1025 1268 1074 Quae
1292 1028 1564 1066 annotationes
1586 1028 1745 1067 editioni
1765 1030 1877 1069 alteri

84 1080 300 1130 adscriptae
332 1086 519 1130 quantum
562 1083 600 1118 in
631 1082 751 1120 literis
784 1082 975 1133 Keplerus
1014 1083 1217 1133 profecerit
1256 1089 1333 1122 tam
1373 1084 1473 1123 clare
1513 1091 1668 1136 tamque
1709 1087 1877 1127 dilucide

84 1144 356 1189 exposuerunt,
389 1144 431 1176 ut
462 1140 711 1178 excusatione
732 1141 797 1178 vix
820 1152 915 1190 opus
936 1142 998 1190 sit,
1031 1143 1063 1179 si
1093 1143 1258 1192 priorem
1290 1143 1498 1183 editionem
1521 1150 1727 1194 sequentes
1749 1148 1877 1197 operis

82 1199 202 1249 ipsius
234 1199 425 1248 epitomen
459 1198 532 1236 hoc
561 1198 648 1237 loco
680 1199 886 1238 afferimus.

219 1255 357 1294 Statim
390 1258 512 1306 primo
546 1258 671 1306 capite
704 1257 749 1295 de
782 1258 1009 1307 quaestione
1041 1257 1107 1295 illa
1139 1260 1287 1308 agitur,
1321 1264 1447 1298 utrum
1483 1260 1657 1300 doctrina
1688 1262 1877 1312 Coperni-

83 1325 179 1352 cana
220 1325 305 1352 cum
348 1313 545 1365 Scriptura
586 1315 705 1353 Sacra
747 1317 963 1354 consentiat
1001 1327 1140 1363 necne,
1185 1316 1252 1355 sed
1293 1317 1397 1356 haud
1439 1318 1555 1358 dubie
1593 1320 1877 1359 adhortationis

81 1372 434 1411 Hafenrefferianae
465 1384 622 1421 memor,
653 1374 754 1412 hanc
783 1375 1051 1424 quaestionem
1083 1376 1302 1413 accuratius
1324 1388 1515 1426 exponere
1547 1379 1674 1416 minus
1705 1390 1878 1418 commo-

82 1431 171 1468 dum
193 1442 278 1469 esse
301 1433 460 1478 censuit,
494 1443 611 1481 quum
634 1431 808 1481 alioquin
839 1445 880 1471 se
902 1433 1005 1472 haud
1028 1433 1251 1483 ambiguum
1273 1433 1475 1485 Copernici
1499 1436 1738 1475 defensorem
1764 1450 1879 1488 prae-

83 1490 175 1528 beat
206 1494 244 1527 et
276 1494 504 1538 argumenta
524 1502 595 1528 sua
627 1490 838 1530 clarissime
861 1496 1039 1542 exponat.
1081 1492 1126 1529 In
1149 1494 1399 1532 annotatione
1422 1500 1549 1533 autem
1571 1494 1645 1546 (ed.
1666 1494 1876 1547 secundae)

84 1547 130 1586 de
151 1547 384 1586 Pontificiali
411 1548 480 1586 illo
503 1550 592 1586 anni
617 1553 738 1590 1616.
772 1549 924 1588 decreto
958 1549 1122 1598 disserit,
1157 1563 1202 1589 ex
1235 1563 1312 1601 quo
1342 1551 1464 1605 „liber
1485 1553 1687 1603 Copernici
1711 1566 1877 1605 suspen-

82 1618 148 1644 sus
181 1612 237 1644 est
271 1606 392 1644 donec
425 1604 682 1656 corrigatur“,
725 1611 761 1646 et
791 1608 887 1647 haec
920 1609 1040 1646 verba
1072 1614 1240 1647 extrema
1280 1611 1318 1646 in
1354 1610 1503 1662 ⁷7donec
1534 1610 1769 1661 explicetur“
1804 1614 1878 1650 im-

83 1664 271 1703 mutanda
303 1676 388 1703 esse
422 1665 637 1703 arbitratur.
700 1665 744 1702 In
776 1668 855 1704 suis
888 1666 933 1705 de
965 1667 1103 1715 Marte,
1138 1667 1184 1705 de
1216 1671 1452 1706 astronomia
1475 1670 1741 1720 Copernicana
1769 1671 1878 1709 libris

82 1724 188 1761 etin
220 1723 434 1761 Harmonia
474 1725 568 1761 satis
609 1736 632 1761 a
663 1736 704 1763 se
736 1724 947 1763 doctrinam
989 1725 1294 1776 Copernicanam
1336 1726 1531 1765 defensam
1574 1740 1657 1766 esse
1698 1732 1735 1766 et
1773 1730 1878 1779 ipsos

82 1781 286 1831 theologos
318 1781 572 1831 explicatione
594 1782 661 1820 illa
683 1788 883 1821 contentos
915 1784 1075 1831 futuros,
1110 1784 1317 1822 dummodo
1349 1785 1497 1834 aliquid
1529 1798 1648 1825 sanae
1679 1789 1819 1826 mentis
1840 1792 1877 1827 et

80 1840 251 1890 aliquam
284 1842 542 1878 astronomiae
574 1841 832 1889 cognitionem
866 1841 1075 1880 attulerint.

219 1898 265 1936 In
299 1898 585 1949 interpretanda
616 1899 822 1949 hypothesi
845 1900 1110 1952 Copernicana
1131 1900 1324 1951 Keplerus
1355 1914 1378 1940 a
1408 1900 1535 1940 medio
1558 1901 1660 1940 Solis
1692 1902 1779 1941 loco
1811 1915 1875 1942 ar-

79 1962 346 2006 gumentatur,
398 1956 465 1994 sed
504 1959 541 1994 in
584 1957 753 1996 editione
796 1958 919 1996 altera
959 1959 1058 1997 hanc
1099 1960 1393 2010 explicationem
1436 1961 1614 1998 correxit:
1666 1961 1872 2009 „Nondum

77 2016 269 2062 sciebam,
313 2014 418 2064 quod
458 2020 594 2066 postea
624 2017 663 2052 in
695 2017 977 2055 commentariis
1006 2017 1143 2056 Martis
1173 2018 1453 2066 demonstravi,
1496 2019 1729 2057 anomaliam
1773 2021 1876 2059 orbis

82 2075 211 2123 magni
243 2071 411 2125 (terreni)
441 2085 510 2112 seu
541 2076 871 2122 commutationis,
905 2087 1004 2124 quae
1035 2076 1386 2125 retrogradationes
1418 2081 1609 2124 causatur,
1641 2079 1790 2115 restitui
1824 2078 1873 2116 ad

82 2133 208 2182 ipsum
240 2143 374 2170 verum
405 2131 507 2170 Solis
538 2138 684 2170 motum
717 2137 756 2171 et
785 2133 954 2180 locum“,
988 2139 1025 2172 et
1057 2134 1173 2183 paulo
1206 2140 1314 2185 post:
1351 2135 1613 2187 „Copernicus
1646 2137 1872 2174 eccentrici-

83 2195 183 2229 tates
215 2190 455 2240 computavit
487 2190 593 2229 velut
625 2204 647 2229 a
670 2196 799 2229 centro
832 2192 933 2230 orbis
964 2193 1107 2240 magni,
1139 2205 1206 2242 per
1236 2193 1306 2231 hos
1339 2205 1430 2232 vero
1464 2196 1515 2231 25
1550 2205 1684 2241 annOS,
1718 2206 1763 2232 ex
1795 2206 1873 2244 quo

81 2247 256 2286 libellum
286 2248 390 2286 hunc
421 2248 536 2296 edidi,
568 2251 623 2287 sic
654 2254 712 2287 est
743 2261 766 2287 a
797 2262 856 2288 me
889 2252 1098 2289 constituta
1119 2253 1367 2298 astronomia,
1401 2256 1443 2289 ut
1464 2253 1767 2290 eccentricitates
1789 2264 1874 2290 orn-

83 2318 150 2344 nes
182 2306 232 2344 ad
263 2308 499 2357 ipsissimum
532 2307 634 2345 Solis
668 2312 837 2346 centrum
870 2320 940 2346 ceu
977 2320 1108 2346 veram
1140 2309 1272 2347 mundi
1310 2310 1422 2348 basin
1453 2307 1703 2348 referantur.“
1768 2310 1874 2360 Quos

85 2365 321 2414 Copernicus
361 2365 495 2403 tribuit
527 2365 669 2404 Terrae
701 2370 776 2404 tres
808 2371 936 2405 motus
967 2370 1091 2414 (supra
1117 2381 1154 2414 p.
1182 2371 1273 2415 567),
1306 2368 1496 2418 Keplerus
1529 2368 1778 2407 observanter
1807 2381 1870 2408 re-

82 2423 155 2461 fert
187 2425 224 2460 in
257 2422 426 2461 editione
459 2425 594 2473 prima,
627 2425 664 2461 in
697 2424 866 2462 secunda
896 2437 988 2463 vero
1019 2437 1061 2463 se
1083 2427 1248 2475 corrigit,
1283 2426 1434 2464 dicens:
1471 2427 1763 2478 „imaginationi
1784 2427 1874 2466 huic

84 2481 227 2530 (motus
259 2492 335 2519 non
367 2483 507 2530 integri
539 2482 664 2530 orbis,
707 2482 774 2520 sed
807 2483 969 2521 orbiculi
1000 2483 1198 2532 coelestis,
1240 2484 1380 2523 Terrae
1411 2484 1569 2534 globum
1600 2486 1771 2533 proxime
1803 2497 1873 2524 ceu

82 2538 261 2577 nucleum
292 2539 539 2589 includentis)
580 2552 713 2578 ansam
753 2541 932 2591 praebuit
963 2542 1217 2593 Copernicus‚
1260 2554 1329 2580 seu
1360 2543 1502 2580 servire
1534 2542 1699 2580 voluerit
1729 2545 1873 2593 captui,

83 2598 168 2635 sive
198 2609 239 2636 re
272 2609 366 2636 vera
398 2602 435 2635 et
465 2599 548 2647 ipse
579 2598 748 2637 haeserit
777 2600 816 2635 in
850 2599 1103 2649 perplexitate
1133 2601 1198 2640 rei.
1257 2597 1353 2638 Utut
1384 2612 1424 2639 se
1454 2612 1515 2638 res
1546 2600 1710 2648 habeat,
1741 2606 1870 2640 motus

82 2658 155 2693 iste
186 2667 226 2693 re
258 2666 349 2693 vera
379 2659 506 2693 motus
537 2667 613 2694 non
646 2662 714 2702 est,
749 2658 858 2705 quies
889 2659 1017 2707 potius
1050 2657 1224 2695 dicenda.
1267 2658 1408 2696 Terrae
1438 2657 1590 2706 globus,
1623 2657 1712 2696 dum
1743 2670 1870 2697 annuo

84 2717 190 2751 motu
222 2713 484 2751 circumfertur
516 2715 616 2752 circa
647 2714 796 2762 Solem,
837 2719 942 2753 tenet
980 2717 1131 2754 interim
1175 2728 1285 2754 axem
1317 2716 1529 2754 volutionis
1559 2728 1652 2754 suae
1693 2717 1766 2755 sibi
1797 2718 1871 2767 ipsi

85 2783 236 2822 semper
267 2771 496 2821 parallelum
528 2773 565 2809 in
599 2772 761 2811 diversis
793 2773 943 2819 sitibus,
968 2800 976 2810 .
1000 2802 1009 2811 .
1033 2803 1041 2810 .
1075 2778 1230 2823 propter
1261 2775 1552 2812 continuitatem
1585 2773 1743 2813 diurnae
1775 2786 1870 2814 con-

82 2829 294 2868 volutionis
327 2831 426 2867 circa
456 2829 558 2868 hunc
589 2842 712 2877 axem,
746 2842 845 2879 quae
866 2830 973 2869 illum
994 2835 1099 2869 tenet
1120 2836 1299 2879 erectum,
1332 2836 1375 2869 ut
1395 2832 1437 2869 fit
1467 2833 1505 2868 in
1527 2832 1678 2871 turbine
1708 2834 1868 2872 incitato

85 2892 122 2926 et
154 2885 464 2926 discursitantess

221 2945 314 2985 Jam
334 2945 525 2995 Keplerus
557 2957 603 2983 ea
634 2945 802 2993 inquirit,
836 2954 937 2994 quae
967 2946 1007 2983 in
1037 2945 1180 2984 mundo
1203 2946 1379 2984 sensibus
1403 2947 1617 2995 incurrunt3
1650 2946 1866 2997 sphaeram,

84 3005 220 3054 inquit,
254 3005 423 3042 omnium
456 3014 539 3041 esse
569 3003 852 3041 nobilissimum
884 3015 1040 3053 corpus,
1074 3015 1232 3042 curvum
1265 3003 1314 3042 ad
1344 3003 1476 3041 mundi
1509 3009 1683 3042 ornatum
1715 3004 1868 3044 adhibi-

84 3068 165 3101 tum
197 3071 292 3110 esse,
324 3063 498 3112 proxima
536 3061 610 3099 hoc
649 3063 760 3110 sequi
799 3072 977 3112 corpora,
1021 3061 1256 3111 planitiebus
1297 3061 1457 3100 inclusa.
1519 3062 1658 3101 Lineas
1698 3074 1788 3102 vero
1831 3069 1869 3103 et

84 3120 304 3173 superficies
335 3120 473 3174 planas
513 3119 639 3172 ipsas,
685 3123 753 3171 „ut
782 3119 951 3159 infinitas
992 3118 1212 3173 ordinisque
1250 3122 1471 3173 incapaeeS‚
1514 3131 1534 3160 e
1564 3120 1706 3162 mundo
1743 3118 1865 3176 finito,
