2126 3388
261 171 345 214 914
389 177 394 179 ⁴
932 167 1016 202 Vita
1041 166 1191 201 ι103111115
1217 164 1375 211 Kepleri.

260 285 428 331 pachium
452 288 492 318 ut
517 292 670 318 excusas
694 281 764 316 huc
788 281 905 316 mittat
931 291 1044 316 orare.
1086 281 1226 317 Literas
1252 281 1311 316 hic
1335 281 1448 315 habes
1474 290 1495 315 a
1518 279 1604 325 filia,
1630 290 1719 325 quas
1743 291 1860 327 nuper
1884 281 2063 317 curandas

262 343 308 378 ad
332 353 388 377 me
413 340 568 376 Durlaco
594 339 701 373 misit.
749 339 805 374 Eo
831 350 984 383 namque
1009 339 1276 383 familiaritatis,
1301 339 1396 373 bona
1421 349 1502 373 cum
1527 348 1617 383 pace
1641 343 1716 381 tua,
1742 340 1996 384 processimus,
2023 344 2063 374 ut

261 398 356 444 quod
381 400 542 433 amantes
561 395 680 431 solent
698 395 850 431 subinde
874 396 989 431 literis
1014 397 1165 432 invicem
1191 395 1428 441 appellemus.
1463 395 1512 429 Et
1536 395 1698 439 profecto
1723 396 1828 431 valde
1851 397 1951 432 illam
1968 408 2060 443 amo,

262 462 338 491 tum
365 454 447 498 quia
472 458 535 489 tua
561 458 627 498 est,
654 458 732 488 tum
758 453 865 488 etiam
892 454 987 498 quod
1012 454 1050 488 in
1077 454 1155 497 ejus
1181 453 1344 498 epistolis
1369 452 1518 487 mirifica
1538 453 1715 496 quaedam
1741 458 1776 488 et
1803 464 1914 499 supra
1939 466 2063 490 sexum

260 511 453 558 prudentia
479 511 606 546 elucet.
648 511 727 554 Ego
750 509 825 554 jam
851 510 967 545 denuo
986 512 1028 546 D.
1050 511 1276 546 Bartschium
1303 511 1347 545 de
1380 510 1570 545 ambienda
1595 510 1659 545 illa
1684 510 1892 547 submoneo.
1927 512 2063 555 Faciet,

263 570 292 605 si
317 569 431 614 sapit,
468 579 535 603 nec
561 579 623 603 ros
649 567 844 613 negabitis,
879 570 909 603 si
933 570 1101 604 virtutem
1126 569 1281 603 hominis
1307 574 1373 603 suo
1399 568 1537 613 pretio,
1573 568 1669 612 quod
1700 568 1837 613 facitis,
1873 570 2061 615 aestimare

262 627 427 672 potestis.
479 627 583 661 Certe
612 626 642 661 si
665 636 723 660 res
757 626 803 660 ad
834 631 956 661 votum
989 626 1168 671 procedit,
1199 626 1274 670 jam
1300 637 1396 661 nunc
1421 636 1522 671 spem
1547 625 1684 659 firmam
1711 626 1889 671 concipio,
1923 627 1999 662 fore
2024 632 2063 662 ut

263 686 346 721 olim
371 687 408 720 in
433 686 502 721 hac
527 686 606 731 ipsa
633 688 720 721 urbe
746 686 783 720 in
809 689 951 719 tuorum
980 685 1128 727 (quibus
1149 689 1183 718 et
1200 694 1256 717 me
1282 683 1388 718 velim
1407 685 1638 727 annumeres]
1665 684 1835 728 amplexu
1853 690 2064 729 conspectu-

263 755 332 788 que
358 745 519 788 quietum
546 751 579 779 et
606 750 771 789 optatum
797 742 993 779 senectutis
1019 741 1141 776 nidum
1167 735 1345 778 iux-eniasss
1391 743 1489 776 Deus
1517 748 1552 776 et
1577 741 1669 776 faxit
1696 742 1821 786 Teque
1839 742 1902 776 Vir
1926 753 2062 777 summe

261 802 407 846 publico
433 801 526 837 bono
556 802 754 838 diutissime
781 800 967 835 florentem
993 799 1242 843 valentemque
1268 804 1395 835 servet.
1445 799 1543 834 Vale.
1592 800 1636 834 D.
1662 801 1693 835 5.
1721 800 1796 834 Jul.
1825 800 1923 835 1629.

402 862 654 912 Keplerus
687 863 1008 910 Berneggero
1049 860 1089 898 S.
1120 860 1165 899 P.
1201 860 1248 896 D.
1301 860 1386 898 Non
1419 860 1598 909 equidem
1637 860 1792 898 fortuna
1833 866 1912 908 est,
1959 872 2059 909 quac

265 925 390 961 bonos
418 922 543 970 Juvat,
576 932 652 958 non
686 923 786 958 enim
819 921 925 958 coeci
957 919 1030 956 hoc
1063 925 1133 956 est.
1185 919 1316 955 Bonus
1350 925 1387 956 et
1418 919 1501 967 ipse
1533 919 1670 967 genius
1703 924 1761 956 est
1793 918 1984 965 oculatus,
2017 924 2061 956 ut

265 982 331 1031 qui
363 981 542 1025 maxime,
576 986 613 1017 et
648 978 795 1016 videns.
856 977 934 1014 Hic
964 977 1145 1013 nimirum
1175 977 1265 1022 tibi,
1300 975 1521 1015 Clarissime
1554 977 1864 1025 amicissimeque
1896 977 1986 1023 Vir,
2020 978 2058 1013 in

266 1044 432 1077 mentem
465 1037 591 1084 dedit,
627 1044 666 1074 ut
699 1036 831 1074 literas
862 1034 1067 1072 Bartscliio
1099 1035 1301 1083 inscriptas
1342 1035 1437 1071 mihi
1467 1036 1637 1072 mitteres
1670 1040 1836 1084 apertae.
1900 1033 2059 1072 Conde-

267 1097 381 1135 nabis
414 1095 488 1133 hoc
519 1096 566 1146 (si
598 1096 715 1132 etiam
746 1094 939 1131 fortunam
971 1090 1165 1143 agnoscis)
1206 1093 1290 1140 ejus
1332 1098 1369 1130 et
1399 1104 1485 1129 meo
1518 1093 1684 1138 numini,
1728 1092 1832 1141 quod
1864 1092 1938 1130 1130
1969 1093 2058 1140 qui-

272 1155 360 1193 dem
393 1154 477 1191 vice
509 1153 648 1190 frustra
680 1153 878 1201 scripsisti.
941 1149 1053 1198 Quod
1087 1151 1143 1186 vir
1174 1149 1239 1201 ille
1272 1161 1318 1187 ex
1349 1149 1480 1187 multis
1512 1149 1663 1187 indiciis
1706 1150 1807 1188 velle
1841 1150 2057 1197 videbatur,

267 1214 324 1251 sic
367 1217 515 1258 tamen,
562 1216 603 1247 ut
646 1208 879 1248 verecundia
922 1213 987 1245 aut
1027 1214 1301 1256 praeposterae
1347 1209 1509 1246 actionis
1560 1209 1829 1256 aspernatione
1867 1208 2059 1246 cohibitus

267 1269 487 1319 significare
519 1280 635 1316 quam
668 1273 799 1316 aperte
830 1272 960 1316 petere
991 1265 1145 1312 mallet,
1176 1265 1215 1302 id
1243 1265 1521 1321 ι13111311111115
1552 1267 1749 1304 mensibus
1782 1267 1960 1304 omnibus
1980 1266 2058 1304 fere

269 1327 444 1378 epistolis
475 1326 654 1364 inculcat.
697 1325 826 1362 Homo
859 1324 1116 1373 philosophici
1149 1325 1278 1370 1110115,
1309 1329 1371 1361 531
1402 1324 1560 1370 habens,
1593 1325 1624 1361 si
1657 1337 1680 1361 a
1709 1324 1834 1362 verbis
1867 1325 2057 1373 expressis

269 1387 462 1424 abstineat
504 1395 667 1433 eamque
707 1383 906 1421 solennem
946 1381 1131 1430 loquendi
1166 1381 1328 1418 sormam
1369 1383 1596 1419 ceremoniis
1637 1382 1806 1431 politicis
1838 1381 2058 1420 501311110-

269 1448 409 1490 servet,
441 1443 594 1480 interim
627 1441 1046 1486 circumlocutionibus,
1080 1439 1219 1487 quibus
1251 1439 1358 1476 nullo
1381 1451 1478 1489 opus
1503 1438 1666 1489 Oedipo,
1699 1451 1850 1477 omnem
1873 1439 2057 1478 consilio-

269 1513 352 1539 rum
383 1511 540 1538 suorum
572 1500 710 1538 seriem
742 1498 969 1537 edisserens.
1031 1497 1169 1545 Itaque
1200 1492 1405 1535 incentivis
1446 1499 1520 1534 tuis
1554 1509 1650 1546 opus
1682 1509 1758 1535 non
1792 1504 1862 1536 est.
1924 1497 2056 1547 Scrip-

271 1560 355 1597 sisti
385 1563 427 1595 tu
459 1559 525 1605 ita,
559 1564 600 1594 nt
630 1556 743 1595 facile
777 1557 863 1605 quis
895 1556 1012 1593 alium
1046 1557 1121 1592 tuis
1153 1555 1281 1593 verbis
1312 1555 1533 1604 loquentem
1566 1556 1860 1594 animadvertat.
1915 1555 2057 1602 Litera‚

270 1628 463 1667 papyruS‚
507 1617 723 1654 encomium
755 1614 803 1652 ad
836 1614 1069 1663 elegantiam
1101 1614 1339 1662 composita,
1383 1625 1499 1662 supra
1540 1613 1750 1652 familiares
1794 1614 1905 1651 vobis
1936 1625 2061 1652 mores

272 1678 491 1723 assurgunt.
553 1673 760 1711 Praeterea
791 1684 875 1710 cum
908 1672 1048 1721 hospes
1081 1671 1293 1709 adventum
1324 1683 1435 1709 suum
1467 1671 1559 1708 mihi
1591 1672 1800 1720 significet,
1831 1683 1959 1709 meum
1992 1673 2063 1710 erit

275 1733 386 1770 illum
419 1736 662 1780 exspectare,
703 1729 905 1768 ridiculum
938 1731 1036 1767 enim
1065 1729 1146 1778 jam
1173 1731 1355 1772 invitare.
1417 1729 1547 1767 Causa
1578 1729 1672 1766 mibi
1704 1729 1838 1767 eadem
1870 1741 1971 1768 1111110
2002 1732 2074 1768 10-’

273 1789 392 1829 nendi
423 1789 586 1835 silentii,
628 1788 758 1837 quoad
799 1799 978 1837 expresse
1016 1799 1146 1836 roger,
1180 1799 1279 1836 quae
1311 1789 1417 1836 prius
1451 1787 1628 1826 eliciendi
1671 1787 1754 1836 ejus
1786 1788 1902 1826 animi
1935 1799 2060 1835 sensa,

275 1849 491 1898 longinqua
521 1858 572 1886 50.
604 1846 707 1884 filiae
738 1857 847 1884 meae
880 1846 1068 1883 absentia.
1122 1845 1182 1882 lbi
1213 1845 1445 1891 metuebam,
1478 1857 1525 1883 116
1559 1846 1742 1894 opinione
1774 1857 1876 1883 vana
1907 1845 2063 1883 delusus

275 1918 385 1944 meae
415 1906 518 1943 filiae
552 1903 754 1942 commoda
785 1903 1022 1952 negligerem
1056 1902 1373 1952 conditionesque
1408 1903 1503 1940 alias
1533 1904 1794 1953 praeterirem,
1826 1904 1889 1941 hic
1920 1915 2064 1942 caven—

277 1964 366 2001 dum
394 1963 476 2012 jam
508 1958 612 2007 mibi]
645 1974 692 2000 ne
724 1963 826 2000 bono
861 1963 941 1998 viro
975 1960 1067 2010 quid
1097 1962 1319 2010 promittam
1351 1960 1435 2010 (aut
1467 1961 1570 2010 quod
1612 1963 1792 2010 promissi
1832 1967 1933 2000 esset
1962 1962 2063 2010 loco,

277 2029 382 2060 tuam
425 2020 628 2070 epistolam
669 2019 718 2057 ad
756 2031 843 2057 eum
884 2019 1068 2068 mittam),
1102 2019 1206 2067 quod
1238 2019 1411 2057 fortassis
1450 2031 1559 2057 meae
1597 2021 1779 2068 potestati
1812 2031 1888 2057 non
1920 2021 1987 2057 sit:
2032 2021 2063 2057 51

277 2081 458 2117 nimirum
489 2080 635 2116 interea
666 2079 922 2127 prospiciatur
954 2089 1062 2114 meae
1096 2089 1118 2114 3
1141 2079 1316 2126 cognatis
1347 2089 1484 2126 resque
1517 2079 1566 2115 sit
1596 2089 1673 2115 non
1705 2077 1871 2127 amplius
1903 2079 2063 2127 integra.

278 2138 322 2175 In
357 2149 474 2175 causa
504 2147 605 2173 nuuc
636 2141 837 2173 versantur
868 2137 961 2183 ista,
997 2142 1036 2173 ut
1067 2146 1143 2172 non
1178 2137 1299 2172 visam
1331 2147 1353 2172 a
1381 2147 1441 2172 me
1474 2140 1581 2184 petat
1612 2137 1693 2184 ipse
1724 2147 1921 2184 nunquam
1946 2137 2064 2183 visus,

278 2196 526 2244 impertinens
569 2195 763 2232 existimat
805 2198 843 2231 et
880 2198 1010 2232 tamen
1048 2204 1176 2230 morae
1219 2200 1277 2231 651
1313 2194 1539 2242 impatiens,
1585 2193 1714 2241 quoad
1745 2195 1782 2230 in
1815 2199 2065 2243 conspectum

279 2255 410 2290 venire
440 2253 575 2301 possit.
628 2252 808 2290 Destinat
838 2251 1029 2288 nundinas
1059 2251 1416 2289 Francofurtenses.
1469 2251 1525 2288 Ex
1557 2256 1625 2289 tua
1655 2263 1748 2290 vero
1779 2251 1829 2289 ad
1849 2251 1955 2290 illam
1979 2253 2065 2301 epi-

279 2310 380 2349 stola
410 2310 531 2347 multa
563 2309 667 2348 disco
700 2315 771 2348 etc.

416 2368 481 2406 Me
513 2372 641 2405 tamen
674 2367 809 2405 horum
840 2367 933 2404 nihil
966 2371 1099 2413 terret,
1133 2366 1222 2404 dum
1254 2371 1412 2415 reputo,
1446 2366 1643 2404 hominem
1674 2366 1904 2420 industrium
1937 2372 1975 2405 et
2005 2365 2066 2405 la-

278 2426 477 2464 boriosum
511 2437 607 2472 esse,
641 2426 706 2474 qui
739 2436 861 2473 aeque
893 2425 989 2462 sorte
1021 2424 1132 2462 facile
1154 2426 1299 2463 victum
1321 2436 1504 2473 quaerere
1535 2426 1658 2474 possit
1688 2430 1805 2474 atque
1835 2424 2066 2474 locupletior

278 2483 430 2532 aliquis,
463 2482 531 2520 sed
561 2483 773 2532 negligens,
808 2483 880 2520 1130
912 2488 1141 2532 tempestate
1174 2483 1285 2520 bonis
1317 2483 1397 2520 suis
1431 2482 1619 2521 excidere.
1680 2483 1739 2520 Tu
1771 2483 1888 2532 igitur
1917 2482 2065 2531 siquid

278 2542 412 2589 habes,
447 2540 550 2590 quod
581 2543 614 2578 ei
646 2542 747 2578 serio
778 2540 972 2589 significes
1005 2540 1051 2578 de
1083 2540 1322 2589 professione
1347 2541 1630 2589 Argentinensi,
1663 2541 1794 2579 alteris
1815 2541 1937 2579 literis
1968 2542 2064 2578 scri-

282 2601 385 2647 bito;
419 2599 654 2648 argumentis
685 2600 947 2648 persuasionis
977 2598 1060 2646 ejus
1092 2600 1158 2645 rei,
1193 2610 1307 2647 quam
1340 2599 1423 2647 ipse
1455 2598 1554 2636 ultro
1579 2597 1723 2636 dudum
1754 2600 1845 2648 agit,
1881 2610 1965 2637 cum
1987 2609 2062 2635 non

280 2659 330 2695 sit
362 2668 471 2706 opus,
503 2657 591 2694 vide
623 2657 750 2705 igitur,
783 2668 831 2693 an
863 2667 952 2694 vere
984 2655 1033 2693 ad
1063 2667 1170 2705 spem
1201 2656 1450 2705 professionis
1482 2656 1598 2694 faeiat
1629 2656 1724 2694 haec
1754 2661 1886 2695 nostra
1916 2656 2065 2705 agitata

278 2715 463 2762 affinitas,
506 2719 544 2753 et
575 2716 631 2752 sic
663 2715 817 2752 tandem
844 2725 920 2751 non
953 2719 1042 2751 veto
1076 2715 1167 2763 quin
1209 2715 1372 2760 scribas,
1417 2726 1502 2752 cum
1534 2713 1769 2752 subolsacias
1800 2715 1883 2763 ejus
1915 2713 1962 2752 de
1993 2713 2065 2752 hac

279 2772 466 2810 affinitate
499 2772 672 2819 consilia,
705 2772 826 2810 videri
858 2771 931 2809 hoc
962 2783 1045 2810 non.
1070 2783 1205 2820 parum
1238 2771 1287 2809 ad
1318 2784 1395 2810 rem
1430 2777 1501 2810 610.

415 2830 560 2868 Verum
591 2829 677 2878 plus
711 2835 779 2874 est,
813 2829 915 2878 quod
947 2830 1019 2867 tibi
1050 2829 1280 2879 significem,
1313 2835 1355 2867 ut
1388 2841 1538 2868 omnem
1570 2830 1816 2868 consiliorum
1847 2834 2063 2867 nostrorum

280 2889 415 2925 seriem
457 2888 681 2936 perspicias,
742 2887 862 2925 Miser
898 2887 962 2925 ille
1003 2898 1124 2936 nuper
1155 2886 1204 2924 ad
1237 2899 1296 2925 me
1328 2889 1451 2935 venit,
1491 2887 1652 2926 consilia
1683 2899 1755 2925 sua
1786 2886 1833 2924 de
1864 2887 1968 2925 vitae
2001 2889 2063 2924 in-

279 2947 414 2983 stituto
455 2957 571 2994 supra
613 2944 714 2983 dicto
751 2956 900 2982 mecum
934 2946 1302 2992 communicaturus,
1345 2950 1459 2994 puto,
1500 2950 1542 2982 ut
1579 2957 1647 2995 spe
1686 2946 1788 2983 facta
1823 2938 2063 2994 propinquae

282 3002 533 3040 habitationis
566 3004 667 3039 viam
700 3007 862 3040 strueret
895 3002 943 3040 ad
975 3008 1070 3040 vota
1101 3014 1172 3040 sua
1202 3004 1374 3052 proxime
1407 3002 1687 3052 patefacienda.
1740 3002 1860 3050 Atqui
1891 3005 1963 3052 ego
1995 3003 2063 3050 illi,

281 3059 384 3107 quod
416 3059 557 3097 candor
584 3060 765 3107 jubebat,
809 3060 960 3098 ostendi
1001 3060 1132 3098 literas
1165 3061 1213 3097 D.
1247 3060 1422 3099 Thomae
1453 3060 1752 3106 Lindenmanni,
1793 3062 1949 3098 rectoris
1980 3060 2063 3098 Ro‘-

281 3117 530 3166 stochiensis‚
573 3118 713 3166 quibus
755 3130 800 3156 cx
842 3117 1026 3157 mandato
1068 3117 1222 3168 quidem
1256 3118 1377 3157 Ducis
1408 3117 1654 3156 Fridlandiae
1693 3119 1753 3166 (ut
1785 3119 1850 3168 qui
1883 3117 2062 3158 ducatum
