2157 3398
293 186 380 232 594
699 184 938 223 Summarium
961 185 1142 222 Historiae
1166 183 1417 223 Astronomiae
1441 186 1563 224 seculo
1586 186 1685 225 XVI.

292 308 370 340 tus:
395 303 656 350 Hypotyposes
674 302 815 339 orbium
832 304 1045 347 coelestium,
1072 314 1164 350 quas
1181 303 1367 350 appellant
1387 301 1581 340 Theoricas
1590 304 1835 349 planetarum,
1851 306 2087 350 conqruentes

293 373 372 398 cum
397 363 532 399 tabulis
548 360 789 406 Alphonsinis
813 367 846 398 et
866 363 1064 408 Copernici,
1091 373 1154 397 seu
1179 363 1287 398 etiam
1311 363 1446 398 tabulis
1460 362 1680 407 Prutemeis,
1699 363 1798 398 1571.
1827 362 2001 398 Ediderat
2017 363 2087 397 hoc

292 431 383 465 opus
410 421 449 455 C.
473 419 701 464 Dasypodius
727 429 758 454 a.
789 421 894 465 1568,
929 420 1025 464 quod
1051 430 1088 455 se
1114 420 1227 463 ignoti
1251 420 1406 455 auctoris
1431 430 1538 455 manu
1564 419 1804 464 conscriptum
1828 421 2011 465 accepisse
2034 420 2086 454 in-

291 490 407 523 genue
432 478 575 513 fatetur.
627 477 754 523 „Legi,
782 479 897 522 inquit
922 479 1162 523 Dasypodius,
1189 478 1399 523 placuitque
1430 479 1545 523 primo
1570 478 1721 520 intuitu,
1749 476 1813 512 sed
1838 488 1917 512 cum
1943 477 2086 522 penitus

290 536 569 581 perspexissem,
594 535 798 580 perplacuit
818 537 1034 581 dignumque
1053 536 1148 572 hunc
1165 537 1323 581 judicavi
1349 536 1490 580 librum,
1516 546 1623 581 quem
1648 535 1683 570 in
1701 534 1829 580 vulgus
1847 534 1966 570 affinis
1984 545 2086 570 meus

292 594 567 639 (typographus,
594 594 654 637 qui
680 594 749 638 ipsi
775 595 1055 639 manuscriptum
1080 595 1336 639 perlegendum
1362 594 1553 639 obtulerat)
1580 594 1767 629 emitteret.
1817 594 1900 638 Ipse
1925 594 2087 638 Dasypo-

292 652 371 686 dius
397 652 527 696 aliique
554 651 747 687 secundum
766 653 1014 697 Dasypodium
1039 653 1104 687 viri
1124 653 1320 688 doctissimi
1337 658 1572 697 putaverunt,
1599 652 1727 687 librum
1753 652 1797 686 ab
1814 652 1858 688 E.
1873 651 2086 695 Reinholdo,

292 714 365 744 tum
388 709 464 753 jam
489 714 643 752 mortuo,
671 710 914 754 conscriptum
942 710 1063 755 fuisse,
1089 722 1155 755 pro
1182 716 1279 746 certo
1306 710 1395 745 nihil
1415 711 1458 746 de
1475 715 1623 745 auctore
1652 709 1863 745 confirmare
1888 709 1968 744 ausi
1992 713 2088 744 sunt.

289 768 471 802 Peucerus
497 767 627 802 librum
653 768 731 812 ipse
758 768 869 803 edidit
894 779 988 803 anno
1010 769 1091 804 1571
1125 773 1160 804 et
1185 770 1220 804 in
1238 768 1461 813 praefatione
1480 768 1651 813 queritur,
1676 766 1886 812 Dasypodio
1903 770 2086 802 auctorem

287 827 382 861 bene
407 829 543 870 notum,
569 826 760 870 ipsumque
785 827 1069 871 manuscriptum
1086 837 1107 861 a
1126 826 1302 871 discipulo
1328 827 1449 870 aliquo
1474 827 1553 871 ipso
1580 826 1692 861 inscio
1718 825 1938 870 descriptum
1963 825 2087 861 furtim

287 887 565 929 Argentoratum
592 884 749 919 delatum
774 884 894 920 fuisse.
926 906 962 910 -

420 943 559 977 Passim
592 944 745 978 occurrit
778 944 965 978 historiam
1003 944 1276 979 mathematicae
1316 943 1494 988 repetenti
1529 953 1660 978 nomen
1696 942 1877 977 Orontii
1915 941 2084 986 Finaei,

288 999 349 1043 qui
374 1001 509 1044 primus
535 1001 702 1036 Lutetiae
729 1001 947 1036 Parisiorum
966 1013 1111 1037 munere
1137 1002 1226 1046 regii
1243 1002 1448 1037 matheseos
1466 1001 1680 1046 professoris
1699 1001 1917 1045 fungebatur
1935 1000 2083 1045 (1532-

290 1060 390 1100 1555)
424 1064 459 1092 et
485 1069 522 1093 se
547 1059 748 1094 restituisse
780 1059 984 1094 matheseos
1022 1059 1180 1095 studium
1216 1059 1510 1106 ipse1gloriatur.
1538 1080 1581 1085 —-
1605 1061 1660 1095 De
1696 1058 1820 1094 circuli
1854 1058 2086 1103 quadratura,

290 1116 412 1159 anguli
438 1117 656 1162 trisectione,
685 1117 928 1161 duplicatione
955 1118 1038 1152 cubi
1063 1128 1154 1153 vana
1180 1118 1354 1161 quaedam
1380 1117 1524 1162 publice
1548 1117 1754 1163 proposuit,
1780 1116 2027 1152 concludendo
2051 1116 2088 1151 in

290 1173 411 1208 orbem
436 1175 598 1219 rediens3
626 1176 800 1210 rationem
828 1176 989 1211 diametri
1016 1177 1060 1211 ad
1089 1176 1412 1211 circumferentiam
1438 1177 1565 1211 statuit
1590 1180 1630 1210 ut
1654 1177 1674 1210 7
1700 1175 1746 1210 ad
1770 1175 1836 1221 22}
1866 1175 2087 1220 (1:3,1746),

291 1242 398 1275 quam
424 1233 540 1267 minus
567 1240 769 1269 accuratam
797 1246 876 1271 esse
901 1236 1000 1271 vides
1031 1235 1092 1269 illa
1116 1235 1160 1269 ab
1185 1234 1400 1269 Archimede
1425 1235 1579 1279 prodita.
1628 1235 1683 1268 De
1717 1233 1949 1268 conficiendis
1981 1234 2086 1268 horo-

289 1288 393 1333 logiis
421 1290 596 1326 solaribus
624 1292 733 1327 edidit
760 1304 862 1338 opus,
889 1294 1121 1337 geometriam
1148 1292 1342 1336 practicam
1369 1292 1558 1327 emendare
1585 1293 1734 1336 studuit,
1760 1301 1826 1326 nec
1852 1303 1925 1327 non
1943 1291 2087 1326 Cosmo-

287 1347 474 1391 graphiam
500 1349 725 1394 conscripsit,
753 1350 864 1386 libros
890 1352 998 1395 plane
1024 1350 1157 1385 nullius
1183 1349 1364 1384 momenti.
1412 1350 1453 1384 In
1479 1350 1570 1385 libro
1600 1350 1664 1391 „de
1689 1351 1903 1386 invenienda
1932 1350 2087 1393 longitu-

286 1404 377 1440 dinis
411 1406 561 1440 duorum
592 1407 751 1442 locorum
786 1409 1008 1445 differentia“
1047 1420 1112 1455 pro
1147 1409 1219 1444 fixo
1255 1413 1390 1453 puncto
1429 1409 1474 1443 ad
1507 1409 1777 1444 observationes
1816 1419 1899 1443 suas
1937 1407 2088 1444 assumit

286 1463 443 1498 Finaeus
477 1465 695 1500 academiam
721 1467 979 1510 Parisiensem,
1012 1468 1115 1512 cujus
1146 1468 1407 1513 longitudinem
1439 1467 1542 1511 ponit
1565 1468 1641 1511 fere
1666 1467 1729 1502 ‘23⁰
1754 1468 1826 1508 30‘‚
1852 1468 1914 1502 lat.
1941 1467 2006 1503 48⁰
2029 1468 2087 1503 40¹

287 1522 439 1566 circiter,
467 1524 628 1566 quamvis
655 1525 764 1569 paulo
792 1530 875 1561 ante
894 1526 1203 1571 pronunciaverat,
1230 1526 1298 1561 loci
1325 1524 1603 1560 fundamentalis
1629 1525 1888 1569 longitudinem
1907 1529 1943 1560 et
1967 1526 2088 1560 latitu-

288 1581 404 1615 dinem
431 1582 481 1616 acl
504 1594 659 1627 umquem
683 1584 909 1628 exploratam
934 1595 1013 1620 esse
1040 1584 1187 1629 debere,
1223 1585 1320 1620 unde
1349 1585 1530 1626 „locorum
1554 1583 1796 1628 longitudines
1821 1585 1910 1619 mira
1934 1588 1970 1619 et
1993 1595 2086 1629 pene

285 1637 484 1674 incredibili
504 1640 676 1676 facilitate
696 1642 1046 1688 deprehendantui·“,
1075 1643 1235 1678 adhibito
1261 1643 1416 1678 transitu
1434 1643 1560 1677 Lunae
1579 1643 1761 1688 (desumto
1789 1653 1833 1677 ex
1858 1642 2086 1688 ephemeride

286 1696 424 1741 aliqua)
455 1709 520 1742 per
550 1699 784 1735 meridianum
818 1706 852 1735 et
877 1701 956 1735 loco
990 1700 1084 1735 illius
1119 1712 1213 1737 vero.
1263 1702 1346 1736 Rite
1379 1700 1522 1744 quidem
1553 1701 1723 1736 describit
1753 1701 1930 1736 rationem
1961 1711 2085 1746 proce-

284 1753 400 1798 dendi,
429 1755 490 1790 sed
509 1767 634 1800 parum
652 1758 805 1802 proficit,
831 1759 885 1801 iis,
911 1769 1002 1803 quae
1020 1759 1064 1794 ad
1084 1758 1389 1794 accuratissimam
1408 1759 1693 1794 observationem
1711 1769 1800 1803 opus
1820 1764 1905 1795 sunt
1925 1760 2085 1804 (tabulis,

284 1811 479 1856 horologio,
506 1815 640 1859 regulis
665 1816 863 1852 Ptolemaei
888 1817 1139 1862 parallacticis,
1165 1817 1272 1861 globo
1299 1816 1447 1852 coelesti
1473 1818 1570 1861 etc.),
1598 1817 1803 1853 destitutus.
1833 1838 1874 1843 —

423 1870 505 1906 Non
541 1876 682 1908 tantum
718 1875 990 1920 astronomiam,
1025 1876 1087 1910 sed
1120 1875 1314 1919 praecipue
1340 1875 1640 1919 astrologiam
1673 1876 1826 1911 coluisse
1859 1881 2084 1912 astronomos

286 1926 379 1961 illius
413 1931 543 1966 aetatis
576 1942 685 1976 supra
717 1933 881 1969 diximus.
930 1935 1028 1969 Inter
1053 1934 1305 1969 celeberrimos
1339 1933 1541 1978 astrologos
1575 1933 1717 1968 illorum
1745 1939 1947 1979 temporum
1972 1936 2084 1971 nomi-

286 1990 417 2020 nantur
449 1988 598 2024 Lucas
633 1991 858 2027 Gauricus
901 1997 936 2027 et
971 1992 1274 2037 Hieronymus
1313 1991 1560 2027 Cardanus.
1615 1992 1731 2027 Natus
1767 1997 1822 2028 est
1859 1993 2083 2029 Gauricus

289 2044 477 2088 Geophoui
513 2058 606 2083 anno
640 2050 749 2093 1476,
786 2051 989 2086 matheseos
1022 2050 1205 2086 docendae
1235 2060 1382 2085 munere
1413 2050 1559 2085 functus
1585 2050 1792 2096 Ferrariae,
1831 2055 1995 2087 mortuus
2029 2056 2086 2087 est

290 2102 481 2147 episcopus
503 2105 728 2143 Civitatensis
755 2118 848 2143 anno
870 2109 969 2145 1558,
1012 2109 1138 2144 Edidit
1163 2120 1255 2144 anno
1276 2109 1363 2143 1553
1389 2108 1531 2143 tabulas
1557 2107 1803 2152 Alphonsinas
1832 2109 2084 2154 „castigatas“,

285 2159 558 2206 Ephemerides,
593 2165 772 2201 laudanda
797 2166 982 2211 diligentia.
1007 2167 1222 2210 elaboratas,
1249 2167 1312 2202 sed
1339 2167 1482 2201 easdem
1507 2167 1660 2202 refertas
1687 2168 1944 2211 superstitione
1969 2173 2083 2203 astro-

284 2217 420 2263 logica,
455 2222 669 2267 conscripsit
697 2224 967 2266 „Calendarium
1003 2225 1286 2260 ecclesiasticum
1318 2229 1469 2260 novum“
1499 2226 1631 2269 (1552),
1666 2225 1701 2259 in
1728 2236 1798 2269 quo
1825 2226 1988 2269 queritur
2012 2230 2083 2261 ter-

285 2276 418 2311 minum
442 2279 626 2322 paschatis
652 2285 777 2317 contra
802 2281 974 2316 ecclesiae
999 2287 1193 2327 praecepta
1217 2282 1309 2317 falso
1336 2284 1588 2328 constitutum;
1616 2284 1786 2328 proponit
1813 2284 1976 2326 „thema“
2004 2294 2083 2319 coe-

286 2333 377 2368 leste
403 2339 563 2381 tempore
589 2339 778 2374 creationis
804 2340 957 2383 indeque
977 2346 1099 2375 censet
1117 2342 1287 2377 constitui
1312 2352 1419 2386 posse
1444 2352 1567 2376 verum
1586 2342 1776 2377 creationis
1802 2347 1961 2388 tempus3
1989 2353 2082 2378 com-

284 2394 419 2435 putatis
436 2395 568 2430 tabulis
587 2397 767 2441 cyclorum
785 2398 909 2432 Lunae
928 2404 964 2433 et
982 2399 1085 2442 Solis,
1113 2404 1330 2444 epactarum,
1357 2399 1530 2434 festorum
1549 2400 1742 2445 mobilium,
1769 2404 1982 2445 temporum,
2011 2411 2081 2444 quo

283 2451 422 2493 pascha
439 2452 484 2486 sit
510 2453 761 2489 celebrandum
779 2456 823 2490 ad
850 2461 1004 2491 mentem
1022 2462 1163 2501 patrum
1183 2462 1248 2493 etc.
1269 2458 1487 2493 satisfecisse
1515 2468 1552 2494 se
1577 2459 1746 2503 opinatur
1771 2457 1947 2493 desiderio
1965 2468 2082 2493 emen-

289 2505 397 2542 dandi
423 2509 630 2546 calendarii.
666 2512 777 2546 Plane
803 2514 1023 2559 astrologum
1049 2515 1123 2559 agit
1148 2517 1183 2550 in
1210 2516 1318 2551 libro:
1348 2517 1484 2561 „Super
1510 2517 1674 2551 omnibus
1700 2515 1831 2551 futuris
1855 2515 2082 2550 luminarium

286 2564 474 2610 deliquiis*
502 2569 780 2614 (1539—1551),
807 2571 858 2606 sic
884 2572 919 2607 in
945 2572 1035 2608 libro
1062 2574 1255 2618 inscripto:
1296 2575 1510 2616 „Tractatus
1536 2573 1786 2619 astrologicus,
1813 2574 1849 2608 in
1875 2585 1945 2618 quo
1964 2575 2084 2619 agitur

287 2624 330 2659 de
355 2628 561 2669 praeteritis
593 2629 786 2665 multorum
818 2631 1002 2665 hominum
1033 2632 1297 2667 accidentibus“
1328 2637 1413 2677 etc„
1451 2633 1605 2678 probare
1638 2637 1805 2677 conatur,
1840 2632 1959 2667 omnia
1989 2642 2082 2675 quae

286 2682 488 2720 hominibus
515 2687 709 2722 acciderint
734 2689 809 2723 fata
835 2688 1049 2732 astrologice
1074 2690 1351 2735 praenunciata,
1378 2691 1429 2726 sic
1454 2691 1596 2726 evenire
1623 2690 1807 2735 debuisse,
1832 2689 1989 2735 planetis
2012 2690 2082 2725 hoc

287 2742 342 2775 vel
368 2743 437 2778 alio
463 2745 569 2779 modo
596 2750 758 2790 tempore
783 2746 858 2781 nati
883 2746 1036 2781 hominis
1062 2748 1275 2791 conjunctis.

426 2802 470 2835 H.
499 2803 695 2838 Cardani
721 2803 796 2847 (cfr.
824 2805 851 2838 I.
879 2805 972 2849 6:36.)
1005 2817 1114 2850 quum
1146 2807 1282 2842 centies
1316 2812 1506 2843 occurrant
1536 2808 1573 2842 in
1605 2806 1844 2842 voluminibus
1869 2806 2078 2850 praemissis

286 2857 419 2900 placita
435 2860 541 2903 varia,
570 2861 684 2895 visum
705 2866 759 2897 est
785 2872 829 2897 ex
849 2862 925 2906 ejus
945 2864 1087 2908 scriptis
1114 2874 1156 2898 ea
1182 2875 1394 2910 excerpere,
1420 2866 1551 2910 quibus
1580 2865 1732 2900 Cardani
1755 2863 1937 2907 ingenium
1964 2874 2080 2908 eoque

288 2915 493 2958 aequalium
520 2919 638 2952 studia
664 2920 839 2954 declarari
865 2926 1035 2966 possunt,
1062 2933 1142 2957 cum
1167 2926 1362 2959 auctoritas
1388 2923 1516 2958 medici
1543 2927 1579 2958 et
1602 2922 1774 2966 astrologi
1797 2921 2078 2958 Mediolanensis

289 2972 383 3006 circa
408 2974 563 3008 medium
590 2977 701 3011 seculi
719 2979 815 3013 XVI.
842 2980 938 3014 haud
956 2991 1068 3025 parva
1093 2981 1201 3016 fuerit
1226 2993 1306 3016 cum
1331 2982 1368 3015 in
1392 2981 1509 3025 Italia,
1535 2985 1610 3015 tum
1635 2981 1671 3015 in
1691 2981 1881 3015 Germania
1897 2984 1933 3016 et
1950 2981 2077 3017 Gallia.

290 3029 510 3065 Sententiam
537 3043 635 3067 suam
662 3035 704 3068 de
730 3037 924 3081 astrologia
948 3039 1116 3082 proponit
1136 3039 1321 3074 Cardanus
1347 3040 1382 3073 in
1407 3039 1507 3083 libro,
1535 3038 1595 3083 qui
1613 3038 1729 3073 editus
1748 3043 1802 3073 est
1819 3038 2077 3083 Norimbergae

287 3096 380 3121 anno
400 3088 498 3130 1547,
516 3089 725 3134 inscriptus:
756 3094 819 3133 „H.
849 3094 1000 3129 Cardani
1017 3095 1149 3131 Medici
1167 3096 1446 3132 Mediolanensis
1465 3096 1576 3130 libelli
1593 3096 1772 3140 quinque:
1805 3097 1839 3141 1)
1858 3097 1913 3132 De
1930 3096 2077 3142 supple-

288 3149 407 3180 mento
432 3145 648 3193 Almanach,
681 3149 719 3193 2)
746 3151 799 3184 De
826 3151 1066 3188 Restitutione
1092 3158 1310 3199 temporum,
1346 3154 1384 3198 3)
1409 3154 1463 3188 De
1488 3154 1638 3190 Judiciis
1663 3155 1925 3201 geniturarum,
1960 3157 1996 3201 4)
2020 3156 2076 3191 De
