2126 3388
265 153 348 200 748
939 156 1023 193 Vita
1046 156 1070 192 J
1073 157 1198 193 oannis
1221 156 1381 203 Kepleri.

265 287 460 314 cessurum
490 274 743 326 haeredibus,
777 288 879 315 eram
910 277 948 313 in
980 288 1048 326 spe
1079 277 1221 325 salarii,
1253 278 1327 327 ipsi
1348 277 1520 316 vicissim
1552 288 1599 315 ex
1630 275 1721 314 aula
1750 275 1845 314 nihil
1876 277 2046 327 accipie-

264 335 367 372 bant.
429 334 503 371 Sed
536 333 631 370 illud
664 336 845 383 peccavit
875 335 1127 383 Franciscus,
1167 335 1271 384 quod
1311 340 1400 384 post
1441 347 1590 373 omnem
1629 335 1931 373 satisfactionem
1968 346 2046 373 non

264 394 478 441 acquievit,
518 391 587 429 sed
618 404 698 440 me,
740 393 948 430 terroribus
994 392 1110 430 illatis
1142 394 1192 431 ad
1221 393 1390 432 levicula
1430 393 1562 442 aliqua
1594 404 1694 441 quae
1725 393 1820 430 mihi
1849 393 2047 431 restabant

263 448 506 500 praestanda,
537 460 735 498 nunquam
765 452 870 500 prius
901 452 1087 488 monitum
1119 462 1165 489 ex
1196 452 1361 501 abrupto
1393 450 1547 501 adigere
1581 450 1791 500 contendit,
1822 450 1979 500 perinde
2001 462 2047 490 ac

263 510 293 545 si
328 508 402 544 vile
433 508 668 556 mancipium
697 508 869 546 fuissem.

400 574 500 609 Haec
524 578 666 609 tantum
692 575 847 609 attinent
872 574 981 609 vitam
1005 574 1152 620 Keplcri
1177 576 1369 620 privatam,
1400 575 1540 619 reliqua
1566 577 1731 619 spectant
1756 574 1987 619 astrologiam
2012 578 2048 610 et

262 630 564 676 meteorologiam,
591 642 634 666 ex
658 636 760 676 parte
787 633 895 668 etiam
920 633 1074 678 opticam
1100 633 1138 677 (Ι.
1166 637 1232 668 306
1259 646 1300 667 ss.
1325 637 1365 669 II.
1392 635 1467 678 95),
1500 633 1641 668 stellam
1666 632 1702 666 in
1729 633 1848 677 Cygno
1876 635 1928 675 1¹11.
1956 633 2047 677 752),

262 687 522 732 navigationem
554 689 813 725 Hollandorum
844 690 881 726 in
911 692 1076 736 regiones
1113 692 1413 736 septentrionales
1445 691 1770 735 refractionemque
1801 690 1851 725 ibi
1883 691 2048 726 observa-

262 750 335 780 tam
359 746 539 782 insolitam
566 748 719 794 (11.413)
746 751 782 783 et
806 748 981 785 theoriam
998 751 1124 786 Martis
1144 753 1211 795 (III.
1236 754 1279 785 64
1304 752 1372 795 ss).
1421 750 1479 784 Ex
1504 749 1567 791 iis,
1594 758 1684 793 quae
1710 748 1942 793 astrologiam
1968 748 2047 783 atti-

262 808 358 848 nent,
385 804 474 839 haec
500 804 689 851 elegimus,
725 810 766 841 ut
791 811 1045 852 cognoscatur,
1073 820 1143 853 quo
1171 809 1286 843 animo
1312 807 1490 852 Keplerus
1522 807 1587 841 has
1614 817 1744 850 nugas,
1782 817 1871 851 quas
1904 806 2047 851 publice

261 862 378 897 colere
403 867 549 898 coactus
576 868 664 906 erat,
691 864 837 909 privatis
863 865 975 900 literis
1002 867 1191 911 acceperit.
1241 866 1418 910 Fabricio,
1448 868 1642 911 „geneses“
1670 864 1817 910 petenti,
1842 865 2047 909 respondit:

263 922 359 960 Cum
391 925 609 962 certitudini
641 927 733 963 artis
766 927 802 962 in
835 927 1095 975 singularibus
1125 940 1259 976 parum
1291 929 1474 975 tribuam,
1514 926 1770 975 negligentior
1812 938 1895 963 esse
1927 926 2046 973 50100,

261 993 331 1019 1100
364 986 400 1020 10
432 982 493 1020 1110
524 983 686 1021 multum
713 984 852 1032 juvare
883 996 1054 1034 possum.
1117 986 1227 1034 Vide,
1260 997 1308 1024 nc
1340 997 1400 1023 ars
1432 990 1470 1023 tc
1501 985 1732 1032 ludificetur,
1766 984 1915 1032 majora
1947 985 2047 1021 enim

262 1039 440 1078 humanis
475 1042 619 1079 viribus
652 1043 726 1079 ista
756 1042 847 1079 mihi
883 1042 1077 1090 videntur,
1124 1044 1389 1082 certitudinem
1422 1043 1507 1081 inde
1538 1049 1687 1092 petere,
1727 1042 1795 1079 ubi
1825 1041 1932 1079 nulla
1964 1053 2047 1080 essc

262 1103 418 1146 potest.
443 1126 452 1135 .
476 1127 484 1135 .
510 1129 517 1136 .
580 1099 727 1137 Thema
757 1100 1010 1138 revolutionis
1042 1102 1173 1139 mundi
1214 1102 1429 1151 sisypliium
1469 1107 1562 1150 puto
1600 1100 1769 1149 lapidem
1810 1111 1878 1148 pro
1897 1111 2047 1144 *excru-

263 1156 410 1193 ciandis
442 1157 722 1206 astrologorum
753 1159 937 1207 ingeniis,
983 1171 1058 1208 quo
1101 1159 1195 1197 nihil
1238 1160 1433 1209 proficitur
1437 1187 1572 1199 .....
1631 1158 1737 1196 Ν11111
1771 1169 1842 1207 ego
1883 1161 1977 1206 puto
2010 1159 2047 1194 111

262 1214 407 1261 Terris,
450 1214 509 1252 cui
540 1217 700 1254 seorsim
733 1216 872 1266 aliquis
902 1217 1060 1266 planeta
1091 1218 1303 1255 collocatus
1342 1219 1391 1255 sit
1432 1218 1472 1253 in
1505 1216 1612 1255 coelo
1617 1245 1758 1257 .....
1819 1216 1879 1253 Ι)0
1909 1220 2046 1264 „parte

260 1272 460 1310 1011111111οίί
496 1278 538 1310 111
570 1279 607 1311 et
638 1273 684 1312 de
717 1274 894 1313 domibus
922 1275 1067 1324 judico,
1101 1276 1302 1314 confictam
1333 1275 1382 1314 ad
1414 1275 1615 1314 formanda
1648 1285 1833 1324 responsa
1864 1273 1913 1312 ad
1935 1285 2046 1312 omne

262 1342 383 1379 genus
416 1332 683 1379 quaestionum
716 1339 787 1371 etc.

400 1398 457 1432 Ex
475 1398 634 1441 epistolis
652 1399 839 1443 Kepleri
863 1403 898 1434 et
923 1399 1143 1434 Herwarti
1168 1400 1300 1434 mutuis
1324 1400 1414 1434 haec
1438 1398 1616 1443 prioribus
1635 1397 1875 1442 adjungimus.
1917 1396 2046 1432 Simul-

259 1461 351 1492 tates
376 1457 468 1491 inter
492 1457 689 1501 Keplerum
715 1462 750 1493 ct
767 1457 941 1492 haeredes
969 1458 1147 1502 Tychonis
1173 1458 1378 1492 Herwartus
1403 1467 1509 1501 aegre
1526 1455 1646 1491 ferens
1672 1455 1832 1500 scripsit:
1858 1455 1920 1490 Ich
1938 1455 2046 1499 finde,

260 1514 342 1549 dass
369 1525 406 1549 es
431 1514 609 1550 zwischen
634 1515 702 1550 den
727 1515 848 1550 Erben
873 1515 942 1550 vnd
970 1516 1048 1550 dem
1076 1516 1191 1551 Herrn
1217 1515 1324 1550 allein
1349 1526 1405 1549 vm
1431 1515 1649 1550 Misstrauen
1673 1515 1744 1549 vnd
1769 1513 2046 1549 aemulationem

260 1584 305 1606 zu
330 1573 432 1617 thun,
459 1583 530 1606 was
559 1573 621 1607 der
645 1573 880 1618 Hauptsache
905 1572 974 1606 vnd
999 1572 1129 1608 beiden
1155 1584 1200 1607 zu
1218 1572 1411 1607 Nachtheil
1436 1572 1607 1618 gereicht.
1655 1572 1835 1617 Keplerus
1860 1571 2047 1615 respondit

260 1630 356 1673 (Oct.
384 1630 441 1674 7);
480 1628 619 1667 Νο5010
652 1640 699 1666 an
732 1630 911 1677 cuiquam
944 1629 981 1664 in
1013 1628 1103 1666 aula
1135 1629 1343 1666 innotuerit
1384 1640 1454 1666 nos
1495 1627 1700 1675 dissidere,
1744 1631 1894 1676 praeter
1927 1638 2043 1664 unum

259 1685 308 1722 D.
340 1685 561 1724 Pistorium.
626 1685 737 1734 Quod
781 1689 852 1724 etsi
883 1687 1026 1724 sactum
1057 1686 1191 1734 suerit,
1233 1699 1309 1725 non
1341 1692 1469 1724 tamen
1509 1691 1603 1735 puto
1637 1686 1755 1723 otium
1795 1697 1879 1722 esse
1911 1686 2045 1723 ceteris

260 1743 306 1780 de
337 1743 441 1782 hisce
473 1744 649 1782 leviculis
682 1746 863 1793 cogitare.
923 1744 1186 1793 Tengnaglius
1218 1757 1259 1783 se
1296 1746 1435 1793 ingerit
1466 1745 1505 1782 in
1543 1745 1839 1782 maturationem
1871 1742 2046 1781 Tabula-

260 1813 341 1838 rum
373 1801 726 1852 Rodolphaearum.
787 1803 848 1841 Ita
879 1803 1038 1840 forsitan
1076 1803 1220 1841 habent
1259 1815 1318 1841 res
1357 1804 1477 1852 ipsius
1518 1802 1591 1840 1100
1625 1801 1891 1851 Westphaliae
1931 1806 2046 1848 statu,

259 1864 300 1896 ut
332 1871 429 1908 opus
462 1862 534 1910 ipsi
565 1862 615 1898 sit
646 1860 705 1898 his
737 1861 953 1909 praesidiis.
1015 1861 1277 1898 Excusaturus
1317 1873 1428 1899 suum
1466 1864 1705 1910 propositum
1744 1871 1812 1898 seu
1849 1859 2047 1897 velaturus

260 1918 342 1966 ejus
366 1930 522 1956 causam
544 1915 763 1973 (inopiam),
796 1919 905 1968 fingit
937 1918 986 1957 ad
1017 1919 1176 1966 aulicos,
1209 1920 1283 1957 sibi
1314 1931 1426 1957 curae
1459 1931 1543 1957 csse
1573 1919 1758 1956 honorem
1789 1919 1958 1967 parentis
1980 1928 2047 1955 seu

259 1977 396 2024 soceri,
429 1982 600 2017 metuere
632 1981 674 2015 ut
704 1978 901 2026 praeclare
934 1982 1047 2026 capta
1078 1978 1208 2015 studia
1230 1982 1362 2015 contra
1384 1979 1504 2026 ipsius
1525 1978 1766 2026 propositum
1788 1975 2046 2025 perficiantur,

259 2035 367 2082 scire,
401 2035 493 2084 quid
525 2037 556 2072 is
589 2036 669 2073 fieri
706 2035 880 2073 voluerit.
941 2035 1051 2074 Haec
1081 2037 1248 2085 speciem
1280 2035 1445 2083 habent,
1480 2037 1571 2084 quia
1603 2046 1674 2083 ego
1707 2039 1743 2072 et
1775 2034 1866 2071 olim
1900 2040 1936 2072 et
1964 2034 2046 2082 jam

260 2094 352 2129 vivo
386 2098 423 2130 et
454 2095 606 2131 conscio
640 2093 838 2143 Tychone,
873 2093 1075 2142 Copernici
1107 2105 1247 2142 sequor
1276 2093 1526 2143 hypotheses.
1585 2092 1722 2140 Itaque
1754 2097 1821 2129 aut
1854 2091 2047 2129 diversum

263 2150 311 2187 ab
345 2161 389 2188 co
422 2151 525 2199 quod
555 2153 678 2189 sentio
711 2154 748 2187 111
780 2150 1027 2200 philosophia
1067 2150 1365 2199 defendendum,
1408 2156 1476 2188 aut
1507 2163 1530 2188 a
1561 2149 1803 2198 Tengnaglio
1845 2149 2047 2188 disceden-

263 2206 352 2244 dum
385 2210 467 2246 crit.
522 2208 649 2259 Atque
682 2208 777 2245 illud
809 2221 1006 2257 nunquam
1038 2209 1110 2247 scci
1143 2221 1213 2247 nec
1242 2220 1355 2258 porro
1389 2209 1602 2255 admittam,
1633 2208 1707 2245 hoc
1739 2209 1793 2245 ita
1822 2208 1972 2254 faciam,
2006 2213 2045 2245 ut

262 2265 458 2314 dissidere,
491 2279 567 2305 non
601 2268 728 2305 odisse
751 2267 866 2304 dicar.
889 2290 944 2294 —
969 2269 1050 2304 Jam
1067 2268 1177 2304 refert
1195 2270 1375 2314 Keplerus
1394 2280 1485 2313 quae
1502 2269 1675 2303 mutanda
1693 2272 1838 2303 censeat
1853 2268 1888 2302 in
1907 2268 2045 2313 Tycho-

262 2326 316 2360 nis
342 2326 605 2370 hypothesibus
631 2330 703 2371 (ΙΙΙ.
732 2330 787 2368 28,
814 2331 879 2360 693
906 2339 947 2361 ss.
975 2330 1017 2360 ΙΙ.
1037 2326 1092 2369 77)
1116 2331 1151 2360 et
1175 2326 1265 2361 haec
1292 2326 1491 2371 subjungit:
1531 2324 1736 2362 Praeterea
1765 2335 1842 2361 non
1874 2323 2045 2362 desinam

262 2382 431 2431 undique
465 2385 710 2432 conquirere,
755 2395 854 2431 quac
885 2382 934 2419 ad
966 2384 1163 2430 negotium
1206 2383 1405 2431 eclipsium
1447 2382 1612 2431 amplius
1644 2381 1884 2420 tractandum
1916 2383 2042 2431 requi-

259 2446 411 2489 runtur,
444 2446 481 2479 et
511 2442 600 2480 huic
631 2443 785 2489 negotio
817 2442 855 2476 111
887 2444 995 2489 parte
1027 2441 1169 2478 serviet
1189 2440 1433 2489 peculiariter
1463 2442 1743 2478 Astronomz'ae
1769 2451 1869 2488 pars
1901 2440 2044 2489 optica,

261 2512 375 2548 quam
409 2499 597 2538 adornare
631 2501 758 2547 cogito
792 2510 914 2546 usque
947 2498 995 2535 ad
1026 2499 1139 2536 ferias
1171 2498 1381 2538 natalitias.

397 2560 464 2594 Die
490 2560 545 2595 12.
571 2560 663 2595 Nov.
690 2558 780 2593 haec
805 2558 952 2593 nunciat
976 2559 1156 2603 Keplerus
1190 2560 1394 2594 Herwarto:
1418 2555 1514 2593 Cum
1536 2555 1905 2603 animadvertissem,
1922 2567 2046 2593 meam

262 2616 498 2664 diligentiam
520 2617 558 2652 in
583 2615 742 2653 dubium
764 2614 907 2661 vocari,
941 2615 978 2649 in
1000 2626 1058 2652 mc
1081 2616 1208 2663 recepi
1240 2614 1314 2651 (luo
1338 2626 1465 2662 opera,
1499 2613 1661 2651 alterum
1684 2626 1806 2663 usque
1828 2614 1876 2651 ad
1897 2614 2048 2652 Pascha

261 2676 429 2711 futurum
461 2679 550 2712 sunt
585 2673 886 2712 Commentaria
916 2674 960 2709 in
991 2672 1184 2710 theoriam
1216 2672 1379 2720 Martis,
1424 2671 1584 2709 alterum
1625 2673 1725 2709 intra
1757 2676 1778 2710 8
1812 2673 2047 2721 septimanas

262 2732 542 2770 absolvendum
576 2736 633 2770 est
664 2733 944 2769 Astronomiae
972 2742 1070 2779 pars
1100 2732 1244 2779 optim.
1308 2729 1403 2767 Cum
1435 2741 1524 2777 crgo
1556 2729 1617 2766 liis
1639 2730 1853 2768 carceribus
1884 2741 1943 2767 mc
1975 2729 2047 2767 ad-

263 2791 605 2840 strinxeriinipse,
639 2789 823 2836 intelligis
855 2800 960 2834 sane,
993 2787 1181 2837 quidquid
1214 2793 1321 2826 extra
1351 2788 1421 2826 has
1442 2792 1564 2825 metas
1586 2788 1656 2826 crit
1675 2788 1843 2836 positum
1872 2787 2048 2835 jamnon

262 2848 427 2896 amplius
457 2861 480 2886 a
510 2861 571 2887 me
601 2850 640 2885 111
671 2847 724 2888 Μ.
757 2846 801 2884 Τ.
833 2847 996 2894 gratiam
1027 2847 1172 2895 suscipi
1203 2858 1340 2895 posse,
1382 2845 1504 2884 donec
1536 2857 1652 2894 opera
1686 2845 1752 2883 illa
1782 2845 2045 2883 absolvantur.

262 2906 321 2943 De
353 2905 490 2955 Optice
522 2911 685 2955 constat,
718 2911 755 2943 te
787 2903 936 2942 theoria
955 2903 1092 2942 Martis
1118 2905 1241 2953 jubeo
1274 2910 1310 2942 tc
1342 2904 1439 2942 bene
1472 2915 1639 2953 sperare.
1662 2925 1716 2931 —
1744 2904 1910 2939 Fabricio
1935 2905 2047 2941 refert

263 2976 382 3000 mense
408 2967 608 3011 Decembri,
638 2966 855 3009 ,‚adornare“
885 2976 923 2999 se
950 2965 1127 3010 Opticam.
1154 2986 1197 2990 —

399 3023 501 3065 Quod
527 3028 565 3058 ut
589 3024 803 3067 promissum
821 3024 984 3068 (Caesari
1010 3027 1070 3058 aut
1095 3024 1307 3060 consiliariis
1336 3023 1531 3067 caesareis)
1558 3024 1679 3056 narrat
1696 3020 1992 3065 Longomontano
2012 3023 2047 3055 et

264 3077 459 3124 IIerwartO,
486 3081 737 3117 absoluturum
763 3092 804 3118 se
829 3082 929 3119 brevi
954 3086 1116 3127 tempore
1141 3092 1230 3128 opus
1256 3081 1299 3117 de
1324 3082 1443 3117 Marte
1469 3085 1504 3116 et
1532 3080 1714 3125 Opticam,
1741 3078 1825 3114 huic
1849 3089 1920 3114 non
1946 3078 2046 3113 stetit
