2126 3388
233 144 316 188 696
906 135 990 170 Vita
1013 133 1164 169 ι1011111113
1190 132 1350 178 Kepleri.

233 259 336 303 cujus
368 262 487 292 tamen
521 255 664 298 culpam
696 262 796 287 meae
827 250 1065 295 negligentiae
1096 249 1277 293 imputavi.
1335 249 1468 283 Verum
1506 247 1597 282 dabo
1634 248 1786 293 posthac
1825 248 2021 284 fideliorem

235 327 390 362 operam.
438 314 565 348 Mense
591 309 794 354 Septembri
829 308 1042 344 observandi
1074 308 1214 342 occasio
1249 318 1327 341 cum
1360 307 1506 350 fuisset,
1541 306 1677 341 coelum
1712 306 1800 341 adeo
1835 306 2022 341 adversum

237 375 341 411 nobis
367 381 508 416 semper
532 369 612 409 fuit,
638 373 677 403 ut
702 368 779 411 ejus
806 366 1034 401 inclementia
1058 365 1266 405 vindemiae,
1293 375 1384 408 quae
1410 364 1657 408 copiosissima
1673 364 1810 406 fuisset,
1834 364 2039 408 plurimumv

237 431 411 469 nocuerit.
460 428 559 463 Uvae
586 426 679 461 enim
704 436 776 460 non
801 425 855 459 vel
883 424 942 459 vix
966 427 1228 465 maturuerunt,
1253 423 1372 457 vinnm
1400 422 1487 457 satis
1513 426 1694 458 austerum
1721 426 1787 457 est.
1805 443 1847 446 —

373 489 522 522 Praeter
546 484 613 519 has
638 483 830 518 Maestlino
864 482 966 516 datas
1002 481 1045 515 ab
1072 491 1186 524 eoque
1212 484 1377 524 acceptas
1412 480 1584 523 epistolas
1615 479 1748 515 multae
1773 480 1818 515 ad
1845 480 1931 514 alios
1957 480 2026 514 1100

238 558 330 584 anno
356 546 462 580 datae
487 548 524 577 et
549 547 719 585 acceptae
744 544 955 584 supersunt,
992 549 1084 582 quae
1110 549 1154 572 ex
1179 543 1281 582 parte
1307 538 1349 572 ad
1377 538 1611 572 Prodromum
1638 543 1818 583 spectant,
1851 549 1955 583 quem
1981 538 2026 572 ad

238 605 398 640 homines
422 602 459 636 in
483 601 596 635 literis
622 599 780 634 celebres
806 598 901 632 misit
925 597 1121 641 Keplerus,
1155 607 1277 631 eorum
1299 597 1472 640 judicium
1505 596 1548 630 de
1572 596 1663 631 libro
1689 601 1862 640 expetens
1889 601 1924 630 et
1948 608 2027 631 cum

237 664 279 698 iis
305 662 349 696 de
375 657 634 701 astronomicis,
660 656 842 691 historicis
869 654 1019 698 aliisque
1044 654 1152 689 rebus
1178 654 1222 688 ad
1249 654 1368 689 studia
1392 654 1521 688 altiora
1545 654 1806 698 pertinentibus
1831 666 1953 699 agens,

376 717 612 752 Galilaeus
643 723 766 748 mense
791 714 955 756 Augusto
989 723 1054 756 pro
1086 711 1217 745 donato
1254 712 1320 746 sibi
1351 711 1547 746 Prodromo
1582 712 1715 756 gratias
1749 712 1831 755 agit.
1881 713 2029 756 Legisse

239 789 277 814 se
303 777 353 812 ait
377 776 465 810 nihil
489 778 633 819 praeter
658 772 929 817 praefationem,
955 781 999 804 ex
1024 781 1094 814 qua
1122 774 1241 804 tamen
1270 769 1486 814 perceperit,
1515 780 1552 803 se
1577 770 1631 811 „in
1657 769 1859 814 indaganda
1884 771 2032 805 veritate

240 835 374 871 socium
404 833 539 867 habere
571 835 607 865 et
631 830 743 874 ipsius
777 829 939 863 veritatis
971 828 1155 863 amicum.“
1206 829 1401 862 Lecturnm
1433 838 1472 861 se
1504 838 1582 863 esse
1614 827 1739 862 librum
1775 838 1816 863 eo
1849 828 2030 871 libentius,

239 893 335 938 quod
360 893 437 936 ipse
462 891 497 924 in
523 889 708 934 Copernici
735 888 948 922 sententiam
974 885 1094 921 multis
1121 886 1251 920 abhinc
1283 886 1385 920 annis
1409 886 1556 929 venerit,
1584 890 1619 921 et
1645 886 1695 920 sic
1719 886 1853 930 pergit:
1888 888 1944 922 Ex
1969 887 2033 922 tali

239 950 417 997 positione
441 948 635 982 multorum
666 946 772 980 etiam
806 944 1024 979 naturalium
1057 944 1247 979 effectuum
1283 954 1413 978 causae
1447 948 1530 978 sunt
1555 955 1576 978 a
1601 955 1656 978 me
1682 944 1912 986 adinventae,
1941 956 2032 989 quae

240 1009 347 1045 dubio
377 1005 503 1051 procul
537 1014 601 1049 per
642 1013 862 1038 communem
901 1002 1116 1046 hypothesin
1149 1001 1418 1045 inexplicabiles
1452 1006 1547 1037 sunt.
1602 1001 1734 1037 Multas
1769 1003 1965 1047 conscripsi
1997 1009 2033 1038 et

239 1065 397 1101 rationes
425 1068 460 1098 et
485 1067 778 1107 argumentorum
795 1061 831 1095 in
850 1060 1067 1095 contrarium
1085 1060 1299 1102 eversiones,
1328 1070 1438 1103 quas
1464 1064 1612 1093 tamen
1638 1059 1680 1093 in
1705 1059 1851 1094 lucem
1877 1060 2031 1095 hucus-

241 1134 324 1169 que
349 1121 569 1167 proferre
600 1131 684 1154 non
719 1131 807 1154 sum
843 1129 919 1152 aus
932 1130 997 1159 us,
1023 1118 1167 1152 fortuna
1191 1117 1303 1162 ipsius
1329 1117 1516 1161 Copernici
1540 1117 1784 1161 praeceptoris
1809 1117 1922 1152 nostri
1947 1129 2029 1162 per-

240 1181 397 1222 territus,
423 1179 484 1223 qui
507 1179 591 1214 licet
616 1177 684 1213 sibi
709 1177 805 1221 apud
830 1176 968 1220 aliquos
994 1175 1227 1210 immortalem
1245 1176 1374 1209 famam
1392 1175 1580 1219 paraverit,
1607 1174 1702 1219 apud
1727 1175 1885 1210 infinitos
1913 1180 2030 1210 tamen

241 1241 380 1285 [tantus
398 1238 492 1272 enim
519 1241 573 1271 est
598 1235 791 1271 stultorum
808 1235 993 1277 numerus)
1019 1233 1189 1268 ridendus
1217 1238 1251 1268 et
1277 1233 1523 1277 explodendus
1554 1232 1698 1276 prodiit.
1747 1232 1924 1267 Auderem
1950 1244 2034 1277 pro-

241 1297 336 1331 fecto
361 1305 457 1329 meas
491 1293 724 1337 cogitationes
750 1302 923 1336 promere,
950 1291 980 1326 si
1004 1291 1125 1335 plures
1152 1291 1267 1335 qualis
1299 1295 1338 1325 tu
1364 1301 1401 1324 es
1436 1294 1638 1335 exstarent,
1672 1295 1710 1325 at
1739 1301 1820 1324 cum
1845 1301 1917 1325 non
1950 1290 2031 1336 sint,

242 1353 447 1399 hujusmodi
472 1351 616 1397 negotio
642 1350 896 1395 supersedebo.

382 1409 566 1455 Kepleri
590 1409 779 1453 responsio
806 1409 895 1442 haec
921 1413 988 1443 est:

381 1473 531 1511 Literas
562 1475 670 1517 tuas,
702 1472 762 1507 vir
793 1470 1086 1515 humanissime,
1131 1474 1166 1507 4.
1200 1470 1301 1518 Aug.
1336 1470 1498 1518 scriptas
1534 1473 1567 1505 1.
1600 1468 1705 1518 Sept.
1739 1470 1891 1518 accepi3
1935 1480 2034 1517 quae

243 1531 399 1583 quidem
440 1531 593 1579 gemino
625 1540 684 1566 me
725 1528 886 1566 affecere
927 1527 1089 1575 gaudio,
1134 1528 1296 1576 primum
1337 1532 1491 1576 propter
1523 1528 1732 1564 amicitiam
1773 1533 1899 1565 tecum
1933 1525 2032 1564 ltalo

243 1592 390 1637 initam,
423 1594 512 1638 post
541 1593 697 1636 propter
729 1597 957 1624 consensum
990 1591 1162 1622 nostrum
1195 1587 1232 1621 in
1266 1584 1572 1634 Cosmographia
1604 1584 1879 1633 Copernicana.
1938 1584 2034 1622 Cum

245 1651 359 1698 igitur
391 1649 429 1683 in
461 1645 566 1684 calce
599 1644 785 1694 epistolae
817 1644 1034 1680 humaniter
1065 1655 1125 1681 me
1159 1643 1206 1680 ad
1239 1644 1390 1681 crebras
1422 1642 1606 1692 epistolas
1639 1644 1866 1689 invitasses,
1910 1654 2034 1692 neque

243 1707 336 1745 mihi
367 1710 503 1754 sponte
535 1715 621 1741 mea
651 1702 795 1740 stimuli
827 1701 876 1739 ad
908 1701 981 1739 boc
1012 1700 1200 1748 deessent,
1233 1702 1359 1739 facere
1381 1706 1550 1739 attamen
1582 1712 1657 1738 non
1690 1703 1810 1750 potui,
1844 1703 1936 1750 quin
1967 1712 2035 1750 per

242 1765 344 1803 hunc
374 1767 616 1812 praesentem
648 1761 818 1798 nobilem
846 1760 1029 1808 juvenem
1070 1759 1118 1797 ad
1150 1765 1186 1797 tc
1218 1760 1435 1797 scriberem.
1496 1759 1684 1797 Existimo
1716 1771 1883 1809 namque
1915 1766 1951 1797 te
1984 1759 2033 1797 ab

245 1835 289 1861 eo
323 1829 506 1870 tempore,
539 1822 571 1857 si
604 1821 723 1857 otium
746 1820 815 1856 tibi
838 1819 919 1864 fuit,
944 1818 1118 1855 libellum
1141 1829 1267 1855 meum
1290 1819 1456 1866 penitius
1480 1819 1722 1866 cognovisse.
1774 1818 1870 1854 Inde
1892 1817 2032 1866 cupido

244 1893 305 1919 me
337 1880 543 1917 vehemens
573 1878 731 1915 incessit
761 1888 944 1914 censurae
976 1882 1064 1913 tuae
1087 1876 1372 1924 percipiendae:
1407 1877 1461 1912 sic
1492 1877 1591 1912 enim
1613 1875 1733 1923 soleo,
1757 1876 1806 1914 ad
1838 1887 2034 1924 quoscun-

245 1950 319 1988 que
351 1938 489 1984 scribo‚
517 1936 666 1985 judicia
698 1934 743 1972 de
775 1936 869 1972 meis
902 1936 1123 1983 incorrupta
1144 1934 1366 1983 efflagitare.
1410 1934 1457 1970 Et
1478 1934 1570 1970 mihi
1604 1933 1736 1971 credas
1771 1934 1898 1980 velim,
1932 1934 2033 1971 malo

244 1998 357 2035 unius
388 1994 533 2033 cordati
566 2005 777 2038 censuram,
811 1994 988 2041 quamvis
1019 2004 1157 2039 acrem,
1190 2004 1306 2041 quam
1339 1993 1457 2029 totius
1490 1992 1595 2040 vulgi
1626 1992 1929 2030 inconsideratos
1962 2004 2034 2041 ap-

244 2055 417 2104 plausus.
478 2051 634 2091 Utinam
669 2062 758 2089 vero
791 2052 873 2097 tibi,
907 2050 974 2087 tali
1006 2050 1263 2098 intelligentia
1293 2049 1481 2098 praedito,
1515 2049 1622 2086 aliud
1643 2052 1883 2098 propositum
1910 2051 2031 2088 esset!

244 2113 341 2150 Nam
374 2111 444 2148 etsi
486 2111 679 2159 sapienter
719 2114 761 2147 tu
793 2114 830 2146 et
868 2108 1016 2146 occulte
1060 2109 1259 2157 proposito
1302 2107 1511 2155 exemplari
1543 2113 1631 2145 tuae
1663 2119 1853 2157 personae
1885 2120 2029 2155 mones,

246 2169 458 2209 cedendum
490 2168 700 2206 universali
733 2167 984 2215 ignorantiae,
1018 2178 1088 2203 nec
1118 2178 1201 2204 sese
1233 2171 1374 2203 temere
1406 2165 1655 2214 ingerendum
1676 2166 1739 2202 vel
1760 2166 2031 2215 opponendum

245 2228 353 2277 vulgi
385 2227 583 2264 doctorum
615 2226 806 2263 furoribus
839 2228 935 2273 (qua
966 2226 1002 2260 in
1035 2236 1074 2261 re
1108 2224 1310 2261 Platonem
1342 2229 1379 2260 et
1400 2223 1674 2273 Pythagoram,
1708 2230 1858 2262 nostros
1888 2226 2028 2273 genui-

246 2298 316 2324 nos
348 2286 562 2333 magistros,
595 2283 797 2332 sequeris),
833 2287 959 2319 tamen
994 2294 1078 2319 cum
1111 2282 1184 2319 hoc
1214 2281 1344 2319 seculo
1376 2283 1538 2330 primum
1571 2294 1594 2318 a
1626 2281 1860 2331 Copernico,
1894 2282 2032 2321 deinde

245 2357 268 2383 a
300 2342 559 2391 compluribus
591 2346 628 2379 et
660 2341 891 2378 doctissimis
924 2351 1077 2389 quoque
1110 2339 1467 2377 mathematicorum
1499 2341 1675 2377 immanis
1715 2342 1840 2389 operis
1881 2342 2031 2378 initium

245 2403 296 2440 sit
325 2402 480 2447 factum,
512 2411 637 2448 neque
669 2399 741 2436 boc
768 2398 850 2446 jam
880 2409 993 2447 porro
1024 2409 1168 2434 novum
1199 2399 1260 2444 sit,
1294 2397 1450 2435 Terram
1481 2399 1649 2435 moveri:
1688 2400 1923 2447 praestiterit
1953 2400 2031 2436 for-

244 2465 368 2506 tasse,
401 2458 667 2496 communibus
689 2457 880 2504 suffragiis
902 2455 1019 2493 semel
1040 2455 1244 2504 impulsum
1267 2455 1369 2492 hunc
1388 2467 1537 2493 currum
1560 2457 1800 2495 continenter
1820 2457 1868 2494 ad
1890 2461 2031 2494 metam

245 2529 395 2567 rapere,
436 2521 495 2562 ut,
535 2516 627 2565 quia
664 2516 856 2552 rationum
897 2513 1066 2562 pondera
1098 2514 1236 2562 vulgus
1268 2515 1398 2551 minus
1430 2513 1564 2560 librat,
1607 2515 1903 2552 auctoritatibus
1934 2514 2030 2552 illud

245 2577 368 2625 magis
397 2574 598 2623 magisque
631 2573 791 2610 obruere
823 2573 1072 2620 incipiamus,
1113 2573 1144 2608 si
1175 2573 1270 2609 forte
1302 2583 1370 2621 per
1400 2571 1570 2609 fraudem
1605 2573 1728 2621 ipsum
1768 2573 1806 2609 in
1839 2574 2030 2621 cognitio-

245 2645 332 2671 nem
364 2633 538 2670 veritatis
579 2631 788 2680 perducere
828 2641 1027 2679 queamus.
1089 2629 1174 2667 Tua
1216 2631 1363 2668 ratione
1404 2630 1517 2667 simul
1549 2630 1770 2668 laborantes
1802 2636 1858 2668 tot
1888 2632 2030 2680 iniquis

242 2691 399 2739 judiciis
431 2691 557 2727 socios
588 2689 804 2738 adjutares‚
842 2688 930 2725 dum
964 2687 1016 2724 illi
1051 2688 1111 2725 vel
1144 2689 1326 2725 solatium
1359 2693 1537 2737 caperent
1569 2701 1613 2726 ex
1647 2693 1712 2725 tuo
1745 2699 1934 2727 consensu
1966 2690 2027 2727 vel

245 2748 478 2797 praesidium
512 2759 558 2785 ex
589 2749 830 2785 auctoritate.
881 2746 966 2783 Non
991 2747 1090 2784 enim
1122 2748 1176 2783 tui
1208 2747 1336 2784 solum
1365 2746 1455 2784 Itali
1486 2751 1585 2793 sunt,
1619 2748 1684 2795 qui
1715 2758 1755 2784 se
1786 2748 1931 2784 moveri
1954 2749 2028 2785 nisi

246 2808 412 2844 sentiant
443 2805 595 2844 credere
634 2817 709 2842 non
748 2810 929 2855 possunt,
967 2804 1035 2842 sed
1074 2805 1188 2842 etiam
1227 2816 1296 2842 nos
1328 2805 1389 2842 hic
1420 2806 1458 2841 in
1491 2803 1698 2842 Germania
1735 2815 1810 2842 non
1843 2806 2028 2854 optimam

247 2862 425 2911 dogmate
468 2866 543 2901 isto
582 2864 745 2912 gratiam
783 2864 936 2900 inimus.
997 2862 1140 2900 Verum
1172 2868 1261 2900 sunt
1291 2864 1479 2909 rationes,
1523 2863 1662 2911 quibus
1693 2873 1762 2899 nos
1794 2869 1927 2900 contra
1957 2863 2027 2901 has

247 2919 489 2959 difficultates
521 2923 750 2959 muniamus.

383 2978 564 3026 Primum,
597 2980 645 3017 ab
677 2979 744 3017 illa
774 2980 918 3027 ingenti
950 2978 1150 3016 hominum
1179 2977 1423 3016 multitudine
1456 2983 1657 3027 separatus
1695 2989 1800 3024 sum,
1838 2988 1910 3015 nec
1950 2989 2026 3015 uno

247 3038 335 3070 actu
365 3039 422 3072 tot
451 3036 659 3074 clamorum
689 3038 890 3087 strepitum
922 3037 1070 3076 haurio.
1133 3036 1296 3083 Deinde,
1329 3037 1394 3085 qui
1425 3036 1518 3073 mihi
1551 3041 1640 3073 sunt
1668 3036 1853 3084 proximi,
1886 3035 2026 3084 vulgus

247 3090 442 3133 hominum
473 3099 542 3143 est,
571 3095 637 3145 qui
669 3105 753 3133 cum
784 3095 881 3133 haec
911 3095 1101 3144 abstrusa,
1133 3099 1177 3133 ut
1208 3096 1332 3142 aiunt,
1365 3105 1440 3138 non
1474 3095 1639 3144 capiant,
1670 3095 1854 3133 mirantur
1884 3099 2024 3147 tamen,
