<?xml version="1.0" encoding="UTF-8"?>
<!DOCTYPE html PUBLIC "-//W3C//DTD XHTML 1.0 Transitional//EN"
    "http://www.w3.org/TR/xhtml1/DTD/xhtml1-transitional.dtd">
<html xmlns="http://www.w3.org/1999/xhtml" xml:lang="en" lang="en">
 <head>
  <title>
</title>
<meta http-equiv="Content-Type" content="text/html;charset=utf-8" />
  <meta name='ocr-system' content='tesseract 3.04.00' />
  <meta name='ocr-capabilities' content='ocr_page ocr_carea ocr_par ocr_line ocrx_word'/>
</head>
<body>
  <div class='ocr_page' id='page_1' title='image "./p2operaomniaedid08kepluoft_0292.png"; bbox 0 0 2126 3388; ppageno 0'>
   <div class='ocr_carea' id='block_1_1' title="bbox 239 169 1355 222">
    <p class='ocr_par' dir='ltr' id='par_1_1' title="bbox 239 169 1355 222">
     <span class='ocr_line' id='line_1_1' title="bbox 239 169 1355 222; baseline -0.013 0"><span class='ocrx_word' id='word_1_1' title='bbox 239 178 324 222; x_wconf 84' lang='grc'>838</span> <span class='ocrx_word' id='word_1_2' title='bbox 914 171 997 207; x_wconf 83' lang='lat' dir='ltr'>Vita</span> <span class='ocrx_word' id='word_1_3' title='bbox 1021 170 1171 206; x_wconf 77' lang='lat' dir='ltr'>Joannis</span> <span class='ocrx_word' id='word_1_4' title='bbox 1197 169 1355 216; x_wconf 83' lang='lat' dir='ltr'>Kepleri.</span> 
     </span>
    </p>
   </div>
   <div class='ocr_carea' id='block_1_2' title="bbox 237 286 2049 3177">
    <p class='ocr_par' dir='ltr' id='par_1_2' title="bbox 237 286 2048 1376">
     <span class='ocr_line' id='line_1_2' title="bbox 239 286 2033 333; baseline -0.003 -6"><span class='ocrx_word' id='word_1_5' title='bbox 239 293 377 327; x_wconf 80' lang='lat' dir='ltr'>intento</span> <span class='ocrx_word' id='word_1_6' title='bbox 403 292 591 325; x_wconf 80' lang='lat' dir='ltr'>assecutus</span> <span class='ocrx_word' id='word_1_7' title='bbox 613 287 735 333; x_wconf 91' lang='lat' dir='ltr'>fuero,</span> <span class='ocrx_word' id='word_1_8' title='bbox 769 298 839 323; x_wconf 90' lang='lat' dir='ltr'>non</span> <span class='ocrx_word' id='word_1_9' title='bbox 866 287 959 322; x_wconf 88' lang='lat' dir='ltr'>enim</span> <span class='ocrx_word' id='word_1_10' title='bbox 983 286 1051 321; x_wconf 91' lang='lat' dir='ltr'>nisi</span> <span class='ocrx_word' id='word_1_11' title='bbox 1083 287 1174 322; x_wconf 89' lang='lat' dir='ltr'>bene</span> <span class='ocrx_word' id='word_1_12' title='bbox 1198 287 1234 322; x_wconf 89' lang='lat' dir='ltr'>in</span> <span class='ocrx_word' id='word_1_13' title='bbox 1259 288 1366 323; x_wconf 88' lang='lat' dir='ltr'>rebus</span> <span class='ocrx_word' id='word_1_14' title='bbox 1391 286 1539 322; x_wconf 88' lang='lat' dir='ltr'>medicis</span> <span class='ocrx_word' id='word_1_15' title='bbox 1575 288 1737 321; x_wconf 79' lang='lat' dir='ltr'>versatus</span> <span class='ocrx_word' id='word_1_16' title='bbox 1763 286 1965 322; x_wconf 86' lang='lat' dir='ltr'>desistam.“</span> <span class='ocrx_word' id='word_1_17' title='bbox 1998 306 2033 312; x_wconf 88' lang='lat'>-</span> 
     </span>
     <span class='ocr_line' id='line_1_3' title="bbox 243 344 2037 395; baseline -0.004 -9"><span class='ocrx_word' id='word_1_18' title='bbox 243 350 430 395; x_wconf 58' lang='grc' dir='ltr'>77(ιἰειιιᾶεὲο,</span> <span class='ocrx_word' id='word_1_19' title='bbox 464 348 590 382; x_wconf 81' lang='lat' dir='ltr'>viduas</span> <span class='ocrx_word' id='word_1_20' title='bbox 622 351 657 381; x_wconf 88' lang='lat' dir='ltr'>et</span> <span class='ocrx_word' id='word_1_21' title='bbox 681 345 837 389; x_wconf 80' lang='lat' dir='ltr'>virgines</span> <span class='ocrx_word' id='word_1_22' title='bbox 862 345 976 380; x_wconf 89' lang='lat' dir='ltr'>bonas</span> <span class='ocrx_word' id='word_1_23' title='bbox 1003 349 1039 379; x_wconf 88' lang='lat' dir='ltr'>et</span> <span class='ocrx_word' id='word_1_24' title='bbox 1063 344 1235 388; x_wconf 87' lang='lat' dir='ltr'>plurimas</span> <span class='ocrx_word' id='word_1_25' title='bbox 1260 345 1357 390; x_wconf 87' lang='lat' dir='ltr'>apud</span> <span class='ocrx_word' id='word_1_26' title='bbox 1382 355 1445 379; x_wconf 82' lang='lat' dir='ltr'>vos</span> <span class='ocrx_word' id='word_1_27' title='bbox 1471 344 1616 380; x_wconf 85' lang='lat' dir='ltr'>venales</span> <span class='ocrx_word' id='word_1_28' title='bbox 1643 355 1740 389; x_wconf 86' lang='lat' dir='ltr'>esse,</span> <span class='ocrx_word' id='word_1_29' title='bbox 1774 356 1881 380; x_wconf 89' lang='lat' dir='ltr'>unam</span> <span class='ocrx_word' id='word_1_30' title='bbox 1917 350 2037 380; x_wconf 89' lang='lat' dir='ltr'>tamen</span> 
     </span>
     <span class='ocr_line' id='line_1_4' title="bbox 239 402 2038 455; baseline -0.004 -11"><span class='ocrx_word' id='word_1_31' title='bbox 239 420 304 455; x_wconf 91' lang='lat' dir='ltr'>pro</span> <span class='ocrx_word' id='word_1_32' title='bbox 329 419 385 442; x_wconf 88' lang='lat' dir='ltr'>me</span> <span class='ocrx_word' id='word_1_33' title='bbox 411 416 506 441; x_wconf 85' lang='lat' dir='ltr'>emas</span> <span class='ocrx_word' id='word_1_34' title='bbox 532 405 654 447; x_wconf 76' lang='lat' dir='ltr'>velim,</span> <span class='ocrx_word' id='word_1_35' title='bbox 691 403 856 449; x_wconf 84' lang='lat' dir='ltr'>pluribus</span> <span class='ocrx_word' id='word_1_36' title='bbox 888 403 981 438; x_wconf 92' lang='lat' dir='ltr'>enim</span> <span class='ocrx_word' id='word_1_37' title='bbox 1012 413 1085 436; x_wconf 91' lang='lat' dir='ltr'>non</span> <span class='ocrx_word' id='word_1_38' title='bbox 1110 402 1252 448; x_wconf 82' lang='lat' dir='ltr'>indigeo</span> <span class='ocrx_word' id='word_1_39' title='bbox 1285 408 1320 438; x_wconf 91' lang='lat' dir='ltr'>et</span> <span class='ocrx_word' id='word_1_40' title='bbox 1343 402 1443 447; x_wconf 87' lang='lat' dir='ltr'>prius</span> <span class='ocrx_word' id='word_1_41' title='bbox 1478 402 1521 436; x_wconf 87' lang='lat' dir='ltr'>de</span> <span class='ocrx_word' id='word_1_42' title='bbox 1549 402 1764 437; x_wconf 79' lang='lat' dir='ltr'>domuncula</span> <span class='ocrx_word' id='word_1_43' title='bbox 1788 402 2038 447; x_wconf 83' lang='lat' dir='ltr'>prospiciatur,</span> 
     </span>
     <span class='ocr_line' id='line_1_5' title="bbox 240 459 2038 506; baseline -0.004 -3"><span class='ocrx_word' id='word_1_44' title='bbox 240 467 302 503; x_wconf 91' lang='lat' dir='ltr'>ubi</span> <span class='ocrx_word' id='word_1_45' title='bbox 327 476 405 501; x_wconf 88' lang='lat' dir='ltr'>eam</span> <span class='ocrx_word' id='word_1_46' title='bbox 429 463 615 498; x_wconf 77' lang='lat' dir='ltr'>includere</span> <span class='ocrx_word' id='word_1_47' title='bbox 640 462 786 506; x_wconf 88' lang='lat' dir='ltr'>possim,</span> <span class='ocrx_word' id='word_1_48' title='bbox 813 472 893 495; x_wconf 89' lang='lat' dir='ltr'>cnm</span> <span class='ocrx_word' id='word_1_49' title='bbox 917 471 1062 496; x_wconf 81' lang='lat' dir='ltr'>venero.</span> <span class='ocrx_word' id='word_1_50' title='bbox 1111 461 1160 495; x_wconf 90' lang='lat' dir='ltr'>At</span> <span class='ocrx_word' id='word_1_51' title='bbox 1185 460 1266 494; x_wconf 90' lang='lat' dir='ltr'>hinc</span> <span class='ocrx_word' id='word_1_52' title='bbox 1293 461 1362 494; x_wconf 84' lang='lat' dir='ltr'>nisi</span> <span class='ocrx_word' id='word_1_53' title='bbox 1387 460 1496 494; x_wconf 86' lang='lat' dir='ltr'>fallor</span> <span class='ocrx_word' id='word_1_54' title='bbox 1520 459 1631 504; x_wconf 72' lang='lat' dir='ltr'>rides,</span> <span class='ocrx_word' id='word_1_55' title='bbox 1654 460 1729 504; x_wconf 84' lang='lat' dir='ltr'>jam</span> <span class='ocrx_word' id='word_1_56' title='bbox 1753 464 1790 495; x_wconf 89' lang='lat' dir='ltr'>te</span> <span class='ocrx_word' id='word_1_57' title='bbox 1815 460 1918 495; x_wconf 88' lang='lat' dir='ltr'>nimis</span> <span class='ocrx_word' id='word_1_58' title='bbox 1942 472 2038 504; x_wconf 88' lang='lat' dir='ltr'>mag-</span> 
     </span>
     <span class='ocr_line' id='line_1_6' title="bbox 241 516 2037 565; baseline -0.007 -4"><span class='ocrx_word' id='word_1_59' title='bbox 241 536 324 561; x_wconf 90' lang='lat' dir='ltr'>num</span> <span class='ocrx_word' id='word_1_60' title='bbox 349 529 466 557; x_wconf 84' lang='lat' dir='ltr'>vatem</span> <span class='ocrx_word' id='word_1_61' title='bbox 492 521 619 565; x_wconf 89' lang='lat' dir='ltr'>fuisse,</span> <span class='ocrx_word' id='word_1_62' title='bbox 648 520 709 564; x_wconf 87' lang='lat' dir='ltr'>qui</span> <span class='ocrx_word' id='word_1_63' title='bbox 735 518 856 554; x_wconf 78' lang='lat' dir='ltr'>dixisti</span> <span class='ocrx_word' id='word_1_64' title='bbox 880 518 1060 561; x_wconf 87' lang='lat' dir='ltr'>futurum,</span> <span class='ocrx_word' id='word_1_65' title='bbox 1087 521 1128 552; x_wconf 91' lang='lat' dir='ltr'>ut</span> <span class='ocrx_word' id='word_1_66' title='bbox 1153 517 1346 562; x_wconf 86' lang='lat' dir='ltr'>aliquando</span> <span class='ocrx_word' id='word_1_67' title='bbox 1372 517 1486 552; x_wconf 88' lang='lat' dir='ltr'>Ursus</span> <span class='ocrx_word' id='word_1_68' title='bbox 1512 516 1573 552; x_wconf 87' lang='lat' dir='ltr'>ille</span> <span class='ocrx_word' id='word_1_69' title='bbox 1599 517 1845 561; x_wconf 87' lang='lat' dir='ltr'>Samogeticus</span> <span class='ocrx_word' id='word_1_70' title='bbox 1872 518 2037 560; x_wconf 84' lang='lat' dir='ltr'>(Ursinum</span> 
     </span>
     <span class='ocr_line' id='line_1_7' title="bbox 241 573 2040 623; baseline -0.005 -7"><span class='ocrx_word' id='word_1_71' title='bbox 241 583 333 623; x_wconf 81' lang='lat' dir='ltr'>dicit)</span> <span class='ocrx_word' id='word_1_72' title='bbox 358 581 408 615; x_wconf 82' lang='lat' dir='ltr'>ita,</span> <span class='ocrx_word' id='word_1_73' title='bbox 432 584 670 623; x_wconf 71' lang='lat' dir='ltr'>mansuescat,</span> <span class='ocrx_word' id='word_1_74' title='bbox 698 582 738 612; x_wconf 89' lang='lat' dir='ltr'>ut</span> <span class='ocrx_word' id='word_1_75' title='bbox 756 576 870 612; x_wconf 90' lang='lat' dir='ltr'>serico</span> <span class='ocrx_word' id='word_1_76' title='bbox 897 575 958 610; x_wconf 90' lang='lat' dir='ltr'>filo</span> <span class='ocrx_word' id='word_1_77' title='bbox 986 585 1024 610; x_wconf 91' lang='lat' dir='ltr'>se</span> <span class='ocrx_word' id='word_1_78' title='bbox 1049 575 1085 609; x_wconf 86' lang='lat' dir='ltr'>in</span> <span class='ocrx_word' id='word_1_79' title='bbox 1104 575 1250 609; x_wconf 86' lang='lat' dir='ltr'>Austria</span> <span class='ocrx_word' id='word_1_80' title='bbox 1276 575 1416 620; x_wconf 85' lang='lat' dir='ltr'>alligari</span> <span class='ocrx_word' id='word_1_81' title='bbox 1434 575 1604 618; x_wconf 84' lang='lat' dir='ltr'>patiatur.</span> <span class='ocrx_word' id='word_1_82' title='bbox 1639 573 1738 609; x_wconf 83' lang='lat' dir='ltr'>Tuae</span> <span class='ocrx_word' id='word_1_83' title='bbox 1756 573 2040 617; x_wconf 82' lang='lat' dir='ltr'>benevolentiae,</span> 
     </span>
     <span class='ocr_line' id='line_1_8' title="bbox 239 631 2042 684; baseline -0.004 -11"><span class='ocrx_word' id='word_1_84' title='bbox 239 644 389 684; x_wconf 88' lang='lat' dir='ltr'>patrone</span> <span class='ocrx_word' id='word_1_85' title='bbox 416 647 563 680; x_wconf 91' lang='lat' dir='ltr'>summe,</span> <span class='ocrx_word' id='word_1_86' title='bbox 589 636 657 671; x_wconf 87' lang='lat' dir='ltr'>erit</span> <span class='ocrx_word' id='word_1_87' title='bbox 682 634 832 670; x_wconf 85' lang='lat' dir='ltr'>consilio</span> <span class='ocrx_word' id='word_1_88' title='bbox 860 639 895 669; x_wconf 90' lang='lat' dir='ltr'>et</span> <span class='ocrx_word' id='word_1_89' title='bbox 921 634 1054 668; x_wconf 80' lang='lat' dir='ltr'>auxilio</span> <span class='ocrx_word' id='word_1_90' title='bbox 1080 635 1167 669; x_wconf 88' lang='lat' dir='ltr'>mihi</span> <span class='ocrx_word' id='word_1_91' title='bbox 1193 643 1412 669; x_wconf 82' lang='lat' dir='ltr'>succurrere.</span> <span class='ocrx_word' id='word_1_92' title='bbox 1462 633 1566 666; x_wconf 82' lang='lat' dir='ltr'>Mitto</span> <span class='ocrx_word' id='word_1_93' title='bbox 1598 632 1662 666; x_wconf 82' lang='lat' dir='ltr'>tihi</span> <span class='ocrx_word' id='word_1_94' title='bbox 1697 631 1881 676; x_wconf 78' lang='lat' dir='ltr'>exemplar</span> <span class='ocrx_word' id='word_1_95' title='bbox 1908 632 2042 675; x_wconf 85' lang='lat' dir='ltr'>scripti,</span> 
     </span>
     <span class='ocr_line' id='line_1_9' title="bbox 237 688 2042 740; baseline -0.003 -10"><span class='ocrx_word' id='word_1_96' title='bbox 237 697 274 731; x_wconf 90' lang='lat' dir='ltr'>in</span> <span class='ocrx_word' id='word_1_97' title='bbox 300 706 370 740; x_wconf 89' lang='lat' dir='ltr'>quo</span> <span class='ocrx_word' id='word_1_98' title='bbox 396 695 439 729; x_wconf 92' lang='lat' dir='ltr'>D.</span> <span class='ocrx_word' id='word_1_99' title='bbox 457 694 562 738; x_wconf 88' lang='lat' dir='ltr'>Papii</span> <span class='ocrx_word' id='word_1_100' title='bbox 585 693 726 728; x_wconf 84' lang='lat' dir='ltr'>theoria</span> <span class='ocrx_word' id='word_1_101' title='bbox 752 691 884 736; x_wconf 84' lang='lat' dir='ltr'>lapidis</span> <span class='ocrx_word' id='word_1_102' title='bbox 909 691 1152 736; x_wconf 82' lang='lat' dir='ltr'>philosophici</span> <span class='ocrx_word' id='word_1_103' title='bbox 1169 691 1347 727; x_wconf 81' lang='lat' dir='ltr'>refutatur</span> <span class='ocrx_word' id='word_1_104' title='bbox 1373 695 1408 725; x_wconf 89' lang='lat' dir='ltr'>et</span> <span class='ocrx_word' id='word_1_105' title='bbox 1433 690 1525 734; x_wconf 90' lang='lat' dir='ltr'>lapis</span> <span class='ocrx_word' id='word_1_106' title='bbox 1550 689 1609 724; x_wconf 92' lang='lat' dir='ltr'>ille</span> <span class='ocrx_word' id='word_1_107' title='bbox 1634 688 1802 724; x_wconf 78' lang='lat' dir='ltr'>aurificus</span> <span class='ocrx_word' id='word_1_108' title='bbox 1829 688 2042 724; x_wconf 84' lang='lat' dir='ltr'>defenditur.</span> 
     </span>
     <span class='ocr_line' id='line_1_10' title="bbox 238 746 2043 797; baseline -0.004 -9"><span class='ocrx_word' id='word_1_109' title='bbox 238 754 256 788; x_wconf 95' lang='grc' dir='ltr'>Ι</span> <span class='ocrx_word' id='word_1_110' title='bbox 277 753 364 797; x_wconf 83' lang='lat' dir='ltr'>jam,</span> <span class='ocrx_word' id='word_1_111' title='bbox 391 751 448 786; x_wconf 90' lang='lat' dir='ltr'>dic</span> <span class='ocrx_word' id='word_1_112' title='bbox 474 751 667 796; x_wconf 81' lang='lat' dir='ltr'>chymistas</span> <span class='ocrx_word' id='word_1_113' title='bbox 694 761 764 785; x_wconf 92' lang='lat' dir='ltr'>non</span> <span class='ocrx_word' id='word_1_114' title='bbox 792 760 900 793; x_wconf 89' lang='lat' dir='ltr'>posse</span> <span class='ocrx_word' id='word_1_115' title='bbox 925 749 1071 784; x_wconf 85' lang='lat' dir='ltr'>metalla</span> <span class='ocrx_word' id='word_1_116' title='bbox 1095 751 1132 784; x_wconf 90' lang='lat' dir='ltr'>in</span> <span class='ocrx_word' id='word_1_117' title='bbox 1158 761 1283 785; x_wconf 88' lang='lat' dir='ltr'>aurum</span> <span class='ocrx_word' id='word_1_118' title='bbox 1302 753 1451 783; x_wconf 85' lang='lat' dir='ltr'>mutare.</span> <span class='ocrx_word' id='word_1_119' title='bbox 1488 747 1669 782; x_wconf 82' lang='lat' dir='ltr'>Judicium</span> <span class='ocrx_word' id='word_1_120' title='bbox 1695 752 1796 781; x_wconf 87' lang='lat' dir='ltr'>tuum</span> <span class='ocrx_word' id='word_1_121' title='bbox 1820 746 1975 782; x_wconf 83' lang='lat' dir='ltr'>libenter</span> <span class='ocrx_word' id='word_1_122' title='bbox 1999 746 2043 781; x_wconf 91' lang='lat' dir='ltr'>de</span> 
     </span>
     <span class='ocr_line' id='line_1_11' title="bbox 239 806 2044 850; baseline -0.003 -4"><span class='ocrx_word' id='word_1_123' title='bbox 239 821 281 846; x_wconf 91' lang='lat' dir='ltr'>eo</span> <span class='ocrx_word' id='word_1_124' title='bbox 308 809 434 845; x_wconf 88' lang='lat' dir='ltr'>audire</span> <span class='ocrx_word' id='word_1_125' title='bbox 458 808 622 843; x_wconf 77' lang='lat' dir='ltr'>vellem.“</span> <span class='ocrx_word' id='word_1_126' title='bbox 674 808 800 842; x_wconf 83' lang='lat' dir='ltr'>Mense</span> <span class='ocrx_word' id='word_1_127' title='bbox 827 807 977 842; x_wconf 84' lang='lat' dir='ltr'>Octobri</span> <span class='ocrx_word' id='word_1_128' title='bbox 1001 807 1130 842; x_wconf 87' lang='lat' dir='ltr'>iterum</span> <span class='ocrx_word' id='word_1_129' title='bbox 1155 807 1229 841; x_wconf 91' lang='lat' dir='ltr'>adit</span> <span class='ocrx_word' id='word_1_130' title='bbox 1247 806 1444 850; x_wconf 81' lang='lat' dir='ltr'>Keplerum</span> <span class='ocrx_word' id='word_1_131' title='bbox 1472 806 1618 840; x_wconf 84' lang='lat' dir='ltr'>Crusius</span> <span class='ocrx_word' id='word_1_132' title='bbox 1646 806 1824 841; x_wconf 72' lang='lat' dir='ltr'>scribe-ns:</span> <span class='ocrx_word' id='word_1_133' title='bbox 1851 806 2044 850; x_wconf 83' lang='lat' dir='ltr'>Epitomen</span> 
     </span>
     <span class='ocr_line' id='line_1_12' title="bbox 239 863 2043 907; baseline -0.004 -2"><span class='ocrx_word' id='word_1_134' title='bbox 239 875 338 906; x_wconf 84' lang='lat' dir='ltr'>tuam</span> <span class='ocrx_word' id='word_1_135' title='bbox 362 869 491 903; x_wconf 77' lang='lat' dir='ltr'>vellem</span> <span class='ocrx_word' id='word_1_136' title='bbox 519 868 683 902; x_wconf 80' lang='lat' dir='ltr'>emissam</span> <span class='ocrx_word' id='word_1_137' title='bbox 711 876 803 901; x_wconf 89' lang='lat' dir='ltr'>esse.</span> <span class='ocrx_word' id='word_1_138' title='bbox 855 867 902 900; x_wconf 86' lang='lat' dir='ltr'>At</span> <span class='ocrx_word' id='word_1_139' title='bbox 934 866 1064 900; x_wconf 82' lang='lat' dir='ltr'>desunt</span> <span class='ocrx_word' id='word_1_140' title='bbox 1094 865 1260 900; x_wconf 81' lang='lat' dir='ltr'>fortassis</span> <span class='ocrx_word' id='word_1_141' title='bbox 1293 864 1476 906; x_wconf 85' lang='lat' dir='ltr'>adjutores</span> <span class='ocrx_word' id='word_1_142' title='bbox 1509 868 1544 898; x_wconf 88' lang='lat' dir='ltr'>et</span> <span class='ocrx_word' id='word_1_143' title='bbox 1575 863 1728 898; x_wconf 88' lang='lat' dir='ltr'>ministri</span> <span class='ocrx_word' id='word_1_144' title='bbox 1761 863 1946 906; x_wconf 80' lang='lat' dir='ltr'>editionis,</span> <span class='ocrx_word' id='word_1_145' title='bbox 1982 864 2043 907; x_wconf 90' lang='lat' dir='ltr'>qui</span> 
     </span>
     <span class='ocr_line' id='line_1_13' title="bbox 240 921 2045 972; baseline -0.004 -9"><span class='ocrx_word' id='word_1_146' title='bbox 240 929 284 963; x_wconf 86' lang='lat' dir='ltr'>ad</span> <span class='ocrx_word' id='word_1_147' title='bbox 311 926 561 972; x_wconf 87' lang='lat' dir='ltr'>corrigendum</span> <span class='ocrx_word' id='word_1_148' title='bbox 587 925 747 960; x_wconf 90' lang='lat' dir='ltr'>subsidio</span> <span class='ocrx_word' id='word_1_149' title='bbox 775 933 853 958; x_wconf 89' lang='lat' dir='ltr'>esse</span> <span class='ocrx_word' id='word_1_150' title='bbox 878 924 1033 968; x_wconf 77' lang='lat' dir='ltr'>possint.</span> <span class='ocrx_word' id='word_1_151' title='bbox 1074 923 1156 957; x_wconf 88' lang='lat' dir='ltr'>Etsi</span> <span class='ocrx_word' id='word_1_152' title='bbox 1181 933 1245 966; x_wconf 84' lang='lat' dir='ltr'>ego</span> <span class='ocrx_word' id='word_1_153' title='bbox 1270 922 1344 966; x_wconf 79' lang='lat' dir='ltr'>jam</span> <span class='ocrx_word' id='word_1_154' title='bbox 1371 921 1415 956; x_wconf 89' lang='lat' dir='ltr'>ad</span> <span class='ocrx_word' id='word_1_155' title='bbox 1442 932 1503 955; x_wconf 83' lang='lat' dir='ltr'>vos</span> <span class='ocrx_word' id='word_1_156' title='bbox 1529 921 1709 965; x_wconf 89' lang='lat' dir='ltr'>proficisci</span> <span class='ocrx_word' id='word_1_157' title='bbox 1727 932 1792 956; x_wconf 88' lang='lat' dir='ltr'>nec</span> <span class='ocrx_word' id='word_1_158' title='bbox 1817 921 1952 966; x_wconf 89' lang='lat' dir='ltr'>possim</span> <span class='ocrx_word' id='word_1_159' title='bbox 1979 931 2045 956; x_wconf 89' lang='lat' dir='ltr'>nec</span> 
     </span>
     <span class='ocr_line' id='line_1_14' title="bbox 241 978 2045 1029; baseline -0.004 -9"><span class='ocrx_word' id='word_1_160' title='bbox 241 985 407 1029; x_wconf 73' lang='lat' dir='ltr'>debeam,</span> <span class='ocrx_word' id='word_1_161' title='bbox 436 983 637 1018; x_wconf 86' lang='lat' dir='ltr'>studiosum</span> <span class='ocrx_word' id='word_1_162' title='bbox 662 988 783 1017; x_wconf 83' lang='lat' dir='ltr'>tamen</span> <span class='ocrx_word' id='word_1_163' title='bbox 814 981 1102 1022; x_wconf 82' lang='lat' dir='ltr'>mathematices,</span> <span class='ocrx_word' id='word_1_164' title='bbox 1142 980 1285 1015; x_wconf 85' lang='lat' dir='ltr'>Gallum</span> <span class='ocrx_word' id='word_1_165' title='bbox 1311 980 1475 1023; x_wconf 72' lang='lat' dir='ltr'>natione,</span> <span class='ocrx_word' id='word_1_166' title='bbox 1512 978 1636 1022; x_wconf 77' lang='lat' dir='ltr'>paucis</span> <span class='ocrx_word' id='word_1_167' title='bbox 1671 978 1802 1013; x_wconf 81' lang='lat' dir='ltr'>abhinc</span> <span class='ocrx_word' id='word_1_168' title='bbox 1837 978 2045 1023; x_wconf 82' lang='lat' dir='ltr'>septimanis</span> 
     </span>
     <span class='ocr_line' id='line_1_15' title="bbox 240 1035 2046 1086; baseline -0.005 -9"><span class='ocrx_word' id='word_1_169' title='bbox 240 1042 408 1086; x_wconf 82' lang='lat' dir='ltr'>habebis,</span> <span class='ocrx_word' id='word_1_170' title='bbox 443 1041 505 1085; x_wconf 87' lang='lat' dir='ltr'>qui</span> <span class='ocrx_word' id='word_1_171' title='bbox 538 1051 682 1085; x_wconf 79' lang='lat' dir='ltr'>operam</span> <span class='ocrx_word' id='word_1_172' title='bbox 716 1050 817 1074; x_wconf 77' lang='lat' dir='ltr'>suam</span> <span class='ocrx_word' id='word_1_173' title='bbox 850 1039 1098 1074; x_wconf 80' lang='lat' dir='ltr'>lubentissime</span> <span class='ocrx_word' id='word_1_174' title='bbox 1132 1043 1167 1071; x_wconf 89' lang='lat' dir='ltr'>et</span> <span class='ocrx_word' id='word_1_175' title='bbox 1199 1037 1235 1072; x_wconf 90' lang='lat' dir='ltr'>in</span> <span class='ocrx_word' id='word_1_176' title='bbox 1269 1035 1415 1070; x_wconf 75' lang='lat' dir='ltr'>Tabulis</span> <span class='ocrx_word' id='word_1_177' title='bbox 1448 1035 1687 1079; x_wconf 81' lang='lat' dir='ltr'>Rudolphinis</span> <span class='ocrx_word' id='word_1_178' title='bbox 1709 1035 1952 1070; x_wconf 75' lang='lat' dir='ltr'>‘conficiendis</span> <span class='ocrx_word' id='word_1_179' title='bbox 1980 1035 2046 1071; x_wconf 90' lang='lat' dir='ltr'>tibi</span> 
     </span>
     <span class='ocr_line' id='line_1_16' title="bbox 241 1093 2046 1142; baseline -0.003 -8"><span class='ocrx_word' id='word_1_180' title='bbox 241 1100 383 1142; x_wconf 87' lang='lat' dir='ltr'>afferet;</span> <span class='ocrx_word' id='word_1_181' title='bbox 412 1103 467 1133; x_wconf 90' lang='lat' dir='ltr'>est</span> <span class='ocrx_word' id='word_1_182' title='bbox 485 1098 578 1132; x_wconf 91' lang='lat' dir='ltr'>enim</span> <span class='ocrx_word' id='word_1_183' title='bbox 602 1098 708 1132; x_wconf 91' lang='lat' dir='ltr'>homo</span> <span class='ocrx_word' id='word_1_184' title='bbox 735 1097 822 1132; x_wconf 81' lang='lat' dir='ltr'>satis</span> <span class='ocrx_word' id='word_1_185' title='bbox 849 1097 1010 1131; x_wconf 88' lang='lat' dir='ltr'>eruditus</span> <span class='ocrx_word' id='word_1_186' title='bbox 1038 1100 1073 1130; x_wconf 88' lang='lat' dir='ltr'>et</span> <span class='ocrx_word' id='word_1_187' title='bbox 1097 1096 1316 1138; x_wconf 77' lang='lat' dir='ltr'>ingeniosus,</span> <span class='ocrx_word' id='word_1_188' title='bbox 1344 1098 1379 1128; x_wconf 84' lang='lat' dir='ltr'>et</span> <span class='ocrx_word' id='word_1_189' title='bbox 1404 1093 1613 1129; x_wconf 79' lang='lat' dir='ltr'>celebritate</span> <span class='ocrx_word' id='word_1_190' title='bbox 1631 1094 1784 1128; x_wconf 87' lang='lat' dir='ltr'>nominis</span> <span class='ocrx_word' id='word_1_191' title='bbox 1803 1094 1855 1129; x_wconf 91' lang='lat' dir='ltr'>tui</span> <span class='ocrx_word' id='word_1_192' title='bbox 1879 1093 2046 1129; x_wconf 89' lang='lat' dir='ltr'>inductus</span> 
     </span>
     <span class='ocr_line' id='line_1_17' title="bbox 240 1152 2046 1199; baseline -0.003 -7"><span class='ocrx_word' id='word_1_193' title='bbox 240 1164 339 1193; x_wconf 81' lang='lat' dir='ltr'>tuam</span> <span class='ocrx_word' id='word_1_194' title='bbox 365 1156 557 1192; x_wconf 79' lang='lat' dir='ltr'>amicitiam</span> <span class='ocrx_word' id='word_1_195' title='bbox 583 1166 719 1190; x_wconf 81' lang='lat' dir='ltr'>Summe</span> <span class='ocrx_word' id='word_1_196' title='bbox 746 1155 895 1199; x_wconf 80' lang='lat' dir='ltr'>expetit.</span> <span class='ocrx_word' id='word_1_197' title='bbox 936 1157 1040 1196; x_wconf 86' lang='lat' dir='ltr'>(Dicit</span> <span class='ocrx_word' id='word_1_198' title='bbox 1065 1154 1199 1185; x_wconf 84' lang='lat' dir='ltr'>Crusius</span> <span class='ocrx_word' id='word_1_199' title='bbox 1226 1153 1540 1193; x_wconf 77' lang='lat' dir='ltr'>Gringalletum</span> <span class='ocrx_word' id='word_1_200' title='bbox 1567 1152 1784 1194; x_wconf 82' lang='lat' dir='ltr'>Sabaudum.)</span> <span class='ocrx_word' id='word_1_201' title='bbox 1834 1152 1912 1185; x_wconf 81' lang='lat' dir='ltr'>Hac</span> <span class='ocrx_word' id='word_1_202' title='bbox 1944 1162 2046 1186; x_wconf 80' lang='lat' dir='ltr'>occa-</span> 
     </span>
     <span class='ocr_line' id='line_1_18' title="bbox 241 1209 2046 1256; baseline -0.003 -6"><span class='ocrx_word' id='word_1_203' title='bbox 241 1217 341 1250; x_wconf 87' lang='lat' dir='ltr'>sione</span> <span class='ocrx_word' id='word_1_204' title='bbox 367 1213 533 1250; x_wconf 80' lang='lat' dir='ltr'>fortassis</span> <span class='ocrx_word' id='word_1_205' title='bbox 560 1217 595 1247; x_wconf 77' lang='lat' dir='ltr'>ot</span> <span class='ocrx_word' id='word_1_206' title='bbox 620 1212 724 1256; x_wconf 85' lang='lat' dir='ltr'>plura</span> <span class='ocrx_word' id='word_1_207' title='bbox 743 1223 892 1256; x_wconf 89' lang='lat' dir='ltr'>operum</span> <span class='ocrx_word' id='word_1_208' title='bbox 911 1217 1054 1246; x_wconf 89' lang='lat' dir='ltr'>tuorum</span> <span class='ocrx_word' id='word_1_209' title='bbox 1073 1211 1189 1244; x_wconf 88' lang='lat' dir='ltr'>lucem</span> <span class='ocrx_word' id='word_1_210' title='bbox 1206 1209 1327 1243; x_wconf 66' lang='lat' dir='ltr'>videre</span> <span class='ocrx_word' id='word_1_211' title='bbox 1346 1214 1527 1253; x_wconf 88' lang='lat' dir='ltr'>poterunt.</span> <span class='ocrx_word' id='word_1_212' title='bbox 1563 1209 1853 1244; x_wconf 87' lang='lat' dir='ltr'>Stereometriam</span> <span class='ocrx_word' id='word_1_213' title='bbox 1878 1214 1978 1244; x_wconf 87' lang='lat' dir='ltr'>tuam</span> <span class='ocrx_word' id='word_1_214' title='bbox 2003 1210 2046 1244; x_wconf 89' lang='lat' dir='ltr'>D.</span> 
     </span>
     <span class='ocr_line' id='line_1_19' title="bbox 242 1267 2048 1316; baseline -0.003 -8"><span class='ocrx_word' id='word_1_215' title='bbox 242 1274 489 1316; x_wconf 84' lang='lat' dir='ltr'>Berneggerus</span> <span class='ocrx_word' id='word_1_216' title='bbox 525 1271 670 1305; x_wconf 78' lang='lat' dir='ltr'>summis</span> <span class='ocrx_word' id='word_1_217' title='bbox 709 1281 729 1305; x_wconf 84' lang='lat' dir='ltr'>a</span> <span class='ocrx_word' id='word_1_218' title='bbox 760 1280 816 1304; x_wconf 91' lang='lat' dir='ltr'>me</span> <span class='ocrx_word' id='word_1_219' title='bbox 841 1270 1009 1314; x_wconf 81' lang='lat' dir='ltr'>precibus</span> <span class='ocrx_word' id='word_1_220' title='bbox 1043 1269 1211 1312; x_wconf 77' lang='lat' dir='ltr'>extorsit,</span> <span class='ocrx_word' id='word_1_221' title='bbox 1245 1273 1468 1312; x_wconf 86' lang='lat' dir='ltr'>quapropter</span> <span class='ocrx_word' id='word_1_222' title='bbox 1506 1279 1610 1312; x_wconf 77' lang='lat' dir='ltr'>rogo,</span> <span class='ocrx_word' id='word_1_223' title='bbox 1642 1272 1683 1302; x_wconf 87' lang='lat' dir='ltr'>ut</span> <span class='ocrx_word' id='word_1_224' title='bbox 1721 1267 1904 1312; x_wconf 85' lang='lat' dir='ltr'>exemplar</span> <span class='ocrx_word' id='word_1_225' title='bbox 1939 1279 2048 1303; x_wconf 89' lang='lat' dir='ltr'>unum</span> 
     </span>
     <span class='ocr_line' id='line_1_20' title="bbox 244 1325 1899 1376; baseline -0.004 -10"><span class='ocrx_word' id='word_1_226' title='bbox 244 1330 495 1376; x_wconf 87' lang='lat' dir='ltr'>germanicum,</span> <span class='ocrx_word' id='word_1_227' title='bbox 522 1328 675 1363; x_wconf 83' lang='lat' dir='ltr'>alterum</span> <span class='ocrx_word' id='word_1_228' title='bbox 701 1329 850 1363; x_wconf 87' lang='lat' dir='ltr'>latinum</span> <span class='ocrx_word' id='word_1_229' title='bbox 877 1328 997 1362; x_wconf 89' lang='lat' dir='ltr'>statim</span> <span class='ocrx_word' id='word_1_230' title='bbox 1024 1336 1197 1370; x_wconf 78' lang='lat' dir='ltr'>seponaS,</span> <span class='ocrx_word' id='word_1_231' title='bbox 1224 1331 1264 1360; x_wconf 89' lang='lat' dir='ltr'>ut</span> <span class='ocrx_word' id='word_1_232' title='bbox 1291 1337 1371 1361; x_wconf 89' lang='lat' dir='ltr'>cum</span> <span class='ocrx_word' id='word_1_233' title='bbox 1397 1325 1441 1360; x_wconf 86' lang='lat' dir='ltr'>ad</span> <span class='ocrx_word' id='word_1_234' title='bbox 1467 1337 1530 1360; x_wconf 70' lang='lat' dir='ltr'>ros</span> <span class='ocrx_word' id='word_1_235' title='bbox 1556 1336 1685 1361; x_wconf 82' lang='lat' dir='ltr'>venero</span> <span class='ocrx_word' id='word_1_236' title='bbox 1712 1325 1899 1360; x_wconf 82' lang='lat' dir='ltr'>inveniam.</span> 
     </span>
    </p>

    <p class='ocr_par' dir='ltr' id='par_1_3' title="bbox 245 1384 2049 3177">
     <span class='ocr_line' id='line_1_21' title="bbox 382 1384 2044 1431; baseline -0.002 -9"><span class='ocrx_word' id='word_1_237' title='bbox 382 1388 469 1422; x_wconf 91' lang='lat' dir='ltr'>Post</span> <span class='ocrx_word' id='word_1_238' title='bbox 487 1387 668 1421; x_wconf 88' lang='lat' dir='ltr'>silentium</span> <span class='ocrx_word' id='word_1_239' title='bbox 685 1387 766 1431; x_wconf 87' lang='lat' dir='ltr'>plus</span> <span class='ocrx_word' id='word_1_240' title='bbox 785 1397 891 1431; x_wconf 87' lang='lat' dir='ltr'>quam</span> <span class='ocrx_word' id='word_1_241' title='bbox 917 1385 1085 1421; x_wconf 76' lang='lat' dir='ltr'>biennale</span> <span class='ocrx_word' id='word_1_242' title='bbox 1103 1385 1285 1430; x_wconf 82' lang='lat' dir='ltr'>Keplerus</span> <span class='ocrx_word' id='word_1_243' title='bbox 1310 1384 1560 1419; x_wconf 88' lang='lat' dir='ltr'>Maestlino</span> <span class='ocrx_word' id='word_1_244' title='bbox 1587 1385 1678 1419; x_wconf 88' lang='lat' dir='ltr'>haec</span> <span class='ocrx_word' id='word_1_245' title='bbox 1704 1384 1802 1419; x_wconf 86' lang='lat' dir='ltr'>dedit</span> <span class='ocrx_word' id='word_1_246' title='bbox 1830 1384 1862 1419; x_wconf 91' lang='lat' dir='ltr'>d.</span> <span class='ocrx_word' id='word_1_247' title='bbox 1884 1384 1919 1420; x_wconf 75' lang='lat'>5,</span> <span class='ocrx_word' id='word_1_248' title='bbox 1935 1384 2044 1429; x_wconf 82' lang='lat' dir='ltr'>Maji:</span> 
     </span>
     <span class='ocr_line' id='line_1_22' title="bbox 245 1441 2047 1492; baseline -0.002 -10"><span class='ocrx_word' id='word_1_249' title='bbox 245 1445 324 1482; x_wconf 92' lang='lat' dir='ltr'>Diu</span> <span class='ocrx_word' id='word_1_250' title='bbox 353 1444 433 1492; x_wconf 86' lang='lat' dir='ltr'>jam</span> <span class='ocrx_word' id='word_1_251' title='bbox 466 1444 685 1480; x_wconf 86' lang='lat' dir='ltr'>intermisso</span> <span class='ocrx_word' id='word_1_252' title='bbox 724 1444 822 1480; x_wconf 87' lang='lat' dir='ltr'>inter</span> <span class='ocrx_word' id='word_1_253' title='bbox 863 1455 933 1480; x_wconf 90' lang='lat' dir='ltr'>nos</span> <span class='ocrx_word' id='word_1_254' title='bbox 974 1442 1167 1481; x_wconf 87' lang='lat' dir='ltr'>scribendi</span> <span class='ocrx_word' id='word_1_255' title='bbox 1209 1442 1336 1479; x_wconf 84' lang='lat' dir='ltr'>officio</span> <span class='ocrx_word' id='word_1_256' title='bbox 1377 1453 1461 1480; x_wconf 89' lang='lat' dir='ltr'>sese</span> <span class='ocrx_word' id='word_1_257' title='bbox 1495 1441 1604 1479; x_wconf 86' lang='lat' dir='ltr'>offert</span> <span class='ocrx_word' id='word_1_258' title='bbox 1643 1441 1743 1478; x_wconf 90' lang='lat' dir='ltr'>lator</span> <span class='ocrx_word' id='word_1_259' title='bbox 1773 1443 2047 1490; x_wconf 87' lang='lat' dir='ltr'>praesentium,</span> 
     </span>
     <span class='ocr_line' id='line_1_23' title="bbox 246 1499 2048 1549; baseline -0.002 -9"><span class='ocrx_word' id='word_1_260' title='bbox 246 1503 302 1540; x_wconf 88' lang='lat' dir='ltr'>M.</span> <span class='ocrx_word' id='word_1_261' title='bbox 334 1501 409 1541; x_wconf 84' lang='lat' dir='ltr'>JO.</span> <span class='ocrx_word' id='word_1_262' title='bbox 441 1500 652 1538; x_wconf 86' lang='lat' dir='ltr'>Strauss</span> <span class='ocrx_word' id='word_1_263' title='bbox 685 1501 966 1547; x_wconf 89' lang='lat' dir='ltr'>Dantiscanus,</span> <span class='ocrx_word' id='word_1_264' title='bbox 1011 1502 1076 1549; x_wconf 86' lang='lat' dir='ltr'>qui</span> <span class='ocrx_word' id='word_1_265' title='bbox 1109 1499 1349 1548; x_wconf 81' lang='lat' dir='ltr'>aliquamdiu</span> <span class='ocrx_word' id='word_1_266' title='bbox 1380 1499 1570 1548; x_wconf 81' lang='lat' dir='ltr'>collegam</span> <span class='ocrx_word' id='word_1_267' title='bbox 1603 1501 1682 1547; x_wconf 86' lang='lat' dir='ltr'>egit</span> <span class='ocrx_word' id='word_1_268' title='bbox 1719 1500 1760 1536; x_wconf 87' lang='lat' dir='ltr'>iu</span> <span class='ocrx_word' id='word_1_269' title='bbox 1790 1499 1925 1537; x_wconf 87' lang='lat' dir='ltr'>schola</span> <span class='ocrx_word' id='word_1_270' title='bbox 1955 1511 2048 1549; x_wconf 86' lang='lat' dir='ltr'>pro-</span> 
     </span>
     <span class='ocr_line' id='line_1_24' title="bbox 249 1557 2046 1607; baseline -0.002 -9"><span class='ocrx_word' id='word_1_271' title='bbox 249 1559 425 1605; x_wconf 87' lang='lat' dir='ltr'>vinciali,</span> <span class='ocrx_word' id='word_1_272' title='bbox 465 1558 746 1596; x_wconf 88' lang='lat' dir='ltr'>mathematum</span> <span class='ocrx_word' id='word_1_273' title='bbox 787 1571 922 1596; x_wconf 84' lang='lat' dir='ltr'>amans</span> <span class='ocrx_word' id='word_1_274' title='bbox 955 1564 990 1596; x_wconf 90' lang='lat' dir='ltr'>et</span> <span class='ocrx_word' id='word_1_275' title='bbox 1024 1558 1162 1596; x_wconf 89' lang='lat' dir='ltr'>calculi</span> <span class='ocrx_word' id='word_1_276' title='bbox 1194 1560 1362 1607; x_wconf 87' lang='lat' dir='ltr'>peritus,</span> <span class='ocrx_word' id='word_1_277' title='bbox 1395 1559 1467 1595; x_wconf 86' lang='lat' dir='ltr'>etsi</span> <span class='ocrx_word' id='word_1_278' title='bbox 1499 1558 1684 1606; x_wconf 84' lang='lat' dir='ltr'>quamdiu</span> <span class='ocrx_word' id='word_1_279' title='bbox 1716 1557 1778 1594; x_wconf 92' lang='lat' dir='ltr'>hic</span> <span class='ocrx_word' id='word_1_280' title='bbox 1809 1557 1880 1594; x_wconf 82' lang='lat' dir='ltr'>fuit</span> <span class='ocrx_word' id='word_1_281' title='bbox 1911 1569 2046 1607; x_wconf 87' lang='lat' dir='ltr'>parum</span> 
     </span>
     <span class='ocr_line' id='line_1_25' title="bbox 247 1615 2048 1667; baseline -0.003 -10"><span class='ocrx_word' id='word_1_282' title='bbox 247 1631 307 1657; x_wconf 89' lang='lat' dir='ltr'>me</span> <span class='ocrx_word' id='word_1_283' title='bbox 335 1618 474 1667; x_wconf 88' lang='lat' dir='ltr'>juvare</span> <span class='ocrx_word' id='word_1_284' title='bbox 506 1619 633 1665; x_wconf 91' lang='lat' dir='ltr'>potuit</span> <span class='ocrx_word' id='word_1_285' title='bbox 665 1619 747 1662; x_wconf 84' lang='lat' dir='ltr'>(cfr.</span> <span class='ocrx_word' id='word_1_286' title='bbox 773 1619 842 1655; x_wconf 78' lang='lat' dir='ltr'>vol.</span> <span class='ocrx_word' id='word_1_287' title='bbox 873 1619 931 1653; x_wconf 66' lang='lat' dir='ltr'>VI.</span> <span class='ocrx_word' id='word_1_288' title='bbox 968 1631 999 1663; x_wconf 88' lang='lat' dir='ltr'>p.</span> <span class='ocrx_word' id='word_1_289' title='bbox 1030 1619 1104 1662; x_wconf 66' lang='lat'>111).</span> <span class='ocrx_word' id='word_1_290' title='bbox 1124 1646 1130 1652; x_wconf 95' lang='lat'>.</span> <span class='ocrx_word' id='word_1_291' title='bbox 1154 1645 1160 1651; x_wconf 94' lang='lat'>.</span> <span class='ocrx_word' id='word_1_292' title='bbox 1181 1645 1216 1653; x_wconf 91' lang='lat'>..</span> <span class='ocrx_word' id='word_1_293' title='bbox 1278 1616 1476 1665; x_wconf 86' lang='lat' dir='ltr'>Superiori</span> <span class='ocrx_word' id='word_1_294' title='bbox 1507 1627 1608 1652; x_wconf 90' lang='lat' dir='ltr'>anno</span> <span class='ocrx_word' id='word_1_295' title='bbox 1641 1615 1955 1653; x_wconf 84' lang='lat' dir='ltr'>Stereometriam</span> <span class='ocrx_word' id='word_1_296' title='bbox 1988 1617 2048 1663; x_wconf 87' lang='lat' dir='ltr'>egi</span> 
     </span>
     <span class='ocr_line' id='line_1_26' title="bbox 248 1674 2048 1724; baseline -0.003 -9"><span class='ocrx_word' id='word_1_297' title='bbox 248 1683 291 1715; x_wconf 93' lang='lat' dir='ltr'>ut</span> <span class='ocrx_word' id='word_1_298' title='bbox 321 1675 483 1713; x_wconf 82' lang='lat' dir='ltr'>materia</span> <span class='ocrx_word' id='word_1_299' title='bbox 514 1675 693 1723; x_wconf 88' lang='lat' dir='ltr'>populari</span> <span class='ocrx_word' id='word_1_300' title='bbox 725 1675 1025 1724; x_wconf 84' lang='lat' dir='ltr'>typographum,</span> <span class='ocrx_word' id='word_1_301' title='bbox 1061 1676 1124 1723; x_wconf 91' lang='lat' dir='ltr'>qui</span> <span class='ocrx_word' id='word_1_302' title='bbox 1159 1680 1238 1711; x_wconf 88' lang='lat' dir='ltr'>tum</span> <span class='ocrx_word' id='word_1_303' title='bbox 1270 1674 1345 1712; x_wconf 89' lang='lat' dir='ltr'>huc</span> <span class='ocrx_word' id='word_1_304' title='bbox 1378 1679 1548 1721; x_wconf 85' lang='lat' dir='ltr'>venerat,</span> <span class='ocrx_word' id='word_1_305' title='bbox 1577 1674 1768 1722; x_wconf 84' lang='lat' dir='ltr'>juvarem,</span> <span class='ocrx_word' id='word_1_306' title='bbox 1802 1686 1849 1711; x_wconf 89' lang='lat' dir='ltr'>ne</span> <span class='ocrx_word' id='word_1_307' title='bbox 1882 1685 1927 1711; x_wconf 91' lang='lat' dir='ltr'>ex</span> <span class='ocrx_word' id='word_1_308' title='bbox 1959 1675 2048 1711; x_wconf 87' lang='lat' dir='ltr'>aula</span> 
     </span>
     <span class='ocr_line' id='line_1_27' title="bbox 250 1732 2048 1782; baseline -0.003 -9"><span class='ocrx_word' id='word_1_309' title='bbox 250 1735 444 1773; x_wconf 86' lang='lat' dir='ltr'>Caesarea</span> <span class='ocrx_word' id='word_1_310' title='bbox 473 1734 717 1770; x_wconf 86' lang='lat' dir='ltr'>resisteretur</span> <span class='ocrx_word' id='word_1_311' title='bbox 748 1734 831 1782; x_wconf 88' lang='lat' dir='ltr'>ejus</span> <span class='ocrx_word' id='word_1_312' title='bbox 864 1734 937 1770; x_wconf 87' lang='lat' dir='ltr'>arti</span> <span class='ocrx_word' id='word_1_313' title='bbox 970 1732 1336 1770; x_wconf 77' lang='lat' dir='ltr'>liic-instituendae.</span> <span class='ocrx_word' id='word_1_314' title='bbox 1380 1732 1618 1781; x_wconf 80' lang='lat' dir='ltr'>Scripseram</span> <span class='ocrx_word' id='word_1_315' title='bbox 1650 1737 1738 1769; x_wconf 89' lang='lat' dir='ltr'>ante</span> <span class='ocrx_word' id='word_1_316' title='bbox 1771 1734 2048 1780; x_wconf 81' lang='lat' dir='ltr'>sesquiannum</span> 
     </span>
     <span class='ocr_line' id='line_1_28' title="bbox 251 1790 2046 1841; baseline -0.002 -11"><span class='ocrx_word' id='word_1_317' title='bbox 251 1792 299 1830; x_wconf 91' lang='lat' dir='ltr'>ad</span> <span class='ocrx_word' id='word_1_318' title='bbox 331 1803 400 1830; x_wconf 83' lang='lat' dir='ltr'>sex</span> <span class='ocrx_word' id='word_1_319' title='bbox 430 1792 594 1840; x_wconf 85' lang='lat' dir='ltr'>paginas</span> <span class='ocrx_word' id='word_1_320' title='bbox 627 1802 712 1828; x_wconf 87' lang='lat' dir='ltr'>cum</span> <span class='ocrx_word' id='word_1_321' title='bbox 745 1795 880 1841; x_wconf 82' lang='lat' dir='ltr'>typum</span> <span class='ocrx_word' id='word_1_322' title='bbox 923 1792 1070 1839; x_wconf 88' lang='lat' dir='ltr'>incepi,</span> <span class='ocrx_word' id='word_1_323' title='bbox 1112 1802 1243 1828; x_wconf 86' lang='lat' dir='ltr'>verum</span> <span class='ocrx_word' id='word_1_324' title='bbox 1286 1790 1384 1827; x_wconf 89' lang='lat' dir='ltr'>adeo</span> <span class='ocrx_word' id='word_1_325' title='bbox 1427 1791 1519 1827; x_wconf 88' lang='lat' dir='ltr'>mihi</span> <span class='ocrx_word' id='word_1_326' title='bbox 1552 1801 1628 1828; x_wconf 90' lang='lat' dir='ltr'>non</span> <span class='ocrx_word' id='word_1_327' title='bbox 1668 1791 1939 1828; x_wconf 81' lang='lat' dir='ltr'>satisfecerunt</span> <span class='ocrx_word' id='word_1_328' title='bbox 1969 1790 2046 1837; x_wconf 88' lang='lat' dir='ltr'>illa,</span> 
     </span>
     <span class='ocr_line' id='line_1_29' title="bbox 250 1848 2048 1898; baseline -0.002 -10"><span class='ocrx_word' id='word_1_329' title='bbox 250 1857 293 1888; x_wconf 91' lang='lat' dir='ltr'>ut</span> <span class='ocrx_word' id='word_1_330' title='bbox 322 1861 484 1895; x_wconf 88' lang='lat' dir='ltr'>novem,</span> <span class='ocrx_word' id='word_1_331' title='bbox 515 1848 612 1898; x_wconf 90' lang='lat' dir='ltr'>proh</span> <span class='ocrx_word' id='word_1_332' title='bbox 634 1848 753 1896; x_wconf 90' lang='lat' dir='ltr'>dolor,</span> <span class='ocrx_word' id='word_1_333' title='bbox 787 1852 957 1897; x_wconf 86' lang='lat' dir='ltr'>integros</span> <span class='ocrx_word' id='word_1_334' title='bbox 979 1860 1130 1886; x_wconf 90' lang='lat' dir='ltr'>menses</span> <span class='ocrx_word' id='word_1_335' title='bbox 1164 1849 1436 1886; x_wconf 88' lang='lat' dir='ltr'>consumserim</span> <span class='ocrx_word' id='word_1_336' title='bbox 1469 1848 1676 1896; x_wconf 84' lang='lat' dir='ltr'>augendis,</span> <span class='ocrx_word' id='word_1_337' title='bbox 1709 1850 1926 1897; x_wconf 86' lang='lat' dir='ltr'>germanice</span> <span class='ocrx_word' id='word_1_338' title='bbox 1959 1860 2048 1886; x_wconf 87' lang='lat' dir='ltr'>ver-</span> 
     </span>
     <span class='ocr_line' id='line_1_30' title="bbox 250 1906 2046 1956; baseline -0.002 -9"><span class='ocrx_word' id='word_1_339' title='bbox 250 1908 388 1954; x_wconf 86' lang='lat' dir='ltr'>tendis,</span> <span class='ocrx_word' id='word_1_340' title='bbox 413 1906 653 1945; x_wconf 87' lang='lat' dir='ltr'>emendando</span> <span class='ocrx_word' id='word_1_341' title='bbox 676 1911 782 1956; x_wconf 87' lang='lat' dir='ltr'>typo,</span> <span class='ocrx_word' id='word_1_342' title='bbox 807 1907 1047 1944; x_wconf 83' lang='lat' dir='ltr'>delineandis</span> <span class='ocrx_word' id='word_1_343' title='bbox 1069 1906 1228 1944; x_wconf 83' lang='lat' dir='ltr'>rudibus</span> <span class='ocrx_word' id='word_1_344' title='bbox 1251 1907 1398 1944; x_wconf 87' lang='lat' dir='ltr'>scilicet</span> <span class='ocrx_word' id='word_1_345' title='bbox 1420 1907 1694 1944; x_wconf 84' lang='lat' dir='ltr'>schematibus.</span> <span class='ocrx_word' id='word_1_346' title='bbox 1719 1928 1771 1934; x_wconf 82' lang='lat'><em>-</em></span> <span class='ocrx_word' id='word_1_347' title='bbox 1796 1907 1908 1944; x_wconf 89' lang='lat' dir='ltr'>Anno</span> <span class='ocrx_word' id='word_1_348' title='bbox 1925 1910 2046 1944; x_wconf 84' lang='lat'>1614.</span> 
     </span>
     <span class='ocr_line' id='line_1_31' title="bbox 252 1965 2045 2016; baseline -0.001 -12"><span class='ocrx_word' id='word_1_349' title='bbox 252 1978 321 2016; x_wconf 88' lang='lat' dir='ltr'>per</span> <span class='ocrx_word' id='word_1_350' title='bbox 353 1970 539 2004; x_wconf 83' lang='lat' dir='ltr'>aestatem</span> <span class='ocrx_word' id='word_1_351' title='bbox 581 1967 766 2002; x_wconf 86' lang='lat' dir='ltr'>successit</span> <span class='ocrx_word' id='word_1_352' title='bbox 806 1967 843 2002; x_wconf 90' lang='lat' dir='ltr'>in</span> <span class='ocrx_word' id='word_1_353' title='bbox 875 1965 1039 2002; x_wconf 86' lang='lat' dir='ltr'>Veneris</span> <span class='ocrx_word' id='word_1_354' title='bbox 1079 1965 1248 2010; x_wconf 82' lang='lat' dir='ltr'>theoria,</span> <span class='ocrx_word' id='word_1_355' title='bbox 1293 1976 1394 2002; x_wconf 88' lang='lat' dir='ltr'>anno</span> <span class='ocrx_word' id='word_1_356' title='bbox 1438 1969 1558 2003; x_wconf 75' lang='lat'>1615.</span> <span class='ocrx_word' id='word_1_357' title='bbox 1598 1965 1723 2002; x_wconf 88' lang='lat' dir='ltr'>hieme</span> <span class='ocrx_word' id='word_1_358' title='bbox 1763 1966 1799 2001; x_wconf 91' lang='lat' dir='ltr'>in</span> <span class='ocrx_word' id='word_1_359' title='bbox 1832 1965 2045 2013; x_wconf 73' lang='lat' dir='ltr'>Mercurio,</span> 
     </span>
     <span class='ocr_line' id='line_1_32' title="bbox 253 2018 2047 2074; baseline 0 -14"><span class='ocrx_word' id='word_1_360' title='bbox 253 2024 350 2074; x_wconf 84' lang='lat' dir='ltr'>nihil</span> <span class='ocrx_word' id='word_1_361' title='bbox 381 2024 526 2061; x_wconf 90' lang='lat' dir='ltr'>habent</span> <span class='ocrx_word' id='word_1_362' title='bbox 567 2034 658 2072; x_wconf 88' lang='lat' dir='ltr'>prae</span> <span class='ocrx_word' id='word_1_363' title='bbox 680 2018 725 2072; x_wconf 67' lang='lat' dir='ltr'>f),</span> <span class='ocrx_word' id='word_1_364' title='bbox 755 2019 800 2074; x_wconf 65' lang='grc' dir='ltr'>Ἡ,</span> <span class='ocrx_word' id='word_1_365' title='bbox 834 2029 863 2067; x_wconf 63' lang='grc' dir='ltr'>(ς</span> <span class='ocrx_word' id='word_1_366' title='bbox 893 2022 1100 2072; x_wconf 82' lang='lat' dir='ltr'>peculiare.</span> <span class='ocrx_word' id='word_1_367' title='bbox 1164 2021 1304 2060; x_wconf 89' lang='lat' dir='ltr'>Omnia</span> <span class='ocrx_word' id='word_1_368' title='bbox 1342 2023 1464 2060; x_wconf 78' lang='lat' dir='ltr'>efficio</span> <span class='ocrx_word' id='word_1_369' title='bbox 1506 2023 1596 2061; x_wconf 90' lang='lat' dir='ltr'>orbe</span> <span class='ocrx_word' id='word_1_370' title='bbox 1640 2034 1780 2071; x_wconf 85' lang='lat' dir='ltr'>magno</span> <span class='ocrx_word' id='word_1_371' title='bbox 1812 2022 1978 2060; x_wconf 85' lang='lat' dir='ltr'>Telluris</span> <span class='ocrx_word' id='word_1_372' title='bbox 2011 2029 2047 2060; x_wconf 89' lang='lat' dir='ltr'>et</span> 
     </span>
     <span class='ocr_line' id='line_1_33' title="bbox 256 2080 2047 2131; baseline -0.001 -11"><span class='ocrx_word' id='word_1_373' title='bbox 256 2081 419 2131; x_wconf 88' lang='lat' dir='ltr'>simplici</span> <span class='ocrx_word' id='word_1_374' title='bbox 452 2082 676 2128; x_wconf 86' lang='lat' dir='ltr'>eccentrico,</span> <span class='ocrx_word' id='word_1_375' title='bbox 710 2081 864 2129; x_wconf 86' lang='lat' dir='ltr'>qualem</span> <span class='ocrx_word' id='word_1_376' title='bbox 886 2081 1012 2118; x_wconf 85' lang='lat' dir='ltr'>habeo</span> <span class='ocrx_word' id='word_1_377' title='bbox 1045 2083 1081 2117; x_wconf 91' lang='lat' dir='ltr'>in</span> <span class='ocrx_word' id='word_1_378' title='bbox 1107 2080 1245 2121; x_wconf 81' lang='lat' dir='ltr'>Marte.</span> <span class='ocrx_word' id='word_1_379' title='bbox 1288 2080 1445 2118; x_wconf 88' lang='lat' dir='ltr'>Adorno</span> <span class='ocrx_word' id='word_1_380' title='bbox 1467 2092 1567 2118; x_wconf 91' lang='lat' dir='ltr'>nunc</span> <span class='ocrx_word' id='word_1_381' title='bbox 1590 2082 1852 2130; x_wconf 83' lang='lat' dir='ltr'>Epitomes</span> <span class='ocrx_word' id='word_1_382' title='bbox 1875 2081 2047 2118; x_wconf 91' lang='lat' dir='ltr'>Astro-</span> 
     </span>
     <span class='ocr_line' id='line_1_34' title="bbox 256 2138 2047 2187; baseline -0.001 -11"><span class='ocrx_word' id='word_1_383' title='bbox 256 2141 457 2178; x_wconf 81' lang='lat' dir='ltr'>nomiae</span> <span class='ocrx_word' id='word_1_384' title='bbox 489 2138 869 2187; x_wconf 86' lang='lat' dir='ltr'>Copernicanae</span> <span class='ocrx_word' id='word_1_385' title='bbox 903 2139 1124 2186; x_wconf 86' lang='lat' dir='ltr'>editionem,</span> <span class='ocrx_word' id='word_1_386' title='bbox 1157 2139 1225 2176; x_wconf 85' lang='lat' dir='ltr'>sed</span> <span class='ocrx_word' id='word_1_387' title='bbox 1257 2138 1346 2176; x_wconf 88' lang='lat' dir='ltr'>dum</span> <span class='ocrx_word' id='word_1_388' title='bbox 1370 2139 1416 2177; x_wconf 85' lang='lat' dir='ltr'>ad</span> <span class='ocrx_word' id='word_1_389' title='bbox 1443 2139 1591 2176; x_wconf 85' lang='lat' dir='ltr'>Lunam</span> <span class='ocrx_word' id='word_1_390' title='bbox 1617 2140 1739 2185; x_wconf 79' lang='lat' dir='ltr'>venio,</span> <span class='ocrx_word' id='word_1_391' title='bbox 1773 2138 1860 2187; x_wconf 91' lang='lat' dir='ltr'>plus</span> <span class='ocrx_word' id='word_1_392' title='bbox 1890 2139 2047 2176; x_wconf 88' lang='lat' dir='ltr'>invenio</span> 
     </span>
     <span class='ocr_line' id='line_1_35' title="bbox 257 2197 2049 2247; baseline -0.001 -12"><span class='ocrx_word' id='word_1_393' title='bbox 257 2198 433 2235; x_wconf 90' lang='lat' dir='ltr'>laborum</span> <span class='ocrx_word' id='word_1_394' title='bbox 466 2209 582 2246; x_wconf 91' lang='lat' dir='ltr'>quam</span> <span class='ocrx_word' id='word_1_395' title='bbox 614 2208 805 2245; x_wconf 87' lang='lat' dir='ltr'>unquam,</span> <span class='ocrx_word' id='word_1_396' title='bbox 849 2209 934 2234; x_wconf 90' lang='lat' dir='ltr'>cum</span> <span class='ocrx_word' id='word_1_397' title='bbox 967 2203 1095 2234; x_wconf 88' lang='lat' dir='ltr'>tamen</span> <span class='ocrx_word' id='word_1_398' title='bbox 1127 2199 1330 2246; x_wconf 87' lang='lat' dir='ltr'>potissima</span> <span class='ocrx_word' id='word_1_399' title='bbox 1360 2209 1383 2235; x_wconf 89' lang='lat' dir='ltr'>a</span> <span class='ocrx_word' id='word_1_400' title='bbox 1414 2197 1600 2247; x_wconf 82' lang='lat' dir='ltr'>Tychone</span> <span class='ocrx_word' id='word_1_401' title='bbox 1632 2197 1785 2234; x_wconf 86' lang='lat' dir='ltr'>Braheo</span> <span class='ocrx_word' id='word_1_402' title='bbox 1823 2198 1899 2234; x_wconf 89' lang='lat' dir='ltr'>sint</span> <span class='ocrx_word' id='word_1_403' title='bbox 1930 2197 2049 2235; x_wconf 88' lang='lat' dir='ltr'>abso-</span> 
     </span>
     <span class='ocr_line' id='line_1_36' title="bbox 256 2254 2047 2304; baseline -0.001 -11"><span class='ocrx_word' id='word_1_404' title='bbox 256 2256 353 2295; x_wconf 85' lang='lat' dir='ltr'>luta.</span> <span class='ocrx_word' id='word_1_405' title='bbox 414 2254 487 2292; x_wconf 88' lang='lat' dir='ltr'>Illa</span> <span class='ocrx_word' id='word_1_406' title='bbox 518 2254 621 2292; x_wconf 88' lang='lat' dir='ltr'>levia</span> <span class='ocrx_word' id='word_1_407' title='bbox 652 2260 763 2302; x_wconf 88' lang='lat' dir='ltr'>sunt,</span> <span class='ocrx_word' id='word_1_408' title='bbox 809 2255 911 2304; x_wconf 90' lang='lat' dir='ltr'>quod</span> <span class='ocrx_word' id='word_1_409' title='bbox 955 2255 1132 2292; x_wconf 86' lang='lat' dir='ltr'>diametri</span> <span class='ocrx_word' id='word_1_410' title='bbox 1172 2255 1358 2292; x_wconf 88' lang='lat' dir='ltr'>luminum</span> <span class='ocrx_word' id='word_1_411' title='bbox 1399 2260 1436 2292; x_wconf 89' lang='lat' dir='ltr'>et</span> <span class='ocrx_word' id='word_1_412' title='bbox 1466 2256 1625 2293; x_wconf 85' lang='lat' dir='ltr'>umbrae</span> <span class='ocrx_word' id='word_1_413' title='bbox 1663 2255 1766 2303; x_wconf 89' lang='lat' dir='ltr'>apud</span> <span class='ocrx_word' id='word_1_414' title='bbox 1807 2256 1934 2304; x_wconf 87' lang='lat' dir='ltr'>ipsum</span> <span class='ocrx_word' id='word_1_415' title='bbox 1971 2266 2047 2292; x_wconf 91' lang='lat' dir='ltr'>non</span> 
     </span>
     <span class='ocr_line' id='line_1_37' title="bbox 258 2312 2048 2362; baseline -0.001 -11"><span class='ocrx_word' id='word_1_416' title='bbox 258 2312 566 2361; x_wconf 84' lang='lat' dir='ltr'>correspondent,</span> <span class='ocrx_word' id='word_1_417' title='bbox 600 2313 723 2361; x_wconf 86' lang='lat' dir='ltr'>major</span> <span class='ocrx_word' id='word_1_418' title='bbox 745 2318 801 2350; x_wconf 88' lang='lat' dir='ltr'>est</span> <span class='ocrx_word' id='word_1_419' title='bbox 824 2324 914 2350; x_wconf 87' lang='lat' dir='ltr'>cura</span> <span class='ocrx_word' id='word_1_420' title='bbox 935 2314 1179 2361; x_wconf 87' lang='lat' dir='ltr'>aequationis</span> <span class='ocrx_word' id='word_1_421' title='bbox 1201 2314 1384 2362; x_wconf 80' lang='lat' dir='ltr'>temporis</span> <span class='ocrx_word' id='word_1_422' title='bbox 1413 2319 1449 2351; x_wconf 87' lang='lat' dir='ltr'>et</span> <span class='ocrx_word' id='word_1_423' title='bbox 1472 2313 1574 2350; x_wconf 89' lang='lat' dir='ltr'>illius</span> <span class='ocrx_word' id='word_1_424' title='bbox 1596 2313 1898 2362; x_wconf 83' lang='lat' dir='ltr'>inaequalitatis.</span> <span class='ocrx_word' id='word_1_425' title='bbox 1932 2325 2048 2362; x_wconf 85' lang='lat' dir='ltr'>quam</span> 
     </span>
     <span class='ocr_line' id='line_1_38' title="bbox 266 2370 2049 2422; baseline -0.001 -13"><span class='ocrx_word' id='word_1_426' title='bbox 266 2372 545 2410; x_wconf 76' lang='lat' dir='ltr'>Variationem</span> <span class='ocrx_word' id='word_1_427' title='bbox 579 2370 685 2408; x_wconf 82' lang='lat' dir='ltr'>dixit.</span> <span class='ocrx_word' id='word_1_428' title='bbox 745 2370 844 2408; x_wconf 88' lang='lat' dir='ltr'>Nam</span> <span class='ocrx_word' id='word_1_429' title='bbox 877 2383 953 2419; x_wconf 91' lang='lat' dir='ltr'>quo</span> <span class='ocrx_word' id='word_1_430' title='bbox 986 2371 1114 2419; x_wconf 89' lang='lat' dir='ltr'>plures</span> <span class='ocrx_word' id='word_1_431' title='bbox 1146 2371 1229 2419; x_wconf 90' lang='lat' dir='ltr'>ejus</span> <span class='ocrx_word' id='word_1_432' title='bbox 1262 2372 1440 2409; x_wconf 86' lang='lat' dir='ltr'>examino</span> <span class='ocrx_word' id='word_1_433' title='bbox 1473 2372 1788 2422; x_wconf 78' lang='lat' dir='ltr'>observationes,</span> <span class='ocrx_word' id='word_1_434' title='bbox 1819 2371 1892 2409; x_wconf 92' lang='lat' dir='ltr'>hoc</span> <span class='ocrx_word' id='word_1_435' title='bbox 1923 2373 2049 2408; x_wconf 89' lang='lat' dir='ltr'>minus</span> 
     </span>
     <span class='ocr_line' id='line_1_39' title="bbox 257 2427 2047 2479; baseline -0.002 -11"><span class='ocrx_word' id='word_1_436' title='bbox 257 2429 482 2479; x_wconf 88' lang='lat' dir='ltr'>Tychonica</span> <span class='ocrx_word' id='word_1_437' title='bbox 514 2427 689 2465; x_wconf 86' lang='lat' dir='ltr'>Variatio</span> <span class='ocrx_word' id='word_1_438' title='bbox 721 2428 929 2477; x_wconf 86' lang='lat' dir='ltr'>respondet</span> <span class='ocrx_word' id='word_1_439' title='bbox 959 2430 1192 2474; x_wconf 88' lang='lat' dir='ltr'>observatis,</span> <span class='ocrx_word' id='word_1_440' title='bbox 1236 2429 1335 2467; x_wconf 86' lang='lat' dir='ltr'>adeo</span> <span class='ocrx_word' id='word_1_441' title='bbox 1375 2434 1417 2466; x_wconf 86' lang='lat' dir='ltr'>ut</span> <span class='ocrx_word' id='word_1_442' title='bbox 1449 2429 1497 2466; x_wconf 89' lang='lat' dir='ltr'>ad</span> <span class='ocrx_word' id='word_1_443' title='bbox 1532 2430 1712 2468; x_wconf 77' lang='lat'>12-—15‘</span> <span class='ocrx_word' id='word_1_444' title='bbox 1747 2429 1943 2469; x_wconf 55' lang='lat' dir='ltr'>dissideat,</span> <span class='ocrx_word' id='word_1_445' title='bbox 2004 2429 2047 2466; x_wconf 92' lang='lat' dir='ltr'>In</span> 
     </span>
     <span class='ocr_line' id='line_1_40' title="bbox 257 2484 2048 2537; baseline -0.001 -11"><span class='ocrx_word' id='word_1_446' title='bbox 257 2488 318 2526; x_wconf 88' lang='lat' dir='ltr'>his</span> <span class='ocrx_word' id='word_1_447' title='bbox 349 2486 476 2524; x_wconf 86' lang='lat' dir='ltr'>adhuc</span> <span class='ocrx_word' id='word_1_448' title='bbox 508 2485 659 2523; x_wconf 86' lang='lat' dir='ltr'>haereO.</span> <span class='ocrx_word' id='word_1_449' title='bbox 701 2485 744 2522; x_wconf 90' lang='lat' dir='ltr'>In</span> <span class='ocrx_word' id='word_1_450' title='bbox 779 2488 914 2524; x_wconf 91' lang='lat' dir='ltr'>ceteris</span> <span class='ocrx_word' id='word_1_451' title='bbox 945 2487 1000 2524; x_wconf 90' lang='lat' dir='ltr'>sic</span> <span class='ocrx_word' id='word_1_452' title='bbox 1031 2498 1071 2524; x_wconf 91' lang='lat' dir='ltr'>se</span> <span class='ocrx_word' id='word_1_453' title='bbox 1104 2499 1162 2525; x_wconf 88' lang='lat' dir='ltr'>res</span> <span class='ocrx_word' id='word_1_454' title='bbox 1195 2487 1332 2525; x_wconf 89' lang='lat' dir='ltr'>habet:</span> <span class='ocrx_word' id='word_1_455' title='bbox 1365 2484 1478 2524; x_wconf 84' lang='lat' dir='ltr'>Luna</span> <span class='ocrx_word' id='word_1_456' title='bbox 1510 2492 1568 2525; x_wconf 89' lang='lat' dir='ltr'>est</span> <span class='ocrx_word' id='word_1_457' title='bbox 1600 2489 1712 2537; x_wconf 89' lang='lat' dir='ltr'>quasi</span> <span class='ocrx_word' id='word_1_458' title='bbox 1734 2487 1875 2536; x_wconf 84' lang='lat' dir='ltr'>duplex</span> <span class='ocrx_word' id='word_1_459' title='bbox 1909 2498 2048 2536; x_wconf 88' lang='lat' dir='ltr'>corpus</span> 
     </span>
     <span class='ocr_line' id='line_1_41' title="bbox 257 2543 2047 2594; baseline -0.001 -11"><span class='ocrx_word' id='word_1_460' title='bbox 257 2545 453 2593; x_wconf 87' lang='lat' dir='ltr'>habetque</span> <span class='ocrx_word' id='word_1_461' title='bbox 484 2543 676 2592; x_wconf 85' lang='lat' dir='ltr'>duplicem</span> <span class='ocrx_word' id='word_1_462' title='bbox 706 2543 894 2581; x_wconf 86' lang='lat' dir='ltr'>theoriam</span> <span class='ocrx_word' id='word_1_463' title='bbox 926 2544 1138 2594; x_wconf 85' lang='lat' dir='ltr'>physicam.</span> <span class='ocrx_word' id='word_1_464' title='bbox 1202 2545 1299 2582; x_wconf 88' lang='lat' dir='ltr'>Nam</span> <span class='ocrx_word' id='word_1_465' title='bbox 1330 2547 1368 2582; x_wconf 90' lang='lat' dir='ltr'>in</span> <span class='ocrx_word' id='word_1_466' title='bbox 1402 2551 1587 2594; x_wconf 87' lang='lat' dir='ltr'>quantum</span> <span class='ocrx_word' id='word_1_467' title='bbox 1628 2552 1686 2584; x_wconf 89' lang='lat' dir='ltr'>est</span> <span class='ocrx_word' id='word_1_468' title='bbox 1717 2545 1857 2594; x_wconf 85' lang='lat' dir='ltr'>globus</span> <span class='ocrx_word' id='word_1_469' title='bbox 1888 2546 2047 2593; x_wconf 86' lang='lat' dir='ltr'>integer,</span> 
     </span>
     <span class='ocr_line' id='line_1_42' title="bbox 257 2601 2047 2652; baseline -0.001 -10"><span class='ocrx_word' id='word_1_470' title='bbox 257 2604 377 2642; x_wconf 83' lang='lat' dir='ltr'>habet</span> <span class='ocrx_word' id='word_1_471' title='bbox 397 2614 468 2639; x_wconf 91' lang='lat' dir='ltr'>sua</span> <span class='ocrx_word' id='word_1_472' title='bbox 490 2601 686 2639; x_wconf 88' lang='lat' dir='ltr'>filamenta</span> <span class='ocrx_word' id='word_1_473' title='bbox 706 2604 934 2650; x_wconf 84' lang='lat' dir='ltr'>magnetica,</span> <span class='ocrx_word' id='word_1_474' title='bbox 961 2603 1099 2650; x_wconf 91' lang='lat' dir='ltr'>quibus</span> <span class='ocrx_word' id='word_1_475' title='bbox 1123 2602 1284 2641; x_wconf 84' lang='lat' dir='ltr'>efficitur</span> <span class='ocrx_word' id='word_1_476' title='bbox 1306 2603 1388 2652; x_wconf 90' lang='lat' dir='ltr'>ejus</span> <span class='ocrx_word' id='word_1_477' title='bbox 1411 2610 1538 2641; x_wconf 89' lang='lat' dir='ltr'>motus</span> <span class='ocrx_word' id='word_1_478' title='bbox 1568 2606 1803 2642; x_wconf 88' lang='lat' dir='ltr'>eccentricus</span> <span class='ocrx_word' id='word_1_479' title='bbox 1825 2603 2010 2641; x_wconf 81' lang='lat' dir='ltr'>aTerra..</span> <span class='ocrx_word' id='word_1_480' title='bbox 2025 2631 2047 2649; x_wconf 91' lang='lat'>.‚</span> 
     </span>
     <span class='ocr_line' id='line_1_43' title="bbox 258 2659 2049 2709; baseline -0.001 -10"><span class='ocrx_word' id='word_1_481' title='bbox 258 2664 295 2699; x_wconf 90' lang='lat' dir='ltr'>in</span> <span class='ocrx_word' id='word_1_482' title='bbox 328 2665 514 2709; x_wconf 88' lang='lat' dir='ltr'>quantum</span> <span class='ocrx_word' id='word_1_483' title='bbox 556 2670 647 2698; x_wconf 79' lang='lat' dir='ltr'>vero</span> <span class='ocrx_word' id='word_1_484' title='bbox 680 2659 792 2697; x_wconf 89' lang='lat' dir='ltr'>Luna</span> <span class='ocrx_word' id='word_1_485' title='bbox 830 2672 876 2698; x_wconf 85' lang='lat' dir='ltr'>ex</span> <span class='ocrx_word' id='word_1_486' title='bbox 909 2660 1066 2698; x_wconf 90' lang='lat' dir='ltr'>dimidio</span> <span class='ocrx_word' id='word_1_487' title='bbox 1109 2666 1165 2698; x_wconf 90' lang='lat' dir='ltr'>est</span> <span class='ocrx_word' id='word_1_488' title='bbox 1206 2662 1443 2708; x_wconf 87' lang='lat' dir='ltr'>illuminata,</span> <span class='ocrx_word' id='word_1_489' title='bbox 1484 2667 1527 2699; x_wconf 88' lang='lat' dir='ltr'>ut</span> <span class='ocrx_word' id='word_1_490' title='bbox 1569 2667 1607 2700; x_wconf 85' lang='lat' dir='ltr'>et</span> <span class='ocrx_word' id='word_1_491' title='bbox 1637 2662 1774 2708; x_wconf 88' lang='lat' dir='ltr'>Terra,</span> <span class='ocrx_word' id='word_1_492' title='bbox 1815 2662 2049 2699; x_wconf 88' lang='lat' dir='ltr'>nanciscitur</span> 
     </span>
     <span class='ocr_line' id='line_1_44' title="bbox 258 2717 2047 2766; baseline -0.002 -10"><span class='ocrx_word' id='word_1_493' title='bbox 258 2721 440 2757; x_wconf 85' lang='lat' dir='ltr'>virtutem</span> <span class='ocrx_word' id='word_1_494' title='bbox 471 2717 588 2756; x_wconf 88' lang='lat' dir='ltr'>aliam</span> <span class='ocrx_word' id='word_1_495' title='bbox 627 2722 915 2766; x_wconf 86' lang='lat' dir='ltr'>temporaneam</span> <span class='ocrx_word' id='word_1_496' title='bbox 947 2723 1018 2756; x_wconf 88' lang='lat' dir='ltr'>etc.</span> <span class='ocrx_word' id='word_1_497' title='bbox 1079 2721 1146 2755; x_wconf 88' lang='lat' dir='ltr'>Die</span> <span class='ocrx_word' id='word_1_498' title='bbox 1165 2722 1196 2756; x_wconf 74' lang='grc' dir='ltr'>ἵ).</span> <span class='ocrx_word' id='word_1_499' title='bbox 1216 2721 1315 2766; x_wconf 86' lang='lat' dir='ltr'>Sept.</span> <span class='ocrx_word' id='word_1_500' title='bbox 1340 2722 1520 2765; x_wconf 85' lang='lat' dir='ltr'>prioribus</span> <span class='ocrx_word' id='word_1_501' title='bbox 1538 2722 1625 2756; x_wconf 87' lang='lat' dir='ltr'>haec</span> <span class='ocrx_word' id='word_1_502' title='bbox 1651 2721 1751 2757; x_wconf 84' lang='lat' dir='ltr'>addit</span> <span class='ocrx_word' id='word_1_503' title='bbox 1767 2722 1963 2766; x_wconf 86' lang='lat' dir='ltr'>Keplerus:</span> <span class='ocrx_word' id='word_1_504' title='bbox 1985 2748 1990 2755; x_wconf 93' lang='lat'><em>.</em></span> <span class='ocrx_word' id='word_1_505' title='bbox 2011 2747 2018 2754; x_wconf 93' lang='lat'><em>.</em></span> <span class='ocrx_word' id='word_1_506' title='bbox 2043 2749 2047 2753; x_wconf 92' lang='lat'>.</span> 
     </span>
     <span class='ocr_line' id='line_1_45' title="bbox 261 2776 2049 2826; baseline 0 -12"><span class='ocrx_word' id='word_1_507' title='bbox 261 2777 395 2814; x_wconf 90' lang='lat' dir='ltr'>Lunae</span> <span class='ocrx_word' id='word_1_508' title='bbox 426 2777 637 2814; x_wconf 88' lang='lat' dir='ltr'>varietates</span> <span class='ocrx_word' id='word_1_509' title='bbox 672 2787 804 2814; x_wconf 87' lang='lat' dir='ltr'>omnes</span> <span class='ocrx_word' id='word_1_510' title='bbox 837 2776 885 2814; x_wconf 88' lang='lat' dir='ltr'>ad</span> <span class='ocrx_word' id='word_1_511' title='bbox 919 2788 1056 2814; x_wconf 85' lang='lat' dir='ltr'>causas</span> <span class='ocrx_word' id='word_1_512' title='bbox 1078 2776 1260 2826; x_wconf 79' lang='lat' dir='ltr'>physicas</span> <span class='ocrx_word' id='word_1_513' title='bbox 1283 2777 1457 2826; x_wconf 70' lang='lat' dir='ltr'>traduxi,</span> <span class='ocrx_word' id='word_1_514' title='bbox 1490 2783 1532 2815; x_wconf 91' lang='lat' dir='ltr'>ut</span> <span class='ocrx_word' id='word_1_515' title='bbox 1563 2779 1680 2826; x_wconf 87' lang='lat' dir='ltr'>igitur</span> <span class='ocrx_word' id='word_1_516' title='bbox 1711 2782 1834 2815; x_wconf 87' lang='lat' dir='ltr'>certus</span> <span class='ocrx_word' id='word_1_517' title='bbox 1857 2788 1980 2814; x_wconf 89' lang='lat' dir='ltr'>essem</span> <span class='ocrx_word' id='word_1_518' title='bbox 2002 2776 2049 2814; x_wconf 86' lang='lat' dir='ltr'>de</span> 
     </span>
     <span class='ocr_line' id='line_1_46' title="bbox 261 2833 2047 2885; baseline -0.001 -12"><span class='ocrx_word' id='word_1_519' title='bbox 261 2846 451 2873; x_wconf 90' lang='lat' dir='ltr'>consensu</span> <span class='ocrx_word' id='word_1_520' title='bbox 483 2845 568 2872; x_wconf 89' lang='lat' dir='ltr'>cum</span> <span class='ocrx_word' id='word_1_521' title='bbox 591 2833 775 2884; x_wconf 88' lang='lat' dir='ltr'>Tychone</span> <span class='ocrx_word' id='word_1_522' title='bbox 806 2835 844 2871; x_wconf 89' lang='lat' dir='ltr'>in</span> <span class='ocrx_word' id='word_1_523' title='bbox 876 2835 1024 2882; x_wconf 87' lang='lat' dir='ltr'>effectu,</span> <span class='ocrx_word' id='word_1_524' title='bbox 1058 2835 1259 2872; x_wconf 87' lang='lat' dir='ltr'>scribenda</span> <span class='ocrx_word' id='word_1_525' title='bbox 1278 2835 1350 2873; x_wconf 87' lang='lat' dir='ltr'>fuit</span> <span class='ocrx_word' id='word_1_526' title='bbox 1371 2836 1605 2885; x_wconf 87' lang='lat' dir='ltr'>Ephemeris,</span> <span class='ocrx_word' id='word_1_527' title='bbox 1640 2834 1707 2873; x_wconf 92' lang='lat' dir='ltr'>sed</span> <span class='ocrx_word' id='word_1_528' title='bbox 1736 2835 1815 2882; x_wconf 87' lang='lat' dir='ltr'>illa,</span> <span class='ocrx_word' id='word_1_529' title='bbox 1847 2834 2047 2881; x_wconf 87' lang='lat' dir='ltr'>Hercules,</span> 
     </span>
     <span class='ocr_line' id='line_1_47' title="bbox 259 2892 2048 2943; baseline -0.001 -13"><span class='ocrx_word' id='word_1_530' title='bbox 259 2895 340 2930; x_wconf 90' lang='lat' dir='ltr'>sine</span> <span class='ocrx_word' id='word_1_531' title='bbox 370 2892 650 2930; x_wconf 86' lang='lat' dir='ltr'>sufficientibus</span> <span class='ocrx_word' id='word_1_532' title='bbox 681 2892 844 2940; x_wconf 88' lang='lat' dir='ltr'>tabulis,</span> <span class='ocrx_word' id='word_1_533' title='bbox 887 2894 969 2930; x_wconf 86' lang='lat' dir='ltr'>sine</span> <span class='ocrx_word' id='word_1_534' title='bbox 1002 2892 1222 2931; x_wconf 87' lang='lat' dir='ltr'>diductione</span> <span class='ocrx_word' id='word_1_535' title='bbox 1253 2905 1322 2930; x_wconf 91' lang='lat' dir='ltr'>seu</span> <span class='ocrx_word' id='word_1_536' title='bbox 1354 2896 1599 2943; x_wconf 86' lang='lat' dir='ltr'>expansione.</span> <span class='ocrx_word' id='word_1_537' title='bbox 1661 2892 1693 2930; x_wconf 92' lang='grc' dir='ltr'>Ο</span> <span class='ocrx_word' id='word_1_538' title='bbox 1725 2893 1857 2930; x_wconf 88' lang='lat' dir='ltr'>duram</span> <span class='ocrx_word' id='word_1_539' title='bbox 1888 2893 2048 2940; x_wconf 81' lang='lat' dir='ltr'>provin-</span> 
     </span>
     <span class='ocr_line' id='line_1_48' title="bbox 261 2949 2049 3001; baseline 0.001 -14"><span class='ocrx_word' id='word_1_540' title='bbox 261 2950 383 2988; x_wconf 81' lang='lat' dir='ltr'>ciam!</span> <span class='ocrx_word' id='word_1_541' title='bbox 445 2949 609 2987; x_wconf 86' lang='lat' dir='ltr'>Absolvi</span> <span class='ocrx_word' id='word_1_542' title='bbox 641 2950 802 2998; x_wconf 88' lang='lat' dir='ltr'>Lunam,</span> <span class='ocrx_word' id='word_1_543' title='bbox 835 2955 982 2988; x_wconf 87' lang='lat' dir='ltr'>restant</span> <span class='ocrx_word' id='word_1_544' title='bbox 1015 2952 1184 3000; x_wconf 90' lang='lat' dir='ltr'>quinque</span> <span class='ocrx_word' id='word_1_545' title='bbox 1215 2950 1407 3001; x_wconf 88' lang='lat' dir='ltr'>planetae.</span> <span class='ocrx_word' id='word_1_546' title='bbox 1449 2952 1585 2989; x_wconf 88' lang='lat' dir='ltr'>Martis</span> <span class='ocrx_word' id='word_1_547' title='bbox 1617 2950 1769 3000; x_wconf 89' lang='lat' dir='ltr'>quidem</span> <span class='ocrx_word' id='word_1_548' title='bbox 1801 2956 1927 2987; x_wconf 90' lang='lat' dir='ltr'>motus</span> <span class='ocrx_word' id='word_1_549' title='bbox 1949 2951 2049 2988; x_wconf 83' lang='lat' dir='ltr'>intra</span> 
     </span>
     <span class='ocr_line' id='line_1_49' title="bbox 262 3007 2047 3059; baseline -0.001 -14"><span class='ocrx_word' id='word_1_550' title='bbox 262 3011 284 3045; x_wconf 89' lang='grc'>8</span> <span class='ocrx_word' id='word_1_551' title='bbox 316 3007 445 3053; x_wconf 83' lang='lat' dir='ltr'>horas,</span> <span class='ocrx_word' id='word_1_552' title='bbox 477 3009 510 3045; x_wconf 89' lang='lat' dir='ltr'>si</span> <span class='ocrx_word' id='word_1_553' title='bbox 541 3009 710 3054; x_wconf 85' lang='lat' dir='ltr'>annitar,</span> <span class='ocrx_word' id='word_1_554' title='bbox 742 3019 900 3057; x_wconf 88' lang='lat' dir='ltr'>possum</span> <span class='ocrx_word' id='word_1_555' title='bbox 934 3009 1139 3057; x_wconf 88' lang='lat' dir='ltr'>conficere,</span> <span class='ocrx_word' id='word_1_556' title='bbox 1173 3008 1363 3047; x_wconf 86' lang='lat' dir='ltr'>Saturnus</span> <span class='ocrx_word' id='word_1_557' title='bbox 1395 3015 1433 3048; x_wconf 91' lang='lat' dir='ltr'>et</span> <span class='ocrx_word' id='word_1_558' title='bbox 1463 3010 1619 3059; x_wconf 84' lang='lat' dir='ltr'>Jupiter</span> <span class='ocrx_word' id='word_1_559' title='bbox 1648 3020 1810 3058; x_wconf 88' lang='lat' dir='ltr'>parvum</span> <span class='ocrx_word' id='word_1_560' title='bbox 1842 3010 2047 3046; x_wconf 81' lang='lat' dir='ltr'>eccentrici</span> 
     </span>
     <span class='ocr_line' id='line_1_50' title="bbox 261 3066 2046 3117; baseline 0.002 -16"><span class='ocrx_word' id='word_1_561' title='bbox 261 3076 389 3102; x_wconf 89' lang='lat' dir='ltr'>arcum</span> <span class='ocrx_word' id='word_1_562' title='bbox 420 3076 496 3103; x_wconf 91' lang='lat' dir='ltr'>uno</span> <span class='ocrx_word' id='word_1_563' title='bbox 528 3077 629 3103; x_wconf 90' lang='lat' dir='ltr'>anno</span> <span class='ocrx_word' id='word_1_564' title='bbox 661 3067 879 3114; x_wconf 88' lang='lat' dir='ltr'>conficiunt,</span> <span class='ocrx_word' id='word_1_565' title='bbox 912 3067 949 3105; x_wconf 88' lang='lat' dir='ltr'>in</span> <span class='ocrx_word' id='word_1_566' title='bbox 971 3067 1123 3105; x_wconf 89' lang='lat' dir='ltr'>Venere</span> <span class='ocrx_word' id='word_1_567' title='bbox 1155 3072 1192 3105; x_wconf 89' lang='lat' dir='ltr'>et</span> <span class='ocrx_word' id='word_1_568' title='bbox 1213 3067 1405 3106; x_wconf 89' lang='lat' dir='ltr'>Mercurio</span> <span class='ocrx_word' id='word_1_569' title='bbox 1436 3069 1660 3117; x_wconf 88' lang='lat' dir='ltr'>potissimus</span> <span class='ocrx_word' id='word_1_570' title='bbox 1691 3067 1761 3104; x_wconf 91' lang='lat' dir='ltr'>erit</span> <span class='ocrx_word' id='word_1_571' title='bbox 1792 3066 1914 3113; x_wconf 85' lang='lat' dir='ltr'>labor,</span> <span class='ocrx_word' id='word_1_572' title='bbox 1946 3077 2046 3104; x_wconf 88' lang='lat' dir='ltr'>non-</span> 
     </span>
     <span class='ocr_line' id='line_1_51' title="bbox 263 3121 2047 3177; baseline 0.002 -18"><span class='ocrx_word' id='word_1_573' title='bbox 263 3121 352 3160; x_wconf 89' lang='lat' dir='ltr'>dum</span> <span class='ocrx_word' id='word_1_574' title='bbox 382 3123 484 3160; x_wconf 86' lang='lat' dir='ltr'>enim</span> <span class='ocrx_word' id='word_1_575' title='bbox 514 3123 719 3162; x_wconf 87' lang='lat' dir='ltr'>absolutae</span> <span class='ocrx_word' id='word_1_576' title='bbox 750 3130 841 3163; x_wconf 87' lang='lat' dir='ltr'>sunt</span> <span class='ocrx_word' id='word_1_577' title='bbox 871 3124 1054 3173; x_wconf 86' lang='lat' dir='ltr'>tabulae,</span> <span class='ocrx_word' id='word_1_578' title='bbox 1096 3125 1288 3176; x_wconf 86' lang='lat' dir='ltr'>agendum</span> <span class='ocrx_word' id='word_1_579' title='bbox 1318 3137 1386 3177; x_wconf 85' lang='lat' dir='ltr'>per</span> <span class='ocrx_word' id='word_1_580' title='bbox 1415 3125 1631 3176; x_wconf 86' lang='lat' dir='ltr'>triangula,</span> <span class='ocrx_word' id='word_1_581' title='bbox 1664 3129 1701 3163; x_wconf 87' lang='lat' dir='ltr'>et</span> <span class='ocrx_word' id='word_1_582' title='bbox 1731 3125 1770 3162; x_wconf 90' lang='lat' dir='ltr'>in</span> <span class='ocrx_word' id='word_1_583' title='bbox 1801 3129 1909 3163; x_wconf 91' lang='lat' dir='ltr'>motu</span> <span class='ocrx_word' id='word_1_584' title='bbox 1939 3135 2047 3164; x_wconf 89' lang='lat' dir='ltr'>com-</span> 
     </span>
    </p>
   </div>
  </div>
 </body>
</html>
