2126 3388
666 162 813 208 Kepleri
838 162 1022 199 literarum
1048 163 1167 200 studia
1191 168 1227 200 et
1252 163 1425 201 doctrina.
1830 160 1936 205 1003

152 278 323 318 nondum
356 285 558 319 assecutus
589 293 674 319 sum
707 282 809 331 quod
842 283 1085 331 quaerebam,
1120 283 1302 333 pleraque
1335 289 1461 322 tamen
1485 285 1682 333 principia,
1716 293 1815 331 quac
1847 281 1939 319 mihi

147 338 229 387 jam
261 343 341 376 tum
374 345 532 378 naturae
556 352 681 379 rerum
705 340 935 379 videbantur
957 348 1228 388 consentanea,
1262 344 1475 380 certissima
1498 348 1534 380 et
1558 344 1647 380 totis
1670 341 1728 378 his
1754 344 1806 379 ⁶25
1829 341 1939 377 annis

151 395 358 434 utilissima
390 410 474 435 sum
507 404 685 447 expertus
691 426 830 438 .....
882 398 923 437 Si
954 411 1022 448 pro
1055 412 1149 438 voce
1182 403 1323 437 <mima
1346 397 1513 454 (textusz
1548 405 1614 437 aut
1646 401 1822 437 motrices
1853 399 1940 435 ani-

150 465 248 501 mae,
283 467 359 504 quo
392 461 481 494 sunt
513 469 535 494 a
566 455 656 494 Sole
688 458 924 504 remotiores,
956 457 1028 495 hoe
1060 464 1148 495 sunt
1182 459 1474 506 imbecilliores,
1508 464 1574 496 aut
1608 470 1680 495 una
1715 463 1772 495 est
1803 458 1939 494 motrix

153 513 282 550 anima
314 515 352 550 in
386 515 534 552 orbium
568 516 738 552 omnium
771 520 922 562 centro,
964 516 1111 554 scilicet
1144 517 1180 552 in
1213 516 1324 563 Sole,
1368 529 1467 566 quae
1499 522 1540 553 ut
1571 516 1771 565 quodlibet
1804 526 1939 564 corpus

152 574 209 608 est
242 572 407 610 vicinius
440 584 485 610 eo
517 573 782 610 vehementius
814 574 947 611 incitet
980 573 1069 623 etc.)
1104 585 1237 611 vocem
1268 577 1349 612 vim
1381 576 1604 621 substituas,
1639 574 1757 612 habes
1788 574 1940 622 ipsissi-

149 640 253 666 mum
285 631 528 679 principium,
563 642 608 667 ex
641 642 716 679 quo
749 631 910 681 physica
942 632 1120 670 coelestis
1153 633 1189 668 in
1223 632 1434 672 Comment.
1466 633 1601 670 Martis
1643 638 1700 670 est
1731 633 1941 670 constituta

149 692 187 724 et
216 686 314 725 libro
336 688 405 725 IV.
440 689 637 737 Epitomes
660 690 825 729 exculta.
869 688 971 726 Olim
1004 692 1104 728 enim
1127 702 1283 727 causam
1312 696 1531 728 moventem
1563 691 1738 739 planetas
1761 689 1939 727 absolute

149 746 316 782 animam
350 748 433 784 esse
466 746 688 793 credebam,
732 749 874 796 quippe
915 749 1085 785 imbutus
1127 748 1373 797 dogmatibus
1405 749 1502 787 Julii
1536 749 1644 788 Caes.
1676 748 1859 797 Scaliger-i
1894 748 1939 785 de

149 805 375 842 motricibus
408 804 684 854 intelligentiis.
740 806 791 843 At
814 818 899 843 cum
922 807 1219 855 perpenderem,
1253 807 1350 844 hanc
1383 819 1537 845 causam
1570 807 1764 844 inotriccm
1799 806 1939 844 debili-

148 863 220 898 tari
253 873 338 899 cum
361 862 557 911 distantia,
589 862 717 900 lumen
741 863 842 901 Solis
875 865 989 901 etiam
1014 866 1205 902 attenuari
1229 876 1314 903 cum
1348 865 1531 903 distantia
1555 878 1577 902 a
1600 865 1701 911 Sole,
1736 865 1823 901 hinc
1844 876 1939 902 cou-

151 918 265 965 clusi,
309 921 387 958 vim
419 921 518 959 hauc
549 933 633 959 esse
666 933 891 970 corporeum
924 921 1090 971 aliquid,
1133 925 1165 959 si
1197 935 1272 960 non
1312 926 1485 972 proprie,
1527 923 1663 960 saltem
1702 924 1938 972 aequivoce3

149 978 248 1015 sicut
280 978 409 1017 lumen
442 979 602 1017 dicimus
634 991 718 1018 esse
750 980 898 1030 aliquid
930 992 1167 1031 corporeum,
1203 981 1239 1019 id
1272 989 1328 1019 est
1360 983 1527 1031 speciem
1560 994 1582 1019 a
1614 992 1770 1030 corpore
1803 981 1939 1031 delap-

148 1047 244 1084 sam,
274 1037 340 1074 sed
373 1038 708 1075 immateriatani.“

287 1095 400 1133 Hanc
432 1097 510 1133 vim
542 1101 671 1134 censet
703 1107 787 1134 cum
821 1096 1005 1135 distantia
1028 1096 1220 1136 debilitari
1253 1097 1366 1146 plane
1401 1102 1441 1135 ut
1461 1096 1598 1141 lucem,
1635 1096 1771 1147 „cujus
1795 1095 1936 1134 debili-

152 1154 311 1190 tationis
350 1165 530 1192 mensura
569 1166 613 1193 ex
645 1156 837 1193 sententia
877 1157 1092 1204 opt100rum
1135 1167 1179 1192 ex
1214 1155 1442 1193 circulorum
1482 1158 1727 1204 proportione
1770 1153 1937 1203 petenda

151 1209 242 1249 sit4‘.
303 1211 413 1249 Haec
454 1213 515 1250 lex
554 1214 591 1249 in
626 1210 809 1262 Optica
840 1213 998 1263 Kepleri
1037 1213 1148 1252 aliter
1187 1223 1226 1251 et
1266 1215 1420 1262 quidem
1463 1215 1672 1251 rectissime
1719 1214 1941 1261 exprimitur

149 1271 335 1316 ‹211.13:3):
361 1273 462 1307 sicut
489 1283 528 1308 se
556 1271 703 1309 habent
732 1272 963 1319 sphaericae
992 1273 1226 1321 superficies,
1260 1274 1403 1321 quibus
1433 1275 1545 1320 oriqo
1576 1272 1674 1309 lucis
1702 1283 1778 1319 pro
1809 1276 1942 1308 centro

149 1332 214 1373 est,
247 1330 306 1365 ita
336 1329 452 1367 habet
481 1329 654 1368 densitas
682 1330 781 1367 lucis
801 1330 1015 1368 radiorum
1038 1332 1081 1367 in
1102 1332 1328 1379 anqustiori
1349 1331 1404 1368 acl
1423 1332 1534 1368 illam
1568 1332 1609 1367 in
1631 1331 1781 1367 laxiori
1799 1330 1942 1378 sphae-

149 1388 236 1423 rica
267 1388 487 1436 superficie.
550 1388 610 1425 Ad
655 1388 757 1426 hunc
790 1387 947 1437 Optices
989 1389 1139 1436 locum,
1182 1390 1292 1437 quasi
1327 1390 1466 1441 „plane
1509 1390 1544 1424 in
1590 1388 1751 1425 eundem
1783 1387 1941 1425 modum

150 1443 481 1483 demonstratum“
517 1446 673 1495 ablegat
704 1446 897 1495 Keplerus
929 1447 1111 1484 lectorem
1145 1446 1239 1496 Cap.
1272 1449 1339 1487 33.
1373 1448 1585 1484 Comment.
1617 1446 1765 1493 Martis,
1797 1447 1864 1483 ubi
1896 1445 1942 1483 de

152 1503 379 1540 circulorum
421 1506 656 1552 perimetris,
698 1516 773 1542 non
815 1504 860 1542 de
907 1504 1118 1553 sphaericis
1160 1506 1436 1554 superficiebus
1480 1505 1670 1553 loquitur,
1719 1509 1760 1541 ut
1802 1504 1936 1552 lapsus

152 1561 290 1599 calami
321 1562 359 1598 in
390 1563 489 1600 libro
523 1562 568 1601 de
601 1563 725 1601 Marte
758 1562 1013 1601 assumendus
1046 1564 1168 1601 videri
1209 1564 1353 1613 possit,
1395 1565 1469 1600 nisi
1502 1575 1587 1611 cap.
1622 1567 1671 1600 37
1720 1564 1860 1599 iterum
1894 1561 1943 1599 ad

153 1619 316 1657 circulos
347 1620 536 1658 rediisset.
585 1621 629 1658 In
663 1623 913 1659 annotatione
947 1622 1128 1660 editionis
1151 1622 1344 1660 secundae
1379 1622 1492 1660 dicit:
1529 1621 1630 1673 „Hic
1663 1631 1764 1658 error
1795 1621 1940 1669 incipit,

151 1679 207 1715 sic
237 1684 367 1715 autem
403 1678 516 1716 debui
550 1679 752 1728 colligere:
786 1681 1073 1729 proportionem
1106 1680 1350 1729 periodorum
1373 1680 1528 1730 duplam
1563 1682 1614 1726 (h.
1649 1693 1679 1717 e.
1713 1680 1941 1725 quadratam)

153 1747 237 1774 esse
270 1737 540 1774 distantiarum
573 1739 853 1787 proportionis;
898 1749 973 1775 non
1008 1738 1110 1787 quod
1143 1739 1217 1776 hoc
1249 1751 1381 1777 verum
1415 1750 1498 1777 esse
1536 1743 1708 1784 teneam,
1754 1741 1810 1774 est
1842 1737 1941 1773 enim

152 1795 235 1843 ejus
266 1795 533 1833 tantummodo
565 1796 845 1845 sesquialtera“
881 1799 932 1843 (h.
952 1809 983 1834 e.
1010 1799 1176 1843 quadrati
1203 1800 1248 1834 ad
1274 1799 1432 1844 cubum).
1493 1796 1699 1844 Comparat
1739 1799 1872 1832 auctor
1902 1795 1941 1831 in

151 1852 225 1891 hoc
257 1855 383 1901 capite
416 1859 541 1891 motus
573 1854 788 1903 periodicos
820 1854 1059 1903 planetarum
1102 1866 1186 1892 cum
1221 1855 1412 1893 distantiis
1445 1854 1736 1903 Copernicanis‚
1779 1864 1941 1902 compu-

152 1916 237 1949 tans
283 1911 481 1949 dimidium
529 1911 764 1951 differentiae
805 1918 1019 1961 temporum
1065 1913 1347 1962 periodicorum
1398 1914 1639 1962 planetarum
1679 1912 1854 1949 binorum
1899 1923 1940 1948 se

153 1969 317 2008 invicem
351 1970 691 2019 subsequentium,
732 1970 997 2020 colligensque
1030 1983 1208 2009 numeros
1249 1984 1316 2021 per
1348 1973 1626 2021 proportiones.
1686 1969 1771 2007 Hac
1803 1981 1942 2019 opera-

153 2029 258 2066 tione
289 2030 447 2078 propius
479 2040 519 2066 se
554 2035 684 2067 censet
716 2029 766 2067 ad
796 2030 999 2067 veritatem
1033 2031 1254 2068 accessisse.
1310 2030 1494 2068 Concedit
1527 2030 1599 2067 hoe
1630 2028 1817 2078 Keplerus
1850 2039 1942 2065 cen-

154 2097 227 2133 sor,
261 2092 390 2124 monet
423 2093 565 2134 autem,
600 2088 808 2133 accidisse,
845 2093 913 2136 „ut
944 2088 1112 2126 medium
1143 2088 1425 2126 arithmeticum
1457 2088 1782 2137 appropinquaret
1814 2085 1939 2123 medio

154 2146 412 2194 proportionis
452 2146 730 2194 sesquialterae
763 2145 848 2196 plus
889 2156 1004 2194 quam
1044 2146 1211 2183 medium
1253 2148 1524 2195 geometricum
1572 2157 1639 2183 seu
1684 2145 1941 2195 proportionis

155 2202 334 2252 duplae&
378 2202 487 2251 Quae
510 2215 625 2252 quum
648 2204 838 2253 Keplerus
868 2204 1022 2252 juvenis
1044 2204 1154 2242 aliter
1177 2216 1380 2253 aggressus
1400 2207 1449 2243 sit
1482 2209 1518 2242 et
1550 2203 1663 2241 iidem
1696 2203 1942 2252 provenirent

152 2263 299 2299 numeri
332 2263 395 2310 qui
427 2263 544 2311 prius,
579 2267 615 2300 et
646 2262 706 2299 his
729 2262 841 2300 finem
864 2262 980 2300 faciat
1002 2263 1146 2300 verbis:
1184 2268 1354 2314 „certum
1387 2268 1462 2309 est,
1496 2263 1571 2299 duo
1605 2263 1677 2299 ista
1700 2261 1941 2297 theoremata

153 2319 277 2357 forma
309 2319 464 2368 quidem
497 2320 658 2367 differre,
691 2320 758 2358 sed
789 2332 828 2358 re
860 2332 951 2358 vera
984 2321 1199 2358 coincidere
1221 2327 1256 2358 et
1286 2323 1356 2359 niti
1387 2321 1521 2360 eodem
1543 2319 1805 2365 fundamento,
1838 2317 1941 2367 quod

154 2384 281 2415 tamen
314 2389 390 2426 quo
423 2383 537 2428 pacto
570 2378 647 2425 fiat,
681 2380 913 2427 investigare
945 2379 1131 2417 hactenus
1155 2390 1350 2428 nunquam
1385 2377 1530 2429 potui“‚
1575 2378 1622 2415 ad
1656 2378 1751 2415 haec
1781 2380 1943 2413 annotat

154 2435 345 2486 Keplerus
377 2437 526 2474 senior:
562 2438 679 2485 „quia
710 2438 887 2474 nimirum
919 2437 1146 2475 incedebam
1182 2439 1291 2486 vagis
1311 2439 1506 2486 gressibus
1538 2436 1830 2484 flexiloquorum
1854 2446 1942 2471 ver-

155 2495 303 2541 borum,
337 2506 413 2531 non
447 2494 534 2542 lege
566 2495 807 2533 arithmetica
811 2523 950 2534 .....
1012 2495 1266 2545 Sepelieitdus
1299 2502 1356 2533 est
1387 2496 1449 2534 hic
1480 2506 1682 2546 processus
1713 2504 1788 2530 non
1812 2504 1940 2530 errans

156 2558 320 2599 tantum,
355 2551 423 2590 sed
456 2554 487 2588 si
520 2553 635 2589 etiam
667 2553 781 2602 plane
812 2553 982 2601 legitime
1015 2554 1208 2602 procedat,
1243 2555 1334 2602 quia
1364 2555 1558 2604 proportio
1592 2552 1834 2602 periodorum
1865 2562 1942 2588 non

155 2616 213 2648 est
246 2609 363 2660 dupla
394 2611 654 2660 proportionis
687 2611 953 2648 distantiarum
986 2611 1220 2655 mediarum,
1253 2611 1339 2649 sed
1370 2612 1750 2661 perfectissime
1783 2613 1829 2646 et
1860 2609 1941 2646 ab-

154 2668 481 2706 solutissime
520 2668 739 2716 ejusdem
778 2669 1138 2717 sesquialtera.
1204 2668 1291 2706 Hoc
1324 2671 1438 2717 igitur
1476 2669 1637 2707 alterum
1671 2673 1707 2705 et
1739 2672 1942 2716 praestan-

155 2727 345 2764 tissimum
378 2730 568 2763 secretum
601 2728 762 2764 auctarii
794 2727 881 2765 loco
913 2738 1014 2764 nunc
1046 2727 1206 2764 accedat
1236 2726 1434 2776 Mysteriis
1465 2727 1570 2765 hisce
1594 2724 1940 2774 Cosmographicis,

157 2796 234 2833 quo
265 2786 302 2821 in
336 2784 477 2832 vulgus
510 2786 714 2821 enunciato
751 2784 859 2823 lubet
890 2796 990 2822 nunc
1021 2788 1223 2823 universos
1263 2790 1341 2821 tam
1382 2784 1587 2834 theologos
1620 2796 1735 2832 quam
1766 2782 1940 2832 philoso-

156 2843 254 2893 phos
287 2842 391 2881 elata
423 2852 518 2879 voce
551 2841 599 2878 ad
633 2853 831 2880 censuram
864 2842 1056 2891 dogmatis
1091 2841 1337 2880 Aristarchici
1369 2854 1597 2880 convocare.
1639 2840 1837 2878 Attendite
1871 2842 1941 2877 viri

155 2901 451 2949 religiosissimi,
483 2899 783 2949 profundissimi,
817 2900 1040 2939 doctissimi.
1103 2900 1142 2937 Si
1177 2911 1306 2939 verum
1340 2900 1432 2938 dicit
1462 2900 1776 2938 Ptolemaeus
1799 2926 1939 2936 .....

156 2963 246 2996 tunc
277 2958 385 2996 nulla
417 2962 475 2995 est
507 2962 687 2994 constans
720 2963 757 2995 et
787 2958 953 2996 identica
985 2970 1051 3007 per
1083 2970 1213 2996 omnes
1254 2958 1430 3007 planetas
1462 2959 1655 3008 proportio
1687 2962 1859 2994 motuum
1892 2956 1941 2993 ad

157 3017 282 3055 orbes.
344 3016 384 3054 Si
416 3027 548 3054 verum
582 3015 673 3053 dicit
705 3015 873 3065 Tycho
906 3016 1131 3053 Brahcus
1155 3044 1162 3052 .
1290 3022 1378 3053 tunc
1410 3026 1468 3054 est
1499 3015 1652 3064 quidem
1686 3015 1818 3052 eadem
1850 3025 1940 3065 pro-

157 3076 282 3124 portio
313 3079 526 3123 temporum
559 3072 608 3110 ad
640 3073 763 3121 orbes,
797 3074 863 3111 sed
894 3078 1020 3111 motus
1052 3085 1126 3110 non
1151 3074 1198 3111 ab
1223 3073 1355 3111 eodem
1379 3078 1506 3112 centro
1531 3074 1782 3124 dispensatur,
1814 3077 1942 3110 motus

159 3134 260 3171 enim
291 3134 465 3183 quinque
497 3131 737 3181 planetarum
770 3133 870 3171 circa
902 3130 1032 3169 Solem
1071 3131 1316 3182 dispensatur
1348 3143 1370 3170 a
1401 3132 1511 3182 Sole,
1551 3136 1678 3171 motus
1718 3142 1809 3170 vero
1840 3130 1943 3171 Solis
