<?xml version="1.0" encoding="UTF-8"?>
<!DOCTYPE html PUBLIC "-//W3C//DTD XHTML 1.0 Transitional//EN"
    "http://www.w3.org/TR/xhtml1/DTD/xhtml1-transitional.dtd">
<html xmlns="http://www.w3.org/1999/xhtml" xml:lang="en" lang="en">
 <head>
  <title>
</title>
<meta http-equiv="Content-Type" content="text/html;charset=utf-8" />
  <meta name='ocr-system' content='tesseract 3.04.00' />
  <meta name='ocr-capabilities' content='ocr_page ocr_carea ocr_par ocr_line ocrx_word'/>
</head>
<body>
  <div class='ocr_page' id='page_1' title='image "./p2operaomniaedid08kepluoft_0165.png"; bbox 0 0 2126 3388; ppageno 0'>
   <div class='ocr_carea' id='block_1_1' title="bbox 980 141 1921 189">
    <p class='ocr_par' dir='ltr' id='par_1_1' title="bbox 980 141 1921 189">
     <span class='ocr_line' id='line_1_1' title="bbox 980 141 1921 189; baseline 0.001 -13"><span class='ocrx_word' id='word_1_1' title='bbox 980 141 1085 178; x_wconf 77' lang='lat'><strong>1599.</strong></span> <span class='ocrx_word' id='word_1_2' title='bbox 1836 145 1921 189; x_wconf 70' lang='lat'>711</span> 
     </span>
    </p>
   </div>
   <div class='ocr_carea' id='block_1_2' title="bbox 117 259 1924 3109">
    <p class='ocr_par' dir='ltr' id='par_1_2' title="bbox 118 259 1924 1066">
     <span class='ocr_line' id='line_1_2' title="bbox 129 259 1924 306; baseline 0.002 -12"><span class='ocrx_word' id='word_1_3' title='bbox 129 259 261 294; x_wconf 83' lang='lat' dir='ltr'>Terrae</span> <span class='ocrx_word' id='word_1_4' title='bbox 285 259 356 294; x_wconf 86' lang='lat' dir='ltr'>vim</span> <span class='ocrx_word' id='word_1_5' title='bbox 383 259 559 303; x_wconf 81' lang='lat' dir='ltr'>obtineat,</span> <span class='ocrx_word' id='word_1_6' title='bbox 593 259 679 295; x_wconf 89' lang='lat' dir='ltr'>hinc</span> <span class='ocrx_word' id='word_1_7' title='bbox 704 259 800 302; x_wconf 88' lang='lat' dir='ltr'>fieri,</span> <span class='ocrx_word' id='word_1_8' title='bbox 833 263 873 295; x_wconf 90' lang='lat' dir='ltr'>ut</span> <span class='ocrx_word' id='word_1_9' title='bbox 905 262 1081 304; x_wconf 81' lang='lat' dir='ltr'>cognatae</span> <span class='ocrx_word' id='word_1_10' title='bbox 1111 261 1233 304; x_wconf 89' lang='lat' dir='ltr'>partes</span> <span class='ocrx_word' id='word_1_11' title='bbox 1264 262 1413 303; x_wconf 89' lang='lat' dir='ltr'>propter</span> <span class='ocrx_word' id='word_1_12' title='bbox 1447 259 1685 305; x_wconf 80' lang='lat' dir='ltr'><strong>sympathiam</strong></span> <span class='ocrx_word' id='word_1_13' title='bbox 1708 260 1924 306; x_wconf 89' lang='lat' dir='ltr'>principium</span> 
     </span>
     <span class='ocr_line' id='line_1_3' title="bbox 129 317 1924 365; baseline 0.002 -13"><span class='ocrx_word' id='word_1_14' title='bbox 129 328 232 352; x_wconf 90' lang='lat' dir='ltr'>suum</span> <span class='ocrx_word' id='word_1_15' title='bbox 258 322 295 352; x_wconf 89' lang='lat' dir='ltr'>et</span> <span class='ocrx_word' id='word_1_16' title='bbox 320 317 491 361; x_wconf 82' lang='lat' dir='ltr'>originem</span> <span class='ocrx_word' id='word_1_17' title='bbox 516 321 694 363; x_wconf 80' lang='lat' dir='ltr'>repetant.</span> <span class='ocrx_word' id='word_1_18' title='bbox 743 317 815 353; x_wconf 87' lang='lat' dir='ltr'>Sed</span> <span class='ocrx_word' id='word_1_19' title='bbox 840 318 909 352; x_wconf 91' lang='lat' dir='ltr'>hoc</span> <span class='ocrx_word' id='word_1_20' title='bbox 934 321 973 352; x_wconf 91' lang='lat' dir='ltr'>tu</span> <span class='ocrx_word' id='word_1_21' title='bbox 998 328 1071 352; x_wconf 91' lang='lat' dir='ltr'>non</span> <span class='ocrx_word' id='word_1_22' title='bbox 1097 317 1185 352; x_wconf 88' lang='lat' dir='ltr'>satis</span> <span class='ocrx_word' id='word_1_23' title='bbox 1219 317 1315 353; x_wconf 89' lang='lat' dir='ltr'>clare</span> <span class='ocrx_word' id='word_1_24' title='bbox 1341 318 1534 362; x_wconf 87' lang='lat' dir='ltr'>explanare</span> <span class='ocrx_word' id='word_1_25' title='bbox 1567 319 1665 355; x_wconf 86' lang='lat' dir='ltr'>visus</span> <span class='ocrx_word' id='word_1_26' title='bbox 1691 329 1747 364; x_wconf 82' lang='lat' dir='ltr'>eS,</span> <span class='ocrx_word' id='word_1_27' title='bbox 1780 321 1924 365; x_wconf 87' lang='lat' dir='ltr'>quando</span> 
     </span>
     <span class='ocr_line' id='line_1_4' title="bbox 127 375 1923 424; baseline 0.001 -12"><span class='ocrx_word' id='word_1_28' title='bbox 127 376 298 412; x_wconf 86' lang='lat' dir='ltr'>mirabilis</span> <span class='ocrx_word' id='word_1_29' title='bbox 326 381 361 411; x_wconf 89' lang='lat' dir='ltr'>et</span> <span class='ocrx_word' id='word_1_30' title='bbox 387 376 603 412; x_wconf 80' lang='lat' dir='ltr'>artificiosae</span> <span class='ocrx_word' id='word_1_31' title='bbox 636 381 837 412; x_wconf 81' lang='lat' dir='ltr'>structurae</span> <span class='ocrx_word' id='word_1_32' title='bbox 869 376 972 411; x_wconf 91' lang='lat' dir='ltr'>molis</span> <span class='ocrx_word' id='word_1_33' title='bbox 1007 378 1170 411; x_wconf 79' lang='lat' dir='ltr'>terrenae</span> <span class='ocrx_word' id='word_1_34' title='bbox 1195 375 1388 411; x_wconf 82' lang='lat' dir='ltr'>meministi</span> <span class='ocrx_word' id='word_1_35' title='bbox 1413 381 1448 411; x_wconf 91' lang='lat' dir='ltr'>et</span> <span class='ocrx_word' id='word_1_36' title='bbox 1474 381 1600 413; x_wconf 87' lang='lat' dir='ltr'>eontra</span> <span class='ocrx_word' id='word_1_37' title='bbox 1633 378 1784 414; x_wconf 89' lang='lat' dir='ltr'>aliorum</span> <span class='ocrx_word' id='word_1_38' title='bbox 1808 378 1923 424; x_wconf 90' lang='lat' dir='ltr'>philo-</span> 
     </span>
     <span class='ocr_line' id='line_1_5' title="bbox 128 433 1922 482; baseline 0.001 -12"><span class='ocrx_word' id='word_1_39' title='bbox 128 436 327 479; x_wconf 90' lang='lat' dir='ltr'>sophorum</span> <span class='ocrx_word' id='word_1_40' title='bbox 353 436 578 479; x_wconf 84' lang='lat' dir='ltr'>sententiam,</span> <span class='ocrx_word' id='word_1_41' title='bbox 605 445 626 469; x_wconf 89' lang='lat' dir='ltr'>a</span> <span class='ocrx_word' id='word_1_42' title='bbox 651 436 757 471; x_wconf 89' lang='lat' dir='ltr'>bruta</span> <span class='ocrx_word' id='word_1_43' title='bbox 782 438 817 469; x_wconf 92' lang='lat' dir='ltr'>et</span> <span class='ocrx_word' id='word_1_44' title='bbox 842 433 976 469; x_wconf 86' lang='lat' dir='ltr'>friabili</span> <span class='ocrx_word' id='word_1_45' title='bbox 1001 435 1151 469; x_wconf 87' lang='lat' dir='ltr'>materia</span> <span class='ocrx_word' id='word_1_46' title='bbox 1175 439 1360 474; x_wconf 84' lang='lat' dir='ltr'>assertam,</span> <span class='ocrx_word' id='word_1_47' title='bbox 1386 435 1540 471; x_wconf 87' lang='lat' dir='ltr'>animam</span> <span class='ocrx_word' id='word_1_48' title='bbox 1565 435 1679 472; x_wconf 90' lang='lat' dir='ltr'>eidem</span> <span class='ocrx_word' id='word_1_49' title='bbox 1695 440 1922 482; x_wconf 82' lang='lat' dir='ltr'>vegetantem</span> 
     </span>
     <span class='ocr_line' id='line_1_6' title="bbox 123 492 1921 539; baseline 0.002 -11"><span class='ocrx_word' id='word_1_50' title='bbox 123 494 293 538; x_wconf 88' lang='lat' dir='ltr'>indidisti,</span> <span class='ocrx_word' id='word_1_51' title='bbox 321 504 413 538; x_wconf 89' lang='lat' dir='ltr'>quae</span> <span class='ocrx_word' id='word_1_52' title='bbox 438 495 667 539; x_wconf 76' lang='lat' dir='ltr'>operationes</span> <span class='ocrx_word' id='word_1_53' title='bbox 692 503 774 528; x_wconf 88' lang='lat' dir='ltr'>suas</span> <span class='ocrx_word' id='word_1_54' title='bbox 798 502 864 537; x_wconf 89' lang='lat' dir='ltr'>per</span> <span class='ocrx_word' id='word_1_55' title='bbox 887 492 1072 527; x_wconf 83' lang='lat' dir='ltr'>filamenta</span> <span class='ocrx_word' id='word_1_56' title='bbox 1097 498 1133 528; x_wconf 84' lang='lat' dir='ltr'>et</span> <span class='ocrx_word' id='word_1_57' title='bbox 1157 503 1266 528; x_wconf 82' lang='lat' dir='ltr'>venas</span> <span class='ocrx_word' id='word_1_58' title='bbox 1291 498 1433 529; x_wconf 82' lang='lat' dir='ltr'>exserat</span> <span class='ocrx_word' id='word_1_59' title='bbox 1457 496 1493 528; x_wconf 88' lang='lat' dir='ltr'>et</span> <span class='ocrx_word' id='word_1_60' title='bbox 1518 496 1703 531; x_wconf 89' lang='lat' dir='ltr'>commode</span> <span class='ocrx_word' id='word_1_61' title='bbox 1729 496 1921 531; x_wconf 83' lang='lat' dir='ltr'>admodum</span> 
     </span>
     <span class='ocr_line' id='line_1_7' title="bbox 121 549 1920 597; baseline 0.002 -11"><span class='ocrx_word' id='word_1_62' title='bbox 121 562 229 596; x_wconf 87' lang='lat' dir='ltr'>pomo</span> <span class='ocrx_word' id='word_1_63' title='bbox 255 553 455 596; x_wconf 87' lang='lat' dir='ltr'>comparari</span> <span class='ocrx_word' id='word_1_64' title='bbox 479 552 606 596; x_wconf 83' lang='lat' dir='ltr'>possit,</span> <span class='ocrx_word' id='word_1_65' title='bbox 634 551 736 595; x_wconf 88' lang='lat' dir='ltr'>cujus</span> <span class='ocrx_word' id='word_1_66' title='bbox 753 549 909 595; x_wconf 86' lang='lat' dir='ltr'>petiolus</span> <span class='ocrx_word' id='word_1_67' title='bbox 935 555 989 585; x_wconf 88' lang='lat' dir='ltr'>est</span> <span class='ocrx_word' id='word_1_68' title='bbox 1015 550 1051 585; x_wconf 91' lang='lat' dir='ltr'>in</span> <span class='ocrx_word' id='word_1_69' title='bbox 1076 551 1251 595; x_wconf 77' lang='lat' dir='ltr'>magnetis</span> <span class='ocrx_word' id='word_1_70' title='bbox 1278 551 1357 586; x_wconf 90' lang='lat' dir='ltr'>loeo</span> <span class='ocrx_word' id='word_1_71' title='bbox 1383 551 1425 597; x_wconf 89' lang='lat' dir='ltr'>A,</span> <span class='ocrx_word' id='word_1_72' title='bbox 1453 552 1566 587; x_wconf 88' lang='lat' dir='ltr'>altera</span> <span class='ocrx_word' id='word_1_73' title='bbox 1590 564 1675 589; x_wconf 80' lang='lat' dir='ltr'>vero</span> <span class='ocrx_word' id='word_1_74' title='bbox 1703 565 1721 589; x_wconf 91' lang='lat' dir='ltr'>e</span> <span class='ocrx_word' id='word_1_75' title='bbox 1746 554 1920 590; x_wconf 88' lang='lat' dir='ltr'>diametro</span> 
     </span>
     <span class='ocr_line' id='line_1_8' title="bbox 123 609 1919 660; baseline 0.003 -17"><span class='ocrx_word' id='word_1_76' title='bbox 123 609 207 644; x_wconf 90' lang='lat' dir='ltr'>huic</span> <span class='ocrx_word' id='word_1_77' title='bbox 232 610 398 654; x_wconf 79' lang='lat' dir='ltr'>opposita</span> <span class='ocrx_word' id='word_1_78' title='bbox 422 621 506 655; x_wconf 79' lang='lat' dir='ltr'>pars</span> <span class='ocrx_word' id='word_1_79' title='bbox 531 610 568 644; x_wconf 89' lang='lat' dir='ltr'>in</span> <span class='ocrx_word' id='word_1_80' title='bbox 593 610 640 653; x_wconf 87' lang='lat' dir='ltr'>B,</span> <span class='ocrx_word' id='word_1_81' title='bbox 666 615 757 654; x_wconf 80' lang='lat' dir='ltr'>quae</span> <span class='ocrx_word' id='word_1_82' title='bbox 781 619 846 654; x_wconf 89' lang='lat' dir='ltr'>per</span> <span class='ocrx_word' id='word_1_83' title='bbox 862 619 972 644; x_wconf 79' lang='lat' dir='ltr'>venas</span> <span class='ocrx_word' id='word_1_84' title='bbox 999 619 1036 644; x_wconf 91' lang='lat' dir='ltr'>se</span> <span class='ocrx_word' id='word_1_85' title='bbox 1061 613 1184 644; x_wconf 91' lang='lat' dir='ltr'>mutuo</span> <span class='ocrx_word' id='word_1_86' title='bbox 1212 610 1429 654; x_wconf 87' lang='lat' dir='ltr'>contingant.</span> <span class='ocrx_word' id='word_1_87' title='bbox 1462 612 1520 646; x_wconf 82' lang='lat' dir='ltr'>Ex</span> <span class='ocrx_word' id='word_1_88' title='bbox 1545 623 1615 656; x_wconf 89' lang='lat' dir='ltr'>quo</span> <span class='ocrx_word' id='word_1_89' title='bbox 1641 613 1744 657; x_wconf 89' lang='lat' dir='ltr'>sequi</span> <span class='ocrx_word' id='word_1_90' title='bbox 1768 614 1919 660; x_wconf 82' lang='lat' dir='ltr'>videtur,</span> 
     </span>
     <span class='ocr_line' id='line_1_9' title="bbox 122 667 1920 717; baseline 0.002 -14"><span class='ocrx_word' id='word_1_91' title='bbox 122 668 218 712; x_wconf 89' lang='lat' dir='ltr'>quod</span> <span class='ocrx_word' id='word_1_92' title='bbox 243 668 279 702; x_wconf 90' lang='lat' dir='ltr'>in</span> <span class='ocrx_word' id='word_1_93' title='bbox 305 668 449 703; x_wconf 88' lang='lat' dir='ltr'>conditu</span> <span class='ocrx_word' id='word_1_94' title='bbox 467 668 599 703; x_wconf 86' lang='lat' dir='ltr'>Terrae</span> <span class='ocrx_word' id='word_1_95' title='bbox 626 667 767 703; x_wconf 89' lang='lat' dir='ltr'>duobus</span> <span class='ocrx_word' id='word_1_96' title='bbox 792 667 828 701; x_wconf 92' lang='lat' dir='ltr'>in</span> <span class='ocrx_word' id='word_1_97' title='bbox 854 667 954 711; x_wconf 85' lang='lat' dir='ltr'>locis,</span> <span class='ocrx_word' id='word_1_98' title='bbox 980 667 1016 701; x_wconf 88' lang='lat' dir='ltr'>in</span> <span class='ocrx_word' id='word_1_99' title='bbox 1042 668 1285 712; x_wconf 86' lang='lat' dir='ltr'>septentrione</span> <span class='ocrx_word' id='word_1_100' title='bbox 1311 671 1346 703; x_wconf 88' lang='lat' dir='ltr'>et</span> <span class='ocrx_word' id='word_1_101' title='bbox 1371 669 1408 703; x_wconf 88' lang='lat' dir='ltr'>in</span> <span class='ocrx_word' id='word_1_102' title='bbox 1432 669 1591 714; x_wconf 85' lang='lat' dir='ltr'>meridie,</span> <span class='ocrx_word' id='word_1_103' title='bbox 1617 672 1728 706; x_wconf 87' lang='lat' dir='ltr'>Terra</span> <span class='ocrx_word' id='word_1_104' title='bbox 1754 682 1798 707; x_wconf 85' lang='lat' dir='ltr'>ex</span> <span class='ocrx_word' id='word_1_105' title='bbox 1822 683 1920 717; x_wconf 89' lang='lat' dir='ltr'>mag-</span> 
     </span>
     <span class='ocr_line' id='line_1_10' title="bbox 121 725 1920 775; baseline 0.002 -14"><span class='ocrx_word' id='word_1_106' title='bbox 121 727 214 762; x_wconf 84' lang='lat' dir='ltr'>netis</span> <span class='ocrx_word' id='word_1_107' title='bbox 239 727 388 761; x_wconf 79' lang='lat' dir='ltr'>materIa</span> <span class='ocrx_word' id='word_1_108' title='bbox 419 725 613 761; x_wconf 83' lang='lat' dir='ltr'>constituta</span> <span class='ocrx_word' id='word_1_109' title='bbox 646 725 708 766; x_wconf 88' lang='lat' dir='ltr'>sit,</span> <span class='ocrx_word' id='word_1_110' title='bbox 734 736 826 769; x_wconf 87' lang='lat' dir='ltr'>quae</span> <span class='ocrx_word' id='word_1_111' title='bbox 851 736 917 769; x_wconf 86' lang='lat' dir='ltr'>per</span> <span class='ocrx_word' id='word_1_112' title='bbox 951 735 1061 759; x_wconf 74' lang='lat' dir='ltr'>venas</span> <span class='ocrx_word' id='word_1_113' title='bbox 1088 730 1123 760; x_wconf 86' lang='lat' dir='ltr'>et</span> <span class='ocrx_word' id='word_1_114' title='bbox 1147 731 1286 761; x_wconf 82' lang='lat' dir='ltr'>meatus</span> <span class='ocrx_word' id='word_1_115' title='bbox 1312 737 1351 762; x_wconf 87' lang='lat' dir='ltr'>se</span> <span class='ocrx_word' id='word_1_116' title='bbox 1375 732 1499 763; x_wconf 88' lang='lat' dir='ltr'>mutuo</span> <span class='ocrx_word' id='word_1_117' title='bbox 1526 729 1726 774; x_wconf 79' lang='lat' dir='ltr'>excipiunt,</span> <span class='ocrx_word' id='word_1_118' title='bbox 1751 730 1920 775; x_wconf 84' lang='lat' dir='ltr'>quemad-</span> 
     </span>
     <span class='ocr_line' id='line_1_11' title="bbox 121 782 1920 832; baseline 0.002 -12"><span class='ocrx_word' id='word_1_119' title='bbox 121 786 266 820; x_wconf 88' lang='lat' dir='ltr'>modum</span> <span class='ocrx_word' id='word_1_120' title='bbox 296 786 332 820; x_wconf 90' lang='lat' dir='ltr'>in</span> <span class='ocrx_word' id='word_1_121' title='bbox 366 795 471 830; x_wconf 89' lang='lat' dir='ltr'>pomo</span> <span class='ocrx_word' id='word_1_122' title='bbox 506 785 559 819; x_wconf 88' lang='lat' dir='ltr'>fit.</span> <span class='ocrx_word' id='word_1_123' title='bbox 609 784 658 818; x_wconf 86' lang='lat' dir='ltr'>Et</span> <span class='ocrx_word' id='word_1_124' title='bbox 691 783 782 817; x_wconf 89' lang='lat' dir='ltr'>haec</span> <span class='ocrx_word' id='word_1_125' title='bbox 816 787 880 818; x_wconf 87' lang='lat' dir='ltr'>tua</span> <span class='ocrx_word' id='word_1_126' title='bbox 917 782 1097 818; x_wconf 87' lang='lat' dir='ltr'>sententia</span> <span class='ocrx_word' id='word_1_127' title='bbox 1123 794 1168 818; x_wconf 81' lang='lat' dir='ltr'>ex</span> <span class='ocrx_word' id='word_1_128' title='bbox 1194 795 1236 819; x_wconf 94' lang='lat' dir='ltr'>eo</span> <span class='ocrx_word' id='word_1_129' title='bbox 1263 786 1369 821; x_wconf 89' lang='lat' dir='ltr'>etiam</span> <span class='ocrx_word' id='word_1_130' title='bbox 1402 786 1610 832; x_wconf 82' lang='lat' dir='ltr'>deducitur,</span> <span class='ocrx_word' id='word_1_131' title='bbox 1647 788 1743 832; x_wconf 89' lang='lat' dir='ltr'>quod</span> <span class='ocrx_word' id='word_1_132' title='bbox 1769 788 1920 824; x_wconf 88' lang='lat' dir='ltr'>eandem</span> 
     </span>
     <span class='ocr_line' id='line_1_12' title="bbox 126 841 1919 890; baseline 0.002 -12"><span class='ocrx_word' id='word_1_133' title='bbox 126 843 297 879; x_wconf 86' lang='lat' dir='ltr'>statueris</span> <span class='ocrx_word' id='word_1_134' title='bbox 324 843 529 878; x_wconf 78' lang='lat' dir='ltr'>distantiam</span> <span class='ocrx_word' id='word_1_135' title='bbox 553 841 719 887; x_wconf 88' lang='lat' dir='ltr'>polorum</span> <span class='ocrx_word' id='word_1_136' title='bbox 745 841 883 876; x_wconf 80' lang='lat' dir='ltr'>zodiaci</span> <span class='ocrx_word' id='word_1_137' title='bbox 908 845 944 876; x_wconf 91' lang='lat' dir='ltr'>et</span> <span class='ocrx_word' id='word_1_138' title='bbox 968 841 1038 876; x_wconf 91' lang='lat' dir='ltr'>loci</span> <span class='ocrx_word' id='word_1_139' title='bbox 1062 843 1255 887; x_wconf 88' lang='lat' dir='ltr'>magnetici</span> <span class='ocrx_word' id='word_1_140' title='bbox 1280 854 1301 878; x_wconf 88' lang='lat' dir='ltr'>a</span> <span class='ocrx_word' id='word_1_141' title='bbox 1326 844 1409 888; x_wconf 90' lang='lat' dir='ltr'>polo</span> <span class='ocrx_word' id='word_1_142' title='bbox 1427 845 1563 882; x_wconf 90' lang='lat' dir='ltr'>mundi.</span> <span class='ocrx_word' id='word_1_143' title='bbox 1606 846 1677 881; x_wconf 86' lang='lat' dir='ltr'>Sed</span> <span class='ocrx_word' id='word_1_144' title='bbox 1703 847 1785 890; x_wconf 89' lang='lat' dir='ltr'>quia</span> <span class='ocrx_word' id='word_1_145' title='bbox 1809 847 1919 882; x_wconf 87' lang='lat' dir='ltr'>recla-</span> 
     </span>
     <span class='ocr_line' id='line_1_13' title="bbox 125 900 1918 951; baseline 0.003 -15"><span class='ocrx_word' id='word_1_146' title='bbox 125 907 198 936; x_wconf 87' lang='lat' dir='ltr'>mat</span> <span class='ocrx_word' id='word_1_147' title='bbox 224 902 457 947; x_wconf 76' lang='lat' dir='ltr'>experientia,</span> <span class='ocrx_word' id='word_1_148' title='bbox 483 912 550 935; x_wconf 87' lang='lat' dir='ltr'>nec</span> <span class='ocrx_word' id='word_1_149' title='bbox 574 911 733 945; x_wconf 89' lang='lat' dir='ltr'>unquam</span> <span class='ocrx_word' id='word_1_150' title='bbox 758 905 991 944; x_wconf 85' lang='lat' dir='ltr'>compertum,</span> <span class='ocrx_word' id='word_1_151' title='bbox 1019 900 1191 945; x_wconf 85' lang='lat' dir='ltr'>lingulam</span> <span class='ocrx_word' id='word_1_152' title='bbox 1215 904 1463 948; x_wconf 89' lang='lat' dir='ltr'>magneticam,</span> <span class='ocrx_word' id='word_1_153' title='bbox 1494 904 1522 939; x_wconf 92' lang='lat' dir='ltr'>si</span> <span class='ocrx_word' id='word_1_154' title='bbox 1547 905 1626 948; x_wconf 89' lang='lat' dir='ltr'>quis</span> <span class='ocrx_word' id='word_1_155' title='bbox 1643 905 1701 939; x_wconf 84' lang='lat' dir='ltr'>vel</span> <span class='ocrx_word' id='word_1_156' title='bbox 1728 907 1820 940; x_wconf 87' lang='lat' dir='ltr'>circa</span> <span class='ocrx_word' id='word_1_157' title='bbox 1837 916 1918 951; x_wconf 91' lang='lat' dir='ltr'>pro-</span> 
     </span>
     <span class='ocr_line' id='line_1_14' title="bbox 118 958 1918 1008; baseline 0.003 -14"><span class='ocrx_word' id='word_1_158' title='bbox 118 961 333 995; x_wconf 87' lang='lat' dir='ltr'>montorium</span> <span class='ocrx_word' id='word_1_159' title='bbox 357 960 473 995; x_wconf 88' lang='lat' dir='ltr'>bonae</span> <span class='ocrx_word' id='word_1_160' title='bbox 499 960 575 1005; x_wconf 90' lang='lat' dir='ltr'>spei</span> <span class='ocrx_word' id='word_1_161' title='bbox 599 959 801 1002; x_wconf 77' lang='lat' dir='ltr'>navigaret,</span> <span class='ocrx_word' id='word_1_162' title='bbox 826 958 882 993; x_wconf 85' lang='lat' dir='ltr'>vel</span> <span class='ocrx_word' id='word_1_163' title='bbox 906 958 1019 1003; x_wconf 88' lang='lat' dir='ltr'>ipsius</span> <span class='ocrx_word' id='word_1_164' title='bbox 1050 965 1168 995; x_wconf 88' lang='lat' dir='ltr'>terrae</span> <span class='ocrx_word' id='word_1_165' title='bbox 1192 961 1454 1005; x_wconf 85' lang='lat' dir='ltr'>Magellanicae</span> <span class='ocrx_word' id='word_1_166' title='bbox 1479 962 1586 998; x_wconf 85' lang='lat' dir='ltr'>litora</span> <span class='ocrx_word' id='word_1_167' title='bbox 1609 963 1761 1008; x_wconf 86' lang='lat' dir='ltr'>legeret,</span> <span class='ocrx_word' id='word_1_168' title='bbox 1799 974 1840 999; x_wconf 91' lang='lat' dir='ltr'>eo</span> <span class='ocrx_word' id='word_1_169' title='bbox 1865 965 1918 999; x_wconf 89' lang='lat' dir='ltr'>in-</span> 
     </span>
     <span class='ocr_line' id='line_1_15' title="bbox 120 1017 1914 1066; baseline 0.003 -14"><span class='ocrx_word' id='word_1_170' title='bbox 120 1018 264 1063; x_wconf 87' lang='lat' dir='ltr'>clinare,</span> <span class='ocrx_word' id='word_1_171' title='bbox 290 1019 375 1053; x_wconf 87' lang='lat' dir='ltr'>hinc</span> <span class='ocrx_word' id='word_1_172' title='bbox 400 1029 483 1062; x_wconf 85' lang='lat' dir='ltr'>ergo</span> <span class='ocrx_word' id='word_1_173' title='bbox 509 1018 681 1063; x_wconf 88' lang='lat' dir='ltr'>sequitur,</span> <span class='ocrx_word' id='word_1_174' title='bbox 707 1017 844 1052; x_wconf 93' lang='lat' dir='ltr'>nullum</span> <span class='ocrx_word' id='word_1_175' title='bbox 869 1017 1012 1052; x_wconf 89' lang='lat' dir='ltr'>omnino</span> <span class='ocrx_word' id='word_1_176' title='bbox 1039 1019 1173 1054; x_wconf 88' lang='lat' dir='ltr'>circum</span> <span class='ocrx_word' id='word_1_177' title='bbox 1198 1019 1319 1063; x_wconf 91' lang='lat' dir='ltr'>polum</span> <span class='ocrx_word' id='word_1_178' title='bbox 1345 1021 1582 1055; x_wconf 82' lang='lat' dir='ltr'>antarcticum</span> <span class='ocrx_word' id='word_1_179' title='bbox 1607 1031 1686 1056; x_wconf 88' lang='lat' dir='ltr'>esse</span> <span class='ocrx_word' id='word_1_180' title='bbox 1703 1026 1914 1066; x_wconf 77' lang='lat' dir='ltr'>magnetem.</span> 
     </span>
    </p>

    <p class='ocr_par' dir='ltr' id='par_1_3' title="bbox 117 1076 1916 2057">
     <span class='ocr_line' id='line_1_16' title="bbox 258 1076 1916 1124; baseline 0.003 -13"><span class='ocrx_word' id='word_1_181' title='bbox 258 1077 470 1122; x_wconf 76' lang='lat' dir='ltr'>Quanquam</span> <span class='ocrx_word' id='word_1_182' title='bbox 494 1082 533 1112; x_wconf 90' lang='lat' dir='ltr'>tu</span> <span class='ocrx_word' id='word_1_183' title='bbox 559 1076 754 1120; x_wconf 83' lang='lat' dir='ltr'>existimas,</span> <span class='ocrx_word' id='word_1_184' title='bbox 779 1077 895 1111; x_wconf 85' lang='lat' dir='ltr'>Deum</span> <span class='ocrx_word' id='word_1_185' title='bbox 919 1076 956 1111; x_wconf 83' lang='lat' dir='ltr'>in</span> <span class='ocrx_word' id='word_1_186' title='bbox 981 1077 1095 1120; x_wconf 86' lang='lat' dir='ltr'>primo</span> <span class='ocrx_word' id='word_1_187' title='bbox 1122 1077 1268 1113; x_wconf 89' lang='lat' dir='ltr'>conditu</span> <span class='ocrx_word' id='word_1_188' title='bbox 1293 1078 1429 1123; x_wconf 85' lang='lat' dir='ltr'>eadem,</span> <span class='ocrx_word' id='word_1_189' title='bbox 1456 1089 1548 1123; x_wconf 87' lang='lat' dir='ltr'>quae</span> <span class='ocrx_word' id='word_1_190' title='bbox 1574 1091 1639 1115; x_wconf 90' lang='lat' dir='ltr'>nos</span> <span class='ocrx_word' id='word_1_191' title='bbox 1661 1080 1736 1124; x_wconf 77' lang='lat' dir='ltr'>Jam</span> <span class='ocrx_word' id='word_1_192' title='bbox 1764 1081 1916 1116; x_wconf 89' lang='lat' dir='ltr'>decursu</span> 
     </span>
     <span class='ocr_line' id='line_1_17' title="bbox 119 1134 1916 1182; baseline 0.002 -11"><span class='ocrx_word' id='word_1_193' title='bbox 119 1134 212 1171; x_wconf 88' lang='lat' dir='ltr'>Solis</span> <span class='ocrx_word' id='word_1_194' title='bbox 237 1139 272 1170; x_wconf 93' lang='lat' dir='ltr'>et</span> <span class='ocrx_word' id='word_1_195' title='bbox 298 1135 549 1171; x_wconf 85' lang='lat' dir='ltr'>commoditate</span> <span class='ocrx_word' id='word_1_196' title='bbox 575 1135 672 1170; x_wconf 90' lang='lat' dir='ltr'>orbis</span> <span class='ocrx_word' id='word_1_197' title='bbox 699 1134 831 1169; x_wconf 88' lang='lat' dir='ltr'>conditi</span> <span class='ocrx_word' id='word_1_198' title='bbox 857 1134 1065 1179; x_wconf 85' lang='lat' dir='ltr'>cogitamus,</span> <span class='ocrx_word' id='word_1_199' title='bbox 1092 1135 1248 1179; x_wconf 82' lang='lat' dir='ltr'>agitasse</span> <span class='ocrx_word' id='word_1_200' title='bbox 1273 1136 1441 1182; x_wconf 88' lang='lat' dir='ltr'>consilia,</span> <span class='ocrx_word' id='word_1_201' title='bbox 1468 1148 1606 1182; x_wconf 87' lang='lat' dir='ltr'>nosque</span> <span class='ocrx_word' id='word_1_202' title='bbox 1631 1139 1817 1174; x_wconf 81' lang='lat' dir='ltr'>rationalis</span> <span class='ocrx_word' id='word_1_203' title='bbox 1842 1140 1916 1174; x_wconf 90' lang='lat' dir='ltr'>ani-</span> 
     </span>
     <span class='ocr_line' id='line_1_18' title="bbox 118 1193 1916 1239; baseline 0.003 -12"><span class='ocrx_word' id='word_1_204' title='bbox 118 1204 196 1227; x_wconf 86' lang='lat' dir='ltr'>mae</span> <span class='ocrx_word' id='word_1_205' title='bbox 222 1193 397 1228; x_wconf 86' lang='lat' dir='ltr'>beneficio</span> <span class='ocrx_word' id='word_1_206' title='bbox 423 1193 535 1228; x_wconf 85' lang='lat' dir='ltr'>multa</span> <span class='ocrx_word' id='word_1_207' title='bbox 561 1194 700 1229; x_wconf 76' lang='lat' dir='ltr'>divinae</span> <span class='ocrx_word' id='word_1_208' title='bbox 725 1193 836 1228; x_wconf 89' lang='lat' dir='ltr'>menti</span> <span class='ocrx_word' id='word_1_209' title='bbox 861 1193 1057 1229; x_wconf 87' lang='lat' dir='ltr'>conformia</span> <span class='ocrx_word' id='word_1_210' title='bbox 1083 1204 1234 1238; x_wconf 87' lang='lat' dir='ltr'>arguere</span> <span class='ocrx_word' id='word_1_211' title='bbox 1262 1204 1386 1239; x_wconf 87' lang='lat' dir='ltr'>posse,</span> <span class='ocrx_word' id='word_1_212' title='bbox 1422 1206 1501 1230; x_wconf 90' lang='lat' dir='ltr'>cum</span> <span class='ocrx_word' id='word_1_213' title='bbox 1533 1196 1684 1231; x_wconf 88' lang='lat' dir='ltr'>eundem</span> <span class='ocrx_word' id='word_1_214' title='bbox 1708 1197 1745 1232; x_wconf 91' lang='lat' dir='ltr'>in</span> <span class='ocrx_word' id='word_1_215' title='bbox 1771 1197 1916 1233; x_wconf 90' lang='lat' dir='ltr'>modum</span> 
     </span>
     <span class='ocr_line' id='line_1_19' title="bbox 120 1250 1914 1296; baseline 0.003 -10"><span class='ocrx_word' id='word_1_216' title='bbox 120 1251 355 1286; x_wconf 81' lang='lat' dir='ltr'>ratiocinetur</span> <span class='ocrx_word' id='word_1_217' title='bbox 380 1255 416 1287; x_wconf 90' lang='lat' dir='ltr'>et</span> <span class='ocrx_word' id='word_1_218' title='bbox 441 1250 594 1287; x_wconf 86' lang='lat' dir='ltr'>affectus</span> <span class='ocrx_word' id='word_1_219' title='bbox 621 1252 678 1296; x_wconf 86' lang='lat' dir='ltr'>sit,</span> <span class='ocrx_word' id='word_1_220' title='bbox 704 1255 744 1286; x_wconf 89' lang='lat' dir='ltr'>ut</span> <span class='ocrx_word' id='word_1_221' title='bbox 769 1262 834 1286; x_wconf 91' lang='lat' dir='ltr'>nos</span> <span class='ocrx_word' id='word_1_222' title='bbox 861 1261 1000 1287; x_wconf 89' lang='lat' dir='ltr'>sumus:</span> <span class='ocrx_word' id='word_1_223' title='bbox 1027 1257 1149 1287; x_wconf 87' lang='lat' dir='ltr'>tamen</span> <span class='ocrx_word' id='word_1_224' title='bbox 1172 1253 1208 1287; x_wconf 92' lang='lat' dir='ltr'>in</span> <span class='ocrx_word' id='word_1_225' title='bbox 1234 1263 1275 1288; x_wconf 90' lang='lat' dir='ltr'>eo</span> <span class='ocrx_word' id='word_1_226' title='bbox 1301 1264 1372 1288; x_wconf 91' lang='lat' dir='ltr'>non</span> <span class='ocrx_word' id='word_1_227' title='bbox 1396 1253 1502 1289; x_wconf 81' lang='lat' dir='ltr'>facile</span> <span class='ocrx_word' id='word_1_228' title='bbox 1527 1255 1592 1290; x_wconf 87' lang='lat' dir='ltr'>tibi</span> <span class='ocrx_word' id='word_1_229' title='bbox 1615 1255 1791 1290; x_wconf 89' lang='lat' dir='ltr'>assentior</span> <span class='ocrx_word' id='word_1_230' title='bbox 1794 1282 1914 1292; x_wconf 89' lang='grc'><strong>.....</strong></span> 
     </span>
     <span class='ocr_line' id='line_1_20' title="bbox 118 1309 1915 1358; baseline 0.002 -14"><span class='ocrx_word' id='word_1_231' title='bbox 118 1310 275 1345; x_wconf 91' lang='lat' dir='ltr'>Disseris</span> <span class='ocrx_word' id='word_1_232' title='bbox 299 1314 341 1344; x_wconf 91' lang='lat' dir='ltr'>tu</span> <span class='ocrx_word' id='word_1_233' title='bbox 366 1320 411 1344; x_wconf 81' lang='lat' dir='ltr'>ex</span> <span class='ocrx_word' id='word_1_234' title='bbox 435 1310 576 1344; x_wconf 86' lang='lat' dir='ltr'>ratione</span> <span class='ocrx_word' id='word_1_235' title='bbox 601 1315 637 1344; x_wconf 90' lang='lat' dir='ltr'>et</span> <span class='ocrx_word' id='word_1_236' title='bbox 662 1309 800 1344; x_wconf 88' lang='lat' dir='ltr'>erudite</span> <span class='ocrx_word' id='word_1_237' title='bbox 826 1309 990 1353; x_wconf 77' lang='lat' dir='ltr'>quidem,</span> <span class='ocrx_word' id='word_1_238' title='bbox 1019 1322 1082 1346; x_wconf 89' lang='lat' dir='ltr'>cur</span> <span class='ocrx_word' id='word_1_239' title='bbox 1106 1311 1205 1346; x_wconf 91' lang='lat' dir='ltr'>Deus</span> <span class='ocrx_word' id='word_1_240' title='bbox 1232 1311 1328 1346; x_wconf 82' lang='lat' dir='ltr'>ultra</span> <span class='ocrx_word' id='word_1_241' title='bbox 1353 1312 1562 1355; x_wconf 84' lang='lat' dir='ltr'>quadrantis</span> <span class='ocrx_word' id='word_1_242' title='bbox 1588 1317 1752 1358; x_wconf 83' lang='lat' dir='ltr'>quartam</span> <span class='ocrx_word' id='word_1_243' title='bbox 1776 1318 1915 1358; x_wconf 89' lang='lat' dir='ltr'>partem</span> 
     </span>
     <span class='ocr_line' id='line_1_21' title="bbox 120 1368 1915 1415; baseline 0.003 -13"><span class='ocrx_word' id='word_1_244' title='bbox 120 1368 240 1403; x_wconf 91' lang='lat' dir='ltr'>Solem</span> <span class='ocrx_word' id='word_1_245' title='bbox 265 1369 410 1413; x_wconf 86' lang='lat' dir='ltr'>evagari</span> <span class='ocrx_word' id='word_1_246' title='bbox 432 1379 503 1403; x_wconf 90' lang='lat' dir='ltr'>non</span> <span class='ocrx_word' id='word_1_247' title='bbox 522 1379 651 1412; x_wconf 87' lang='lat' dir='ltr'>passus</span> <span class='ocrx_word' id='word_1_248' title='bbox 669 1369 727 1412; x_wconf 86' lang='lat' dir='ltr'>sit,</span> <span class='ocrx_word' id='word_1_249' title='bbox 754 1379 820 1403; x_wconf 85' lang='lat' dir='ltr'>nec</span> <span class='ocrx_word' id='word_1_250' title='bbox 837 1373 957 1403; x_wconf 88' lang='lat' dir='ltr'>tamen</span> <span class='ocrx_word' id='word_1_251' title='bbox 975 1369 1011 1403; x_wconf 90' lang='lat' dir='ltr'>in</span> <span class='ocrx_word' id='word_1_252' title='bbox 1029 1369 1233 1413; x_wconf 86' lang='lat' dir='ltr'>aequatoris</span> <span class='ocrx_word' id='word_1_253' title='bbox 1252 1369 1384 1405; x_wconf 86' lang='lat' dir='ltr'>circulo</span> <span class='ocrx_word' id='word_1_254' title='bbox 1403 1371 1619 1406; x_wconf 90' lang='lat' dir='ltr'>immobilem</span> <span class='ocrx_word' id='word_1_255' title='bbox 1638 1376 1733 1407; x_wconf 90' lang='lat' dir='ltr'>stare</span> <span class='ocrx_word' id='word_1_256' title='bbox 1751 1372 1915 1415; x_wconf 82' lang='lat' dir='ltr'>voluerit,</span> 
     </span>
     <span class='ocr_line' id='line_1_22' title="bbox 120 1426 1915 1474; baseline 0.002 -13"><span class='ocrx_word' id='word_1_257' title='bbox 120 1431 155 1462; x_wconf 92' lang='lat' dir='ltr'>et</span> <span class='ocrx_word' id='word_1_258' title='bbox 177 1437 356 1471; x_wconf 86' lang='lat' dir='ltr'>recenses,</span> <span class='ocrx_word' id='word_1_259' title='bbox 383 1427 413 1461; x_wconf 90' lang='lat' dir='ltr'>si</span> <span class='ocrx_word' id='word_1_260' title='bbox 437 1427 564 1461; x_wconf 89' lang='lat' dir='ltr'>horum</span> <span class='ocrx_word' id='word_1_261' title='bbox 591 1426 676 1470; x_wconf 91' lang='lat' dir='ltr'>quid</span> <span class='ocrx_word' id='word_1_262' title='bbox 695 1426 916 1472; x_wconf 86' lang='lat' dir='ltr'>contigisset,</span> <span class='ocrx_word' id='word_1_263' title='bbox 942 1427 1040 1461; x_wconf 89' lang='lat' dir='ltr'>varia</span> <span class='ocrx_word' id='word_1_264' title='bbox 1057 1427 1294 1469; x_wconf 86' lang='lat' dir='ltr'>incommoda,</span> <span class='ocrx_word' id='word_1_265' title='bbox 1320 1439 1412 1472; x_wconf 89' lang='lat' dir='ltr'>quae</span> <span class='ocrx_word' id='word_1_266' title='bbox 1437 1440 1503 1474; x_wconf 91' lang='lat' dir='ltr'>pro</span> <span class='ocrx_word' id='word_1_267' title='bbox 1522 1429 1729 1465; x_wconf 82' lang='lat' dir='ltr'>diversitate</span> <span class='ocrx_word' id='word_1_268' title='bbox 1752 1431 1915 1467; x_wconf 89' lang='lat' dir='ltr'>locorum</span> 
     </span>
     <span class='ocr_line' id='line_1_23' title="bbox 120 1484 1916 1532; baseline 0.003 -13"><span class='ocrx_word' id='word_1_269' title='bbox 120 1485 314 1519; x_wconf 83' lang='lat' dir='ltr'>Terrarum</span> <span class='ocrx_word' id='word_1_270' title='bbox 338 1485 475 1519; x_wconf 88' lang='lat' dir='ltr'>incolas</span> <span class='ocrx_word' id='word_1_271' title='bbox 502 1484 719 1519; x_wconf 78' lang='lat' dir='ltr'>afflixissent</span> <span class='ocrx_word' id='word_1_272' title='bbox 737 1489 773 1520; x_wconf 90' lang='lat' dir='ltr'>et</span> <span class='ocrx_word' id='word_1_273' title='bbox 789 1485 1003 1520; x_wconf 84' lang='lat' dir='ltr'>habitationi</span> <span class='ocrx_word' id='word_1_274' title='bbox 1021 1485 1226 1520; x_wconf 88' lang='lat' dir='ltr'>inidoneam</span> <span class='ocrx_word' id='word_1_275' title='bbox 1243 1484 1390 1521; x_wconf 85' lang='lat' dir='ltr'>Terram</span> <span class='ocrx_word' id='word_1_276' title='bbox 1407 1487 1659 1532; x_wconf 87' lang='lat' dir='ltr'>reddidissent,</span> <span class='ocrx_word' id='word_1_277' title='bbox 1683 1489 1778 1524; x_wconf 87' lang='lat' dir='ltr'>hanc</span> <span class='ocrx_word' id='word_1_278' title='bbox 1795 1493 1916 1526; x_wconf 87' lang='lat' dir='ltr'>autem</span> 
     </span>
     <span class='ocr_line' id='line_1_24' title="bbox 117 1543 1914 1592; baseline 0.003 -14"><span class='ocrx_word' id='word_1_279' title='bbox 117 1553 197 1578; x_wconf 91' lang='lat' dir='ltr'>esse</span> <span class='ocrx_word' id='word_1_280' title='bbox 222 1543 380 1578; x_wconf 88' lang='lat' dir='ltr'>omnium</span> <span class='ocrx_word' id='word_1_281' title='bbox 404 1543 575 1587; x_wconf 87' lang='lat' dir='ltr'>optimam</span> <span class='ocrx_word' id='word_1_282' title='bbox 600 1547 636 1577; x_wconf 86' lang='lat' dir='ltr'>et</span> <span class='ocrx_word' id='word_1_283' title='bbox 654 1543 986 1588; x_wconf 84' lang='lat' dir='ltr'>commodissimam,</span> <span class='ocrx_word' id='word_1_284' title='bbox 1014 1554 1094 1578; x_wconf 91' lang='lat' dir='ltr'>cum</span> <span class='ocrx_word' id='word_1_285' title='bbox 1120 1543 1296 1587; x_wconf 86' lang='lat' dir='ltr'>ejusmodi</span> <span class='ocrx_word' id='word_1_286' title='bbox 1314 1544 1387 1579; x_wconf 90' lang='lat' dir='ltr'>Soli</span> <span class='ocrx_word' id='word_1_287' title='bbox 1412 1543 1543 1581; x_wconf 90' lang='lat' dir='ltr'>limites</span> <span class='ocrx_word' id='word_1_288' title='bbox 1570 1547 1641 1582; x_wconf 89' lang='lat' dir='ltr'>sint</span> <span class='ocrx_word' id='word_1_289' title='bbox 1665 1548 1785 1592; x_wconf 90' lang='lat' dir='ltr'>positi,</span> <span class='ocrx_word' id='word_1_290' title='bbox 1812 1552 1852 1582; x_wconf 90' lang='lat' dir='ltr'>ut</span> <span class='ocrx_word' id='word_1_291' title='bbox 1877 1549 1914 1583; x_wconf 90' lang='lat' dir='ltr'>in</span> 
     </span>
     <span class='ocr_line' id='line_1_25' title="bbox 117 1601 1915 1650; baseline 0.003 -14"><span class='ocrx_word' id='word_1_292' title='bbox 117 1601 238 1636; x_wconf 85' lang='lat' dir='ltr'>multis</span> <span class='ocrx_word' id='word_1_293' title='bbox 264 1601 397 1637; x_wconf 86' lang='lat' dir='ltr'>Terrae</span> <span class='ocrx_word' id='word_1_294' title='bbox 431 1602 596 1646; x_wconf 87' lang='lat' dir='ltr'>partibus</span> <span class='ocrx_word' id='word_1_295' title='bbox 631 1607 792 1637; x_wconf 82' lang='lat' dir='ltr'>servetur</span> <span class='ocrx_word' id='word_1_296' title='bbox 823 1603 979 1638; x_wconf 87' lang='lat' dir='ltr'>medium</span> <span class='ocrx_word' id='word_1_297' title='bbox 1014 1603 1108 1638; x_wconf 85' lang='lat' dir='ltr'>inter</span> <span class='ocrx_word' id='word_1_298' title='bbox 1139 1602 1251 1646; x_wconf 88' lang='lat' dir='ltr'>frigus</span> <span class='ocrx_word' id='word_1_299' title='bbox 1277 1606 1312 1638; x_wconf 91' lang='lat' dir='ltr'>et</span> <span class='ocrx_word' id='word_1_300' title='bbox 1337 1607 1475 1638; x_wconf 88' lang='lat' dir='ltr'>aestum</span> <span class='ocrx_word' id='word_1_301' title='bbox 1502 1608 1538 1639; x_wconf 90' lang='lat' dir='ltr'>et</span> <span class='ocrx_word' id='word_1_302' title='bbox 1571 1605 1667 1649; x_wconf 88' lang='lat' dir='ltr'>quod</span> <span class='ocrx_word' id='word_1_303' title='bbox 1692 1606 1851 1650; x_wconf 80' lang='lat' dir='ltr'>aequalis</span> <span class='ocrx_word' id='word_1_304' title='bbox 1879 1612 1915 1642; x_wconf 90' lang='lat' dir='ltr'>et</span> 
     </span>
     <span class='ocr_line' id='line_1_26' title="bbox 123 1659 1914 1707; baseline 0.002 -12"><span class='ocrx_word' id='word_1_305' title='bbox 123 1660 311 1696; x_wconf 88' lang='lat' dir='ltr'>commoda</span> <span class='ocrx_word' id='word_1_306' title='bbox 335 1660 431 1694; x_wconf 84' lang='lat' dir='ltr'>facta</span> <span class='ocrx_word' id='word_1_307' title='bbox 456 1660 502 1694; x_wconf 91' lang='lat' dir='ltr'>sit</span> <span class='ocrx_word' id='word_1_308' title='bbox 526 1659 615 1694; x_wconf 92' lang='lat' dir='ltr'>lucis</span> <span class='ocrx_word' id='word_1_309' title='bbox 642 1664 678 1694; x_wconf 89' lang='lat' dir='ltr'>et</span> <span class='ocrx_word' id='word_1_310' title='bbox 701 1659 932 1695; x_wconf 80' lang='lat' dir='ltr'>tenebrarum</span> <span class='ocrx_word' id='word_1_311' title='bbox 958 1660 1093 1696; x_wconf 85' lang='lat' dir='ltr'>divisio.</span> <span class='ocrx_word' id='word_1_312' title='bbox 1136 1660 1237 1703; x_wconf 78' lang='lat' dir='ltr'>Quae</span> <span class='ocrx_word' id='word_1_313' title='bbox 1263 1661 1381 1696; x_wconf 88' lang='lat' dir='ltr'>omnia</span> <span class='ocrx_word' id='word_1_314' title='bbox 1405 1672 1477 1696; x_wconf 90' lang='lat' dir='ltr'>non</span> <span class='ocrx_word' id='word_1_315' title='bbox 1502 1673 1605 1707; x_wconf 85' lang='lat' dir='ltr'>nego,</span> <span class='ocrx_word' id='word_1_316' title='bbox 1631 1663 1694 1697; x_wconf 87' lang='lat' dir='ltr'>sed</span> <span class='ocrx_word' id='word_1_317' title='bbox 1719 1664 1861 1698; x_wconf 90' lang='lat' dir='ltr'>interim</span> <span class='ocrx_word' id='word_1_318' title='bbox 1879 1667 1914 1700; x_wconf 91' lang='lat' dir='ltr'>et</span> 
     </span>
     <span class='ocr_line' id='line_1_27' title="bbox 118 1718 1914 1763; baseline 0.002 -10"><span class='ocrx_word' id='word_1_319' title='bbox 118 1719 188 1754; x_wconf 92' lang='lat' dir='ltr'>hoc</span> <span class='ocrx_word' id='word_1_320' title='bbox 205 1718 295 1763; x_wconf 88' lang='lat' dir='ltr'>dico,</span> <span class='ocrx_word' id='word_1_321' title='bbox 321 1720 437 1754; x_wconf 90' lang='lat' dir='ltr'>Deum</span> <span class='ocrx_word' id='word_1_322' title='bbox 455 1718 559 1753; x_wconf 87' lang='lat' dir='ltr'>aliam</span> <span class='ocrx_word' id='word_1_323' title='bbox 580 1728 696 1762; x_wconf 87' lang='lat' dir='ltr'>aeque</span> <span class='ocrx_word' id='word_1_324' title='bbox 713 1718 909 1763; x_wconf 82' lang='lat' dir='ltr'>perfectam</span> <span class='ocrx_word' id='word_1_325' title='bbox 930 1719 1092 1763; x_wconf 87' lang='lat' dir='ltr'>potuisse</span> <span class='ocrx_word' id='word_1_326' title='bbox 1108 1718 1240 1753; x_wconf 89' lang='lat' dir='ltr'>mundo</span> <span class='ocrx_word' id='word_1_327' title='bbox 1266 1719 1390 1755; x_wconf 88' lang='lat' dir='ltr'>indere</span> <span class='ocrx_word' id='word_1_328' title='bbox 1413 1720 1584 1754; x_wconf 86' lang='lat' dir='ltr'>formam“</span> <span class='ocrx_word' id='word_1_329' title='bbox 1607 1726 1672 1756; x_wconf 90' lang='lat' dir='ltr'>etc.</span> <span class='ocrx_word' id='word_1_330' title='bbox 1715 1721 1788 1756; x_wconf 88' lang='lat' dir='ltr'>Sub</span> <span class='ocrx_word' id='word_1_331' title='bbox 1807 1722 1914 1757; x_wconf 88' lang='lat' dir='ltr'>finem</span> 
     </span>
     <span class='ocr_line' id='line_1_28' title="bbox 117 1776 1914 1822; baseline 0.003 -11"><span class='ocrx_word' id='word_1_332' title='bbox 117 1777 289 1822; x_wconf 83' lang='lat' dir='ltr'>longioris</span> <span class='ocrx_word' id='word_1_333' title='bbox 313 1777 422 1821; x_wconf 89' lang='lat' dir='ltr'>hujus</span> <span class='ocrx_word' id='word_1_334' title='bbox 449 1777 624 1822; x_wconf 86' lang='lat' dir='ltr'>epistolae</span> <span class='ocrx_word' id='word_1_335' title='bbox 648 1777 866 1811; x_wconf 87' lang='lat' dir='ltr'>mentionem</span> <span class='ocrx_word' id='word_1_336' title='bbox 890 1776 977 1812; x_wconf 85' lang='lat' dir='ltr'>facit</span> <span class='ocrx_word' id='word_1_337' title='bbox 1000 1777 1297 1821; x_wconf 86' lang='lat' dir='ltr'>Zehentmajerus</span> <span class='ocrx_word' id='word_1_338' title='bbox 1322 1779 1446 1814; x_wconf 91' lang='lat' dir='ltr'>mortis</span> <span class='ocrx_word' id='word_1_339' title='bbox 1472 1779 1513 1813; x_wconf 93' lang='lat' dir='ltr'>D.</span> <span class='ocrx_word' id='word_1_340' title='bbox 1538 1780 1767 1815; x_wconf 87' lang='lat' dir='ltr'>Forstmanni</span> <span class='ocrx_word' id='word_1_341' title='bbox 1793 1783 1828 1814; x_wconf 91' lang='lat' dir='ltr'>et</span> <span class='ocrx_word' id='word_1_342' title='bbox 1852 1781 1914 1816; x_wconf 89' lang='lat' dir='ltr'>ad-</span> 
     </span>
     <span class='ocr_line' id='line_1_29' title="bbox 120 1835 1914 1883; baseline 0.002 -13"><span class='ocrx_word' id='word_1_343' title='bbox 120 1836 190 1870; x_wconf 85' lang='lat' dir='ltr'>dit:</span> <span class='ocrx_word' id='word_1_344' title='bbox 219 1836 320 1878; x_wconf 84' lang='lat' dir='ltr'>„Jam</span> <span class='ocrx_word' id='word_1_345' title='bbox 345 1836 531 1880; x_wconf 76' lang='lat' dir='ltr'>experiris,</span> <span class='ocrx_word' id='word_1_346' title='bbox 558 1841 594 1870; x_wconf 89' lang='lat' dir='ltr'>te</span> <span class='ocrx_word' id='word_1_347' title='bbox 618 1836 716 1870; x_wconf 88' lang='lat' dir='ltr'>haud</span> <span class='ocrx_word' id='word_1_348' title='bbox 741 1846 870 1870; x_wconf 81' lang='lat' dir='ltr'>vanum</span> <span class='ocrx_word' id='word_1_349' title='bbox 895 1836 1105 1871; x_wconf 90' lang='lat' dir='ltr'>insumsisse</span> <span class='ocrx_word' id='word_1_350' title='bbox 1129 1835 1291 1871; x_wconf 88' lang='lat' dir='ltr'>laborem</span> <span class='ocrx_word' id='word_1_351' title='bbox 1316 1836 1352 1871; x_wconf 91' lang='lat' dir='ltr'>in</span> <span class='ocrx_word' id='word_1_352' title='bbox 1378 1836 1565 1872; x_wconf 88' lang='lat' dir='ltr'>scribendo</span> <span class='ocrx_word' id='word_1_353' title='bbox 1582 1838 1771 1883; x_wconf 72' lang='lat' dir='ltr'>Epz&#39;cedio.</span> <span class='ocrx_word' id='word_1_354' title='bbox 1808 1837 1914 1873; x_wconf 87' lang='lat' dir='ltr'>Mitte</span> 
     </span>
     <span class='ocr_line' id='line_1_30' title="bbox 120 1894 1913 1940; baseline 0 -11"><span class='ocrx_word' id='word_1_355' title='bbox 120 1905 254 1939; x_wconf 88' lang='lat' dir='ltr'>quaeso</span> <span class='ocrx_word' id='word_1_356' title='bbox 281 1894 368 1929; x_wconf 91' lang='lat' dir='ltr'>mihi</span> <span class='ocrx_word' id='word_1_357' title='bbox 393 1894 578 1939; x_wconf 79' lang='lat' dir='ltr'>exemplar</span> <span class='ocrx_word' id='word_1_358' title='bbox 603 1900 639 1929; x_wconf 89' lang='lat' dir='ltr'>et</span> <span class='ocrx_word' id='word_1_359' title='bbox 663 1894 751 1929; x_wconf 88' lang='lat' dir='ltr'>meis</span> <span class='ocrx_word' id='word_1_360' title='bbox 777 1895 956 1930; x_wconf 86' lang='lat' dir='ltr'>sumtibus</span> <span class='ocrx_word' id='word_1_361' title='bbox 982 1895 1098 1931; x_wconf 89' lang='lat' dir='ltr'>denuo</span> <span class='ocrx_word' id='word_1_362' title='bbox 1123 1894 1367 1930; x_wconf 87' lang='lat' dir='ltr'>recudendum</span> <span class='ocrx_word' id='word_1_363' title='bbox 1392 1905 1489 1930; x_wconf 88' lang='lat' dir='ltr'>cura.</span> <span class='ocrx_word' id='word_1_364' title='bbox 1528 1896 1577 1940; x_wconf 84' lang='lat' dir='ltr'>(Iu</span> <span class='ocrx_word' id='word_1_365' title='bbox 1602 1900 1772 1940; x_wconf 84' lang='lat' dir='ltr'>prioribus</span> <span class='ocrx_word' id='word_1_366' title='bbox 1796 1897 1913 1940; x_wconf 82' lang='lat' dir='ltr'>literis,</span> 
     </span>
     <span class='ocr_line' id='line_1_31' title="bbox 119 1955 1913 1997; baseline 0.001 -11"><span class='ocrx_word' id='word_1_367' title='bbox 119 1966 231 1987; x_wconf 82' lang='lat' dir='ltr'>mense</span> <span class='ocrx_word' id='word_1_368' title='bbox 256 1956 377 1986; x_wconf 87' lang='lat' dir='ltr'>Martio</span> <span class='ocrx_word' id='word_1_369' title='bbox 406 1956 503 1997; x_wconf 85' lang='lat' dir='ltr'>datis,</span> <span class='ocrx_word' id='word_1_370' title='bbox 531 1958 739 1987; x_wconf 77' lang='lat' dir='ltr'>excusaverat</span> <span class='ocrx_word' id='word_1_371' title='bbox 764 1965 797 1986; x_wconf 88' lang='lat' dir='ltr'>se</span> <span class='ocrx_word' id='word_1_372' title='bbox 822 1955 1109 1997; x_wconf 84' lang='lat' dir='ltr'>Zehentmajerus,</span> <span class='ocrx_word' id='word_1_373' title='bbox 1137 1955 1226 1996; x_wconf 88' lang='lat' dir='ltr'>quod</span> <span class='ocrx_word' id='word_1_374' title='bbox 1249 1955 1332 1986; x_wconf 86' lang='lat' dir='ltr'>falso</span> <span class='ocrx_word' id='word_1_375' title='bbox 1358 1956 1614 1987; x_wconf 84' lang='lat' dir='ltr'>Forstmannum</span> <span class='ocrx_word' id='word_1_376' title='bbox 1639 1960 1806 1988; x_wconf 88' lang='lat' dir='ltr'>mortuum</span> <span class='ocrx_word' id='word_1_377' title='bbox 1830 1966 1913 1988; x_wconf 89' lang='lat' dir='ltr'>nun-</span> 
     </span>
     <span class='ocr_line' id='line_1_32' title="bbox 120 2013 1836 2057; baseline 0.002 -13"><span class='ocrx_word' id='word_1_378' title='bbox 120 2015 271 2057; x_wconf 83' lang='lat' dir='ltr'>ciaverit3</span> <span class='ocrx_word' id='word_1_379' title='bbox 297 2015 386 2046; x_wconf 88' lang='lat' dir='ltr'>idem</span> <span class='ocrx_word' id='word_1_380' title='bbox 411 2015 496 2046; x_wconf 87' lang='lat' dir='ltr'>forte</span> <span class='ocrx_word' id='word_1_381' title='bbox 521 2015 613 2057; x_wconf 82' lang='lat' dir='ltr'>dicit,</span> <span class='ocrx_word' id='word_1_382' title='bbox 640 2015 731 2056; x_wconf 87' lang='lat' dir='ltr'>quod</span> <span class='ocrx_word' id='word_1_383' title='bbox 755 2024 858 2056; x_wconf 88' lang='lat' dir='ltr'>supra</span> <span class='ocrx_word' id='word_1_384' title='bbox 887 2032 923 2037; x_wconf 91' lang='lat'>-—</span> <span class='ocrx_word' id='word_1_385' title='bbox 952 2016 985 2048; x_wconf 76' lang='lat'>2.</span> <span class='ocrx_word' id='word_1_386' title='bbox 1013 2015 1138 2056; x_wconf 84' lang='lat' dir='ltr'>Aprilis</span> <span class='ocrx_word' id='word_1_387' title='bbox 1165 2033 1208 2037; x_wconf 88' lang='lat'>—</span> <span class='ocrx_word' id='word_1_388' title='bbox 1235 2015 1429 2045; x_wconf 69' lang='lat' dir='ltr'>cantionem</span> <span class='ocrx_word' id='word_1_389' title='bbox 1453 2014 1591 2056; x_wconf 85' lang='lat' dir='ltr'>Kepleri</span> <span class='ocrx_word' id='word_1_390' title='bbox 1614 2013 1836 2057; x_wconf 80' lang='lat' dir='ltr'>laudaverat.)</span> 
     </span>
    </p>

    <p class='ocr_par' dir='ltr' id='par_1_4' title="bbox 118 2070 1913 3109">
     <span class='ocr_line' id='line_1_33' title="bbox 259 2070 1913 2115; baseline -0.002 -9"><span class='ocrx_word' id='word_1_391' title='bbox 259 2071 316 2106; x_wconf 90' lang='lat' dir='ltr'>Ad</span> <span class='ocrx_word' id='word_1_392' title='bbox 341 2071 430 2106; x_wconf 85' lang='lat' dir='ltr'>haec</span> <span class='ocrx_word' id='word_1_393' title='bbox 456 2071 576 2106; x_wconf 90' lang='lat' dir='ltr'>statim</span> <span class='ocrx_word' id='word_1_394' title='bbox 600 2071 830 2115; x_wconf 89' lang='lat' dir='ltr'>respondisse</span> <span class='ocrx_word' id='word_1_395' title='bbox 856 2071 1051 2115; x_wconf 87' lang='lat' dir='ltr'>Keplerum</span> <span class='ocrx_word' id='word_1_396' title='bbox 1077 2080 1122 2104; x_wconf 81' lang='lat' dir='ltr'>ex</span> <span class='ocrx_word' id='word_1_397' title='bbox 1145 2070 1202 2104; x_wconf 91' lang='lat' dir='ltr'>his</span> <span class='ocrx_word' id='word_1_398' title='bbox 1227 2070 1491 2114; x_wconf 80' lang='lat' dir='ltr'>ZehentmaJ&#39;eri</span> <span class='ocrx_word' id='word_1_399' title='bbox 1514 2070 1626 2105; x_wconf 90' lang='lat' dir='ltr'>literis</span> <span class='ocrx_word' id='word_1_400' title='bbox 1654 2072 1698 2115; x_wconf 88' lang='lat' dir='ltr'>(d.</span> <span class='ocrx_word' id='word_1_401' title='bbox 1725 2074 1781 2106; x_wconf 75' lang='lat'>23.</span> <span class='ocrx_word' id='word_1_402' title='bbox 1805 2072 1913 2115; x_wconf 84' lang='lat' dir='ltr'>Junii)</span> 
     </span>
     <span class='ocr_line' id='line_1_34' title="bbox 118 2128 1912 2174; baseline 0.002 -12"><span class='ocrx_word' id='word_1_403' title='bbox 118 2134 284 2174; x_wconf 88' lang='lat' dir='ltr'>apparet:</span> <span class='ocrx_word' id='word_1_404' title='bbox 322 2129 485 2171; x_wconf 79' lang='lat' dir='ltr'>„Literas</span> <span class='ocrx_word' id='word_1_405' title='bbox 510 2134 590 2164; x_wconf 87' lang='lat' dir='ltr'>tuas</span> <span class='ocrx_word' id='word_1_406' title='bbox 616 2129 670 2164; x_wconf 74' lang='lat'>16.</span> <span class='ocrx_word' id='word_1_407' title='bbox 697 2128 796 2164; x_wconf 83' lang='lat' dir='ltr'>Junii</span> <span class='ocrx_word' id='word_1_408' title='bbox 830 2133 994 2164; x_wconf 80' lang='lat' dir='ltr'>exaratas</span> <span class='ocrx_word' id='word_1_409' title='bbox 1019 2129 1097 2163; x_wconf 90' lang='lat' dir='ltr'>heri</span> <span class='ocrx_word' id='word_1_410' title='bbox 1122 2129 1245 2173; x_wconf 86' lang='lat' dir='ltr'>accepi</span> <span class='ocrx_word' id='word_1_411' title='bbox 1249 2154 1372 2164; x_wconf 82' lang='grc'><strong>.....</strong></span> <span class='ocrx_word' id='word_1_412' title='bbox 1427 2128 1629 2172; x_wconf 88' lang='lat' dir='ltr'>Epistolam</span> <span class='ocrx_word' id='word_1_413' title='bbox 1654 2132 1763 2171; x_wconf 85' lang='lat' dir='ltr'>tuam,</span> <span class='ocrx_word' id='word_1_414' title='bbox 1795 2129 1912 2165; x_wconf 89' lang='lat' dir='ltr'>verius</span> 
     </span>
     <span class='ocr_line' id='line_1_35' title="bbox 120 2187 1913 2233; baseline -0.001 -10"><span class='ocrx_word' id='word_1_415' title='bbox 120 2188 292 2232; x_wconf 84' lang='lat' dir='ltr'>scriptum</span> <span class='ocrx_word' id='word_1_416' title='bbox 317 2193 379 2222; x_wconf 89' lang='lat' dir='ltr'>aut</span> <span class='ocrx_word' id='word_1_417' title='bbox 405 2187 692 2222; x_wconf 84' lang='lat' dir='ltr'>dissertationem</span> <span class='ocrx_word' id='word_1_418' title='bbox 710 2187 1006 2233; x_wconf 87' lang='lat' dir='ltr'>philosophicam,</span> <span class='ocrx_word' id='word_1_419' title='bbox 1034 2187 1236 2222; x_wconf 83' lang='lat' dir='ltr'>avidissime</span> <span class='ocrx_word' id='word_1_420' title='bbox 1253 2187 1402 2232; x_wconf 83' lang='lat' dir='ltr'>perlegi.</span> <span class='ocrx_word' id='word_1_421' title='bbox 1442 2187 1524 2222; x_wconf 78' lang='lat' dir='ltr'>Non</span> <span class='ocrx_word' id='word_1_422' title='bbox 1550 2187 1638 2222; x_wconf 89' lang='lat' dir='ltr'>satis</span> <span class='ocrx_word' id='word_1_423' title='bbox 1662 2187 1765 2232; x_wconf 91' lang='lat' dir='ltr'>potui</span> <span class='ocrx_word' id='word_1_424' title='bbox 1790 2188 1913 2232; x_wconf 82' lang='lat' dir='ltr'>exqui-</span> 
     </span>
     <span class='ocr_line' id='line_1_36' title="bbox 119 2245 1912 2290; baseline 0.001 -10"><span class='ocrx_word' id='word_1_425' title='bbox 119 2246 223 2280; x_wconf 85' lang='lat' dir='ltr'>sitam</span> <span class='ocrx_word' id='word_1_426' title='bbox 248 2252 346 2280; x_wconf 90' lang='lat' dir='ltr'>tuam</span> <span class='ocrx_word' id='word_1_427' title='bbox 372 2245 608 2281; x_wconf 89' lang='lat' dir='ltr'>eruditionem</span> <span class='ocrx_word' id='word_1_428' title='bbox 633 2250 669 2280; x_wconf 87' lang='lat' dir='ltr'>et</span> <span class='ocrx_word' id='word_1_429' title='bbox 689 2245 816 2290; x_wconf 84' lang='lat' dir='ltr'>judicii</span> <span class='ocrx_word' id='word_1_430' title='bbox 848 2246 1099 2281; x_wconf 82' lang='lat' dir='ltr'>dexteritatem</span> <span class='ocrx_word' id='word_1_431' title='bbox 1124 2246 1307 2288; x_wconf 88' lang='lat' dir='ltr'>admirari,</span> <span class='ocrx_word' id='word_1_432' title='bbox 1337 2257 1408 2290; x_wconf 88' lang='lat' dir='ltr'>qua</span> <span class='ocrx_word' id='word_1_433' title='bbox 1443 2246 1560 2281; x_wconf 89' lang='lat' dir='ltr'>dubiis</span> <span class='ocrx_word' id='word_1_434' title='bbox 1585 2246 1673 2281; x_wconf 90' lang='lat' dir='ltr'>meis</span> <span class='ocrx_word' id='word_1_435' title='bbox 1706 2246 1912 2282; x_wconf 85' lang='lat' dir='ltr'>satisfecisti</span> 
     </span>
     <span class='ocr_line' id='line_1_37' title="bbox 120 2303 1913 2350; baseline 0 -11"><span class='ocrx_word' id='word_1_436' title='bbox 120 2311 156 2340; x_wconf 85' lang='lat' dir='ltr'>et</span> <span class='ocrx_word' id='word_1_437' title='bbox 180 2305 326 2348; x_wconf 87' lang='lat' dir='ltr'>insuper</span> <span class='ocrx_word' id='word_1_438' title='bbox 347 2304 523 2348; x_wconf 82' lang='lat' dir='ltr'>judicium</span> <span class='ocrx_word' id='word_1_439' title='bbox 547 2315 630 2339; x_wconf 87' lang='lat' dir='ltr'>vere</span> <span class='ocrx_word' id='word_1_440' title='bbox 656 2303 888 2340; x_wconf 86' lang='lat' dir='ltr'>christianum</span> <span class='ocrx_word' id='word_1_441' title='bbox 915 2305 958 2340; x_wconf 91' lang='lat' dir='ltr'>de</span> <span class='ocrx_word' id='word_1_442' title='bbox 983 2305 1166 2349; x_wconf 88' lang='lat' dir='ltr'>praesenti</span> <span class='ocrx_word' id='word_1_443' title='bbox 1192 2304 1366 2340; x_wconf 88' lang='lat' dir='ltr'>ecclesiae</span> <span class='ocrx_word' id='word_1_444' title='bbox 1392 2309 1490 2340; x_wconf 85' lang='lat' dir='ltr'>statu</span> <span class='ocrx_word' id='word_1_445' title='bbox 1516 2305 1738 2350; x_wconf 84' lang='lat' dir='ltr'>suggessisti.</span> <span class='ocrx_word' id='word_1_446' title='bbox 1779 2305 1857 2340; x_wconf 88' lang='lat' dir='ltr'>Nae</span> <span class='ocrx_word' id='word_1_447' title='bbox 1873 2307 1913 2339; x_wconf 87' lang='lat' dir='ltr'>tu</span> 
     </span>
     <span class='ocr_line' id='line_1_38' title="bbox 120 2362 1910 2407; baseline 0 -11"><span class='ocrx_word' id='word_1_448' title='bbox 120 2362 206 2397; x_wconf 89' lang='lat' dir='ltr'>mihi</span> <span class='ocrx_word' id='word_1_449' title='bbox 231 2366 358 2406; x_wconf 91' lang='lat' dir='ltr'>terque</span> <span class='ocrx_word' id='word_1_450' title='bbox 384 2366 583 2407; x_wconf 85' lang='lat' dir='ltr'>quaterque</span> <span class='ocrx_word' id='word_1_451' title='bbox 609 2362 695 2397; x_wconf 76' lang='lat' dir='ltr'>felix</span> <span class='ocrx_word' id='word_1_452' title='bbox 722 2373 771 2407; x_wconf 82' lang='lat' dir='ltr'>es,</span> <span class='ocrx_word' id='word_1_453' title='bbox 799 2364 860 2407; x_wconf 91' lang='lat' dir='ltr'>qui</span> <span class='ocrx_word' id='word_1_454' title='bbox 885 2367 959 2397; x_wconf 91' lang='lat' dir='ltr'>tam</span> <span class='ocrx_word' id='word_1_455' title='bbox 984 2363 1148 2407; x_wconf 88' lang='lat' dir='ltr'>ingentes</span> <span class='ocrx_word' id='word_1_456' title='bbox 1167 2363 1357 2399; x_wconf 84' lang='lat' dir='ltr'>thesauros</span> <span class='ocrx_word' id='word_1_457' title='bbox 1382 2364 1560 2399; x_wconf 89' lang='lat' dir='ltr'>humanae</span> <span class='ocrx_word' id='word_1_458' title='bbox 1577 2368 1613 2399; x_wconf 84' lang='lat' dir='ltr'>et</span> <span class='ocrx_word' id='word_1_459' title='bbox 1640 2363 1780 2398; x_wconf 88' lang='lat' dir='ltr'>divinae</span> <span class='ocrx_word' id='word_1_460' title='bbox 1798 2363 1910 2398; x_wconf 91' lang='lat' dir='ltr'>scien-</span> 
     </span>
     <span class='ocr_line' id='line_1_39' title="bbox 120 2420 1910 2467; baseline 0 -11"><span class='ocrx_word' id='word_1_461' title='bbox 120 2421 191 2456; x_wconf 84' lang='lat' dir='ltr'>tiae</span> <span class='ocrx_word' id='word_1_462' title='bbox 209 2420 375 2465; x_wconf 87' lang='lat' dir='ltr'>possides</span> <span class='ocrx_word' id='word_1_463' title='bbox 402 2426 437 2455; x_wconf 90' lang='lat' dir='ltr'>et</span> <span class='ocrx_word' id='word_1_464' title='bbox 460 2425 563 2455; x_wconf 88' lang='lat' dir='ltr'>tanta</span> <span class='ocrx_word' id='word_1_465' title='bbox 581 2420 797 2456; x_wconf 83' lang='lat' dir='ltr'>dexteritate</span> <span class='ocrx_word' id='word_1_466' title='bbox 823 2422 935 2457; x_wconf 82' lang='lat' dir='ltr'>ardua</span> <span class='ocrx_word' id='word_1_467' title='bbox 955 2432 1118 2467; x_wconf 88' lang='lat' dir='ltr'>quaeque</span> <span class='ocrx_word' id='word_1_468' title='bbox 1144 2428 1178 2457; x_wconf 89' lang='lat' dir='ltr'>et</span> <span class='ocrx_word' id='word_1_469' title='bbox 1196 2423 1375 2458; x_wconf 90' lang='lat' dir='ltr'>communi</span> <span class='ocrx_word' id='word_1_470' title='bbox 1399 2423 1581 2458; x_wconf 90' lang='lat' dir='ltr'>hominum</span> <span class='ocrx_word' id='word_1_471' title='bbox 1605 2421 1804 2457; x_wconf 88' lang='lat' dir='ltr'>intellectui</span> <span class='ocrx_word' id='word_1_472' title='bbox 1830 2420 1910 2456; x_wconf 87' lang='lat' dir='ltr'>abs-</span> 
     </span>
     <span class='ocr_line' id='line_1_40' title="bbox 120 2478 1908 2525; baseline -0.001 -11"><span class='ocrx_word' id='word_1_473' title='bbox 120 2479 265 2514; x_wconf 89' lang='lat' dir='ltr'>condita</span> <span class='ocrx_word' id='word_1_474' title='bbox 296 2480 393 2514; x_wconf 87' lang='lat' dir='ltr'>nosti</span> <span class='ocrx_word' id='word_1_475' title='bbox 425 2489 566 2522; x_wconf 88' lang='lat' dir='ltr'>eruere,</span> <span class='ocrx_word' id='word_1_476' title='bbox 597 2479 758 2524; x_wconf 85' lang='lat' dir='ltr'>judicare</span> <span class='ocrx_word' id='word_1_477' title='bbox 791 2486 827 2516; x_wconf 89' lang='lat' dir='ltr'>et</span> <span class='ocrx_word' id='word_1_478' title='bbox 860 2481 1027 2525; x_wconf 90' lang='lat' dir='ltr'>scopulos</span> <span class='ocrx_word' id='word_1_479' title='bbox 1061 2491 1220 2515; x_wconf 87' lang='lat' dir='ltr'>errorum</span> <span class='ocrx_word' id='word_1_480' title='bbox 1254 2485 1290 2516; x_wconf 87' lang='lat' dir='ltr'>et</span> <span class='ocrx_word' id='word_1_481' title='bbox 1324 2479 1531 2516; x_wconf 84' lang='lat' dir='ltr'>offendiculi</span> <span class='ocrx_word' id='word_1_482' title='bbox 1555 2485 1628 2515; x_wconf 88' lang='lat' dir='ltr'>tam</span> <span class='ocrx_word' id='word_1_483' title='bbox 1665 2484 1767 2515; x_wconf 90' lang='lat' dir='ltr'>caute</span> <span class='ocrx_word' id='word_1_484' title='bbox 1799 2478 1908 2514; x_wconf 88' lang='lat' dir='ltr'>decli-</span> 
     </span>
     <span class='ocr_line' id='line_1_41' title="bbox 119 2537 1907 2584; baseline -0.001 -12"><span class='ocrx_word' id='word_1_485' title='bbox 119 2547 205 2573; x_wconf 84' lang='lat' dir='ltr'>nare</span> <span class='ocrx_word' id='word_1_486' title='bbox 223 2541 259 2572; x_wconf 89' lang='lat' dir='ltr'>et</span> <span class='ocrx_word' id='word_1_487' title='bbox 282 2537 451 2572; x_wconf 81' lang='lat' dir='ltr'>virtutem</span> <span class='ocrx_word' id='word_1_488' title='bbox 466 2537 503 2572; x_wconf 89' lang='lat' dir='ltr'>in</span> <span class='ocrx_word' id='word_1_489' title='bbox 519 2538 644 2572; x_wconf 91' lang='lat' dir='ltr'>mediis</span> <span class='ocrx_word' id='word_1_490' title='bbox 662 2538 884 2574; x_wconf 84' lang='lat' dir='ltr'>anfractibus</span> <span class='ocrx_word' id='word_1_491' title='bbox 902 2539 1067 2574; x_wconf 84' lang='lat' dir='ltr'>vitiorum</span> <span class='ocrx_word' id='word_1_492' title='bbox 1090 2544 1164 2575; x_wconf 87' lang='lat' dir='ltr'>tam</span> <span class='ocrx_word' id='word_1_493' title='bbox 1189 2540 1348 2575; x_wconf 89' lang='lat' dir='ltr'>studiose</span> <span class='ocrx_word' id='word_1_494' title='bbox 1372 2541 1486 2584; x_wconf 89' lang='lat' dir='ltr'>sequi.</span> <span class='ocrx_word' id='word_1_495' title='bbox 1519 2539 1577 2574; x_wconf 90' lang='lat' dir='ltr'>Ad</span> <span class='ocrx_word' id='word_1_496' title='bbox 1602 2539 1767 2574; x_wconf 82' lang='lat' dir='ltr'>eximiam</span> <span class='ocrx_word' id='word_1_497' title='bbox 1791 2537 1907 2582; x_wconf 89' lang='lat' dir='ltr'>philo-</span> 
     </span>
     <span class='ocr_line' id='line_1_42' title="bbox 119 2594 1907 2642; baseline 0.001 -12"><span class='ocrx_word' id='word_1_498' title='bbox 119 2595 270 2639; x_wconf 88' lang='lat' dir='ltr'>sophiae</span> <span class='ocrx_word' id='word_1_499' title='bbox 295 2594 537 2638; x_wconf 84' lang='lat' dir='ltr'>cognitionem</span> <span class='ocrx_word' id='word_1_500' title='bbox 563 2596 661 2631; x_wconf 87' lang='lat' dir='ltr'>Deus</span> <span class='ocrx_word' id='word_1_501' title='bbox 687 2607 793 2631; x_wconf 82' lang='lat' dir='ltr'>verae</span> <span class='ocrx_word' id='word_1_502' title='bbox 818 2596 964 2641; x_wconf 87' lang='lat' dir='ltr'>pietatis</span> <span class='ocrx_word' id='word_1_503' title='bbox 983 2597 1116 2632; x_wconf 91' lang='lat' dir='ltr'>donum</span> <span class='ocrx_word' id='word_1_504' title='bbox 1139 2598 1175 2632; x_wconf 91' lang='lat' dir='ltr'>in</span> <span class='ocrx_word' id='word_1_505' title='bbox 1199 2602 1236 2633; x_wconf 88' lang='lat' dir='ltr'>te</span> <span class='ocrx_word' id='word_1_506' title='bbox 1255 2597 1415 2640; x_wconf 89' lang='lat' dir='ltr'>contulit,</span> <span class='ocrx_word' id='word_1_507' title='bbox 1440 2598 1490 2632; x_wconf 85' lang='lat' dir='ltr'>ita</span> <span class='ocrx_word' id='word_1_508' title='bbox 1516 2597 1669 2642; x_wconf 90' lang='lat' dir='ltr'>quidem,</span> <span class='ocrx_word' id='word_1_509' title='bbox 1696 2601 1735 2631; x_wconf 93' lang='lat' dir='ltr'>ut</span> <span class='ocrx_word' id='word_1_510' title='bbox 1751 2597 1907 2631; x_wconf 83' lang='lat' dir='ltr'>humana</span> 
     </span>
     <span class='ocr_line' id='line_1_43' title="bbox 118 2652 1906 2701; baseline 0.001 -15"><span class='ocrx_word' id='word_1_511' title='bbox 118 2652 295 2697; x_wconf 87' lang='lat' dir='ltr'>sapientia</span> <span class='ocrx_word' id='word_1_512' title='bbox 321 2652 465 2687; x_wconf 83' lang='lat' dir='ltr'>exculta</span> <span class='ocrx_word' id='word_1_513' title='bbox 481 2652 518 2686; x_wconf 91' lang='lat' dir='ltr'>in</span> <span class='ocrx_word' id='word_1_514' title='bbox 535 2658 570 2687; x_wconf 90' lang='lat' dir='ltr'>te</span> <span class='ocrx_word' id='word_1_515' title='bbox 587 2655 678 2688; x_wconf 89' lang='lat' dir='ltr'>ratio</span> <span class='ocrx_word' id='word_1_516' title='bbox 704 2655 846 2690; x_wconf 89' lang='lat' dir='ltr'>minime</span> <span class='ocrx_word' id='word_1_517' title='bbox 871 2661 1055 2700; x_wconf 83' lang='lat' dir='ltr'>pervertat</span> <span class='ocrx_word' id='word_1_518' title='bbox 1073 2656 1205 2692; x_wconf 90' lang='lat' dir='ltr'>Christi</span> <span class='ocrx_word' id='word_1_519' title='bbox 1230 2667 1386 2701; x_wconf 89' lang='lat' dir='ltr'>sensum,</span> <span class='ocrx_word' id='word_1_520' title='bbox 1414 2660 1450 2691; x_wconf 91' lang='lat' dir='ltr'>et</span> <span class='ocrx_word' id='word_1_521' title='bbox 1467 2661 1506 2692; x_wconf 89' lang='lat' dir='ltr'>tu</span> <span class='ocrx_word' id='word_1_522' title='bbox 1523 2656 1656 2700; x_wconf 89' lang='lat' dir='ltr'>ubique</span> <span class='ocrx_word' id='word_1_523' title='bbox 1676 2654 1803 2699; x_wconf 86' lang='lat' dir='ltr'>judicii</span> <span class='ocrx_word' id='word_1_524' title='bbox 1821 2654 1906 2689; x_wconf 82' lang='lat' dir='ltr'>dex-</span> 
     </span>
     <span class='ocr_line' id='line_1_44' title="bbox 119 2709 1905 2758; baseline 0.001 -14"><span class='ocrx_word' id='word_1_525' title='bbox 119 2710 264 2745; x_wconf 86' lang='lat' dir='ltr'>teritate</span> <span class='ocrx_word' id='word_1_526' title='bbox 296 2709 480 2754; x_wconf 88' lang='lat' dir='ltr'>praeditus</span> <span class='ocrx_word' id='word_1_527' title='bbox 514 2710 703 2754; x_wconf 88' lang='lat' dir='ltr'>genuinam</span> <span class='ocrx_word' id='word_1_528' title='bbox 744 2713 814 2747; x_wconf 89' lang='lat' dir='ltr'>scis</span> <span class='ocrx_word' id='word_1_529' title='bbox 852 2713 1065 2748; x_wconf 89' lang='lat' dir='ltr'>sententiam</span> <span class='ocrx_word' id='word_1_530' title='bbox 1097 2712 1230 2758; x_wconf 89' lang='lat' dir='ltr'>eligere</span> <span class='ocrx_word' id='word_1_531' title='bbox 1268 2718 1304 2748; x_wconf 90' lang='lat' dir='ltr'>et</span> <span class='ocrx_word' id='word_1_532' title='bbox 1335 2724 1458 2748; x_wconf 85' lang='lat' dir='ltr'>verum</span> <span class='ocrx_word' id='word_1_533' title='bbox 1490 2725 1511 2749; x_wconf 88' lang='lat' dir='ltr'>a</span> <span class='ocrx_word' id='word_1_534' title='bbox 1541 2713 1634 2748; x_wconf 85' lang='lat' dir='ltr'>falso</span> <span class='ocrx_word' id='word_1_535' title='bbox 1673 2712 1905 2757; x_wconf 55' lang='lat' dir='ltr'>distinguere</span> 
     </span>
     <span class='ocr_line' id='line_1_45' title="bbox 122 2768 1904 2813; baseline 0.002 -10"><span class='ocrx_word' id='word_1_536' title='bbox 122 2770 226 2804; x_wconf 88' lang='lat' dir='ltr'>Certe</span> <span class='ocrx_word' id='word_1_537' title='bbox 251 2768 505 2804; x_wconf 87' lang='lat' dir='ltr'>adhortatione</span> <span class='ocrx_word' id='word_1_538' title='bbox 537 2768 617 2813; x_wconf 87' lang='lat' dir='ltr'>illa,</span> <span class='ocrx_word' id='word_1_539' title='bbox 655 2779 761 2812; x_wconf 86' lang='lat' dir='ltr'>quam</span> <span class='ocrx_word' id='word_1_540' title='bbox 792 2769 836 2804; x_wconf 88' lang='lat' dir='ltr'>de</span> <span class='ocrx_word' id='word_1_541' title='bbox 869 2769 1006 2806; x_wconf 85' lang='lat' dir='ltr'>afflicta</span> <span class='ocrx_word' id='word_1_542' title='bbox 1038 2771 1213 2806; x_wconf 88' lang='lat' dir='ltr'>ecclesiae</span> <span class='ocrx_word' id='word_1_543' title='bbox 1243 2771 1447 2806; x_wconf 90' lang='lat' dir='ltr'>conditione</span> <span class='ocrx_word' id='word_1_544' title='bbox 1472 2776 1508 2806; x_wconf 90' lang='lat' dir='ltr'>et</span> <span class='ocrx_word' id='word_1_545' title='bbox 1532 2771 1709 2805; x_wconf 91' lang='lat' dir='ltr'>communi</span> <span class='ocrx_word' id='word_1_546' title='bbox 1735 2770 1904 2806; x_wconf 88' lang='lat' dir='ltr'>scandalo</span> 
     </span>
     <span class='ocr_line' id='line_1_46' title="bbox 120 2828 1903 2875; baseline 0 -12"><span class='ocrx_word' id='word_1_547' title='bbox 120 2829 286 2873; x_wconf 78' lang='lat' dir='ltr'>injecisti,</span> <span class='ocrx_word' id='word_1_548' title='bbox 313 2828 461 2863; x_wconf 86' lang='lat' dir='ltr'>mirifice</span> <span class='ocrx_word' id='word_1_549' title='bbox 487 2839 565 2863; x_wconf 91' lang='lat' dir='ltr'>sum</span> <span class='ocrx_word' id='word_1_550' title='bbox 589 2828 740 2862; x_wconf 86' lang='lat' dir='ltr'>affectus</span> <span class='ocrx_word' id='word_1_551' title='bbox 766 2832 802 2862; x_wconf 88' lang='lat' dir='ltr'>et</span> <span class='ocrx_word' id='word_1_552' title='bbox 819 2832 960 2863; x_wconf 90' lang='lat' dir='ltr'>erectus</span> <span class='ocrx_word' id='word_1_553' title='bbox 965 2854 1082 2866; x_wconf 77' lang='grc'><strong>.....</strong></span> <span class='ocrx_word' id='word_1_554' title='bbox 1123 2830 1164 2863; x_wconf 91' lang='lat' dir='ltr'>In</span> <span class='ocrx_word' id='word_1_555' title='bbox 1182 2830 1331 2864; x_wconf 86' lang='lat' dir='ltr'>eandem</span> <span class='ocrx_word' id='word_1_556' title='bbox 1347 2833 1464 2865; x_wconf 90' lang='lat' dir='ltr'>tecum</span> <span class='ocrx_word' id='word_1_557' title='bbox 1482 2829 1662 2865; x_wconf 88' lang='lat' dir='ltr'>descendo</span> <span class='ocrx_word' id='word_1_558' title='bbox 1681 2829 1903 2875; x_wconf 87' lang='lat' dir='ltr'>sententiam,</span> 
     </span>
     <span class='ocr_line' id='line_1_47' title="bbox 120 2885 1904 2933; baseline 0 -11"><span class='ocrx_word' id='word_1_559' title='bbox 120 2889 237 2923; x_wconf 90' lang='lat' dir='ltr'>Deum</span> <span class='ocrx_word' id='word_1_560' title='bbox 261 2898 332 2922; x_wconf 88' lang='lat' dir='ltr'>non</span> <span class='ocrx_word' id='word_1_561' title='bbox 357 2892 495 2923; x_wconf 88' lang='lat' dir='ltr'>tantum</span> <span class='ocrx_word' id='word_1_562' title='bbox 521 2891 670 2922; x_wconf 81' lang='lat' dir='ltr'>externa</span> <span class='ocrx_word' id='word_1_563' title='bbox 702 2885 830 2922; x_wconf 87' lang='lat' dir='ltr'>salutis</span> <span class='ocrx_word' id='word_1_564' title='bbox 861 2895 1010 2932; x_wconf 86' lang='lat' dir='ltr'>organa,</span> <span class='ocrx_word' id='word_1_565' title='bbox 1043 2892 1131 2933; x_wconf 87' lang='lat' dir='ltr'>puta</span> <span class='ocrx_word' id='word_1_566' title='bbox 1162 2887 1306 2922; x_wconf 83' lang='lat' dir='ltr'>verbum</span> <span class='ocrx_word' id='word_1_567' title='bbox 1332 2891 1368 2922; x_wconf 88' lang='lat' dir='ltr'>et</span> <span class='ocrx_word' id='word_1_568' title='bbox 1393 2890 1632 2931; x_wconf 85' lang='lat' dir='ltr'>sacramenta,</span> <span class='ocrx_word' id='word_1_569' title='bbox 1668 2887 1796 2932; x_wconf 87' lang='lat' dir='ltr'>quibus</span> <span class='ocrx_word' id='word_1_570' title='bbox 1822 2888 1904 2923; x_wconf 86' lang='lat' dir='ltr'>visi-</span> 
     </span>
     <span class='ocr_line' id='line_1_48' title="bbox 120 2944 1902 2990; baseline 0 -10"><span class='ocrx_word' id='word_1_571' title='bbox 120 2947 202 2982; x_wconf 90' lang='lat' dir='ltr'>bilis</span> <span class='ocrx_word' id='word_1_572' title='bbox 228 2946 400 2981; x_wconf 87' lang='lat' dir='ltr'>ecclesiae</span> <span class='ocrx_word' id='word_1_573' title='bbox 425 2946 653 2990; x_wconf 87' lang='lat' dir='ltr'>congregatio</span> <span class='ocrx_word' id='word_1_574' title='bbox 678 2945 714 2979; x_wconf 92' lang='lat' dir='ltr'>in</span> <span class='ocrx_word' id='word_1_575' title='bbox 739 2955 849 2980; x_wconf 91' lang='lat' dir='ltr'>unum</span> <span class='ocrx_word' id='word_1_576' title='bbox 874 2955 1003 2989; x_wconf 91' lang='lat' dir='ltr'>corpus</span> <span class='ocrx_word' id='word_1_577' title='bbox 1028 2945 1183 2990; x_wconf 92' lang='lat' dir='ltr'>coaluit,</span> <span class='ocrx_word' id='word_1_578' title='bbox 1208 2945 1271 2980; x_wconf 88' lang='lat' dir='ltr'>sed</span> <span class='ocrx_word' id='word_1_579' title='bbox 1297 2945 1416 2980; x_wconf 90' lang='lat' dir='ltr'>omnia</span> <span class='ocrx_word' id='word_1_580' title='bbox 1440 2944 1548 2979; x_wconf 89' lang='lat' dir='ltr'>etiam</span> <span class='ocrx_word' id='word_1_581' title='bbox 1573 2948 1777 2988; x_wconf 88' lang='lat' dir='ltr'>magnatum</span> <span class='ocrx_word' id='word_1_582' title='bbox 1800 2955 1902 2990; x_wconf 87' lang='lat' dir='ltr'>prae-</span> 
     </span>
     <span class='ocr_line' id='line_1_49' title="bbox 122 3002 1902 3050; baseline -0.001 -10"><span class='ocrx_word' id='word_1_583' title='bbox 122 3005 213 3041; x_wconf 88' lang='lat' dir='ltr'>sidia</span> <span class='ocrx_word' id='word_1_584' title='bbox 236 3005 338 3040; x_wconf 90' lang='lat' dir='ltr'>nobis</span> <span class='ocrx_word' id='word_1_585' title='bbox 364 3005 462 3040; x_wconf 91' lang='lat' dir='ltr'>hunc</span> <span class='ocrx_word' id='word_1_586' title='bbox 485 3005 521 3039; x_wconf 91' lang='lat' dir='ltr'>in</span> <span class='ocrx_word' id='word_1_587' title='bbox 546 3004 653 3039; x_wconf 89' lang='lat' dir='ltr'>finem</span> <span class='ocrx_word' id='word_1_588' title='bbox 678 3003 890 3039; x_wconf 88' lang='lat' dir='ltr'>subtrahere</span> <span class='ocrx_word' id='word_1_589' title='bbox 910 3007 946 3038; x_wconf 91' lang='lat' dir='ltr'>et</span> <span class='ocrx_word' id='word_1_590' title='bbox 970 3004 1135 3050; x_wconf 88' lang='lat' dir='ltr'>abolere,</span> <span class='ocrx_word' id='word_1_591' title='bbox 1161 3008 1201 3039; x_wconf 88' lang='lat' dir='ltr'>ut</span> <span class='ocrx_word' id='word_1_592' title='bbox 1224 3004 1294 3049; x_wconf 87' lang='lat' dir='ltr'>ipsi</span> <span class='ocrx_word' id='word_1_593' title='bbox 1318 3003 1387 3039; x_wconf 90' lang='lat' dir='ltr'>soli</span> <span class='ocrx_word' id='word_1_594' title='bbox 1411 3002 1533 3048; x_wconf 89' lang='lat' dir='ltr'>fidere,</span> <span class='ocrx_word' id='word_1_595' title='bbox 1559 3002 1657 3038; x_wconf 84' lang='lat' dir='ltr'>verbi</span> <span class='ocrx_word' id='word_1_596' title='bbox 1682 3003 1751 3037; x_wconf 86' lang='lat' dir='ltr'>vim</span> <span class='ocrx_word' id='word_1_597' title='bbox 1776 3006 1812 3039; x_wconf 89' lang='lat' dir='ltr'>et</span> <span class='ocrx_word' id='word_1_598' title='bbox 1834 3003 1902 3039; x_wconf 89' lang='lat' dir='ltr'>vir-</span> 
     </span>
     <span class='ocr_line' id='line_1_50' title="bbox 120 3061 1901 3109; baseline 0.002 -11"><span class='ocrx_word' id='word_1_599' title='bbox 120 3067 234 3098; x_wconf 87' lang='lat' dir='ltr'>tutem</span> <span class='ocrx_word' id='word_1_600' title='bbox 258 3062 335 3099; x_wconf 85' lang='lat' dir='ltr'>sine</span> <span class='ocrx_word' id='word_1_601' title='bbox 362 3073 430 3109; x_wconf 88' lang='lat' dir='ltr'>ope</span> <span class='ocrx_word' id='word_1_602' title='bbox 455 3063 613 3101; x_wconf 84' lang='lat' dir='ltr'>humana</span> <span class='ocrx_word' id='word_1_603' title='bbox 637 3062 772 3100; x_wconf 89' lang='lat' dir='ltr'>sentire</span> <span class='ocrx_word' id='word_1_604' title='bbox 797 3067 844 3109; x_wconf 86' lang='lat' dir='ltr'>et,</span> <span class='ocrx_word' id='word_1_605' title='bbox 868 3066 909 3099; x_wconf 90' lang='lat' dir='ltr'>ut</span> <span class='ocrx_word' id='word_1_606' title='bbox 933 3062 1063 3100; x_wconf 88' lang='lat' dir='ltr'>milites</span> <span class='ocrx_word' id='word_1_607' title='bbox 1088 3062 1303 3100; x_wconf 85' lang='lat' dir='ltr'>christianos</span> <span class='ocrx_word' id='word_1_608' title='bbox 1329 3062 1442 3107; x_wconf 85' lang='lat' dir='ltr'>decet,</span> <span class='ocrx_word' id='word_1_609' title='bbox 1467 3062 1503 3097; x_wconf 90' lang='lat' dir='ltr'>in</span> <span class='ocrx_word' id='word_1_610' title='bbox 1528 3071 1664 3099; x_wconf 86' lang='lat' dir='ltr'>summa</span> <span class='ocrx_word' id='word_1_611' title='bbox 1694 3061 1901 3106; x_wconf 83' lang='lat' dir='ltr'>infirmitate</span> 
     </span>
    </p>
   </div>
  </div>
 </body>
</html>
