2126 3388
215 175 297 218 832
875 173 958 209 Vita
979 171 1003 207 J
1006 174 1130 208 oannis
1154 171 1310 218 Kepleri.

215 295 394 336 servandi,
421 295 509 329 haec
540 296 661 328 monet
686 293 862 338 Keplerus
889 293 963 337 (17.
990 293 1088 328 Junii
1115 294 1239 338 1616);
1285 291 1407 328 bonus
1440 293 1517 336 est,
1562 289 1630 328 sed
1668 292 1827 340 requirit
1864 291 1999 341 praxin

218 351 556 399 exquisitissimam
600 353 638 386 et
676 349 789 387 fidem
831 360 983 396 eorum,
1028 350 1092 397 qui
1132 348 1335 397 horologia
1375 347 1607 386 custodiunt.
1669 348 1752 386 Imo
1792 350 1841 386 sit
1881 360 1998 386 unum

213 407 454 455 horologium
495 406 610 454 idque
642 411 931 456 transportetur.
1001 406 1094 444 Sola
1134 406 1324 444 dubitatio
1363 411 1501 452 restat,
1545 406 1682 454 plusne
1716 407 1840 455 possit
1877 418 2000 445 errare

215 469 439 503 automaton
472 464 687 512 inaequalis
729 465 916 503 tensionis
955 469 1159 513 motusque
1200 475 1285 501 cum
1318 466 1405 501 ae‘re
1438 463 1658 510 variabilis,
1702 476 1750 501 an
1782 466 2000 502 aestimatio

217 523 421 560 distantiae
455 522 673 560 itinerariae
679 552 820 562 .....
884 522 1020 559 Affinis
1053 527 1094 559 ut
1126 521 1238 559 video
1272 526 1470 559 cunctator
1492 526 1571 570 est3
1602 521 1734 559 literas
1757 521 1872 560 valde
1896 527 2003 570 optat

216 591 310 617 uxor
340 591 437 626 mea,
472 581 585 617 frater
607 579 703 618 alter
725 579 872 629 aliquid
895 579 1123 629 pecuniolae
1157 578 1323 617 debitae.
1366 579 1406 617 Si
1439 579 1601 629 pellicea
1620 581 1746 618 mittet
1768 591 1813 618 eo
1835 581 2001 627 nomine,

214 649 284 687 ego
315 639 543 687 permutabo
575 639 751 676 nummis.
813 638 904 675 Mea
935 649 1053 676 causa
1084 648 1160 674 non
1193 649 1289 686 opus
1322 644 1379 675 est
1411 644 1452 674 ut
1483 637 1632 675 laboret
1662 649 1781 686 seque
1813 638 1973 686 affligat.

351 705 430 739 Una
462 708 599 738 tantum
634 707 800 748 superest
833 704 986 747 epistola
1018 703 1169 738 celebris
1196 703 1355 737 Jesuitae
1390 703 1721 747 Christophori
1756 703 2005 738 Scheineri

213 760 256 795 ad
282 761 478 805 Keplerum
515 761 598 795 data
625 762 852 805 (Ingolstadii
879 762 912 796 d.
944 763 994 797 10.
1022 763 1109 806 Apr.
1146 762 1268 806 1615),
1304 773 1408 804 quam
1442 761 1499 796 hic
1532 761 1759 796 inserendum
1792 761 2004 799 censuimus,

212 830 281 853 non
308 819 451 863 quidem
477 819 560 863 quia
586 830 642 854 res
669 820 850 854 contineat
876 820 1021 864 majoris
1047 822 1226 863 momenti,
1252 821 1315 855 sed
1343 821 1386 854 ob
1412 820 1476 854 viri
1500 820 1722 864 gravitatem.
1773 821 1872 854 Haec
1898 820 2005 863 igitur

212 876 356 921 scripsit
383 877 616 912 Scheinerus:
651 878 735 912 Misi
760 889 884 922 nuper,
911 880 963 912 vir
989 879 1202 923 clarissime,
1237 879 1516 923 disceptationes
1542 879 1811 915 mathematicas
1839 879 2004 924 discipuli

211 935 290 979 mei,
317 945 411 969 nunc
436 935 594 969 laborem
619 946 737 969 meum
762 946 833 970 non
858 936 990 971 invitus
1018 938 1249 972 communico.
1302 937 1369 971 Est
1394 937 1667 981 phaenomenon
1695 937 1830 982 solare,
1856 948 2005 981 parvum

211 991 316 1035 mole,
345 991 473 1027 effectu
500 1003 582 1028 vero
609 993 725 1036 majus
752 993 902 1029 forsitan
931 1006 1037 1039 quam
1065 995 1243 1039 quispiam
1270 996 1444 1040 opinetur.
1457 997 1490 1039 *)
1531 995 1671 1030 Rudem
1689 1005 1784 1029 nunc
1804 999 1840 1028 et
1857 995 2006 1038 primam

212 1050 484 1084 delineationem
511 1050 620 1094 vides,
648 1051 786 1087 colores
813 1056 852 1086 ut
878 1063 983 1096 spero
1009 1052 1233 1097 pulchriores
1253 1059 1460 1096 sequentur.
1494 1051 1548 1086 Tu
1576 1052 1605 1086 si
1630 1057 1728 1086 tuam
1754 1051 1839 1086 mihi
1865 1056 2006 1086 senten-

214 1108 299 1142 tiam
325 1107 588 1151 perscripseriS,
616 1108 712 1143 haud
738 1108 916 1152 ingratum
942 1110 1064 1153 facies.
1107 1111 1195 1145 Post
1220 1111 1383 1155 opusculi
1408 1110 1519 1145 totius
1545 1109 1807 1144 absolutionem
1825 1108 2008 1153 Paralipo-

211 1173 315 1199 mena
342 1170 414 1208 tua,
435 1164 510 1208 jam
537 1165 669 1201 dudum
696 1172 731 1201 et
758 1167 819 1202 diu
844 1168 938 1212 apud
965 1168 1179 1212 bibliopolas
1205 1168 1395 1213 requisita,
1429 1168 1581 1212 adeptus
1608 1167 1709 1202 avide
1734 1166 1948 1211 perlustravi
1974 1170 2009 1201 et

212 1221 247 1257 in
273 1222 315 1256 iis
343 1222 430 1256 satis
457 1227 492 1257 et
518 1235 597 1258 cum
622 1224 751 1267 gaudio
777 1225 939 1260 intellexi
957 1230 1054 1261 tuam
1072 1227 1169 1260 illam
1186 1227 1507 1269 ratiocinationem,
1535 1236 1605 1270 qua
1622 1236 1666 1259 ex
1684 1225 1769 1260 data
1792 1224 2008 1259 refractione

212 1279 349 1323 colligis
384 1280 475 1315 Solis
510 1282 791 1317 contractionem
825 1285 878 1328 (11.
911 1286 1017 1328 209).
1074 1285 1220 1319 Interim
1257 1295 1277 1318 a
1308 1289 1343 1319 te
1375 1295 1526 1328 quaero,
1567 1284 1653 1328 quid
1687 1283 1751 1318 tibi
1785 1297 1943 1324 καυματα
1977 1286 2012 1317 et

212 1350 365 1380 χασματα
390 1337 579 1373 videantur
604 1340 708 1374 esse?
749 1341 840 1375 Nam
866 1342 945 1386 ipsa
969 1343 1088 1387 ignem
1114 1354 1205 1387 esse,
1231 1342 1317 1377 mihi
1343 1353 1484 1386 semper
1509 1353 1530 1376 a
1547 1342 1698 1377 veritate
1724 1342 1880 1376 alienum
1898 1341 2010 1375 visum

212 1402 277 1433 est.
327 1398 416 1432 Tum
447 1408 492 1432 an
522 1410 676 1444 nuperas
709 1401 816 1435 irides
853 1401 979 1444 quinas
1011 1402 1119 1445 hujus
1153 1401 1285 1436 mensis
1319 1401 1413 1435 circa
1439 1400 1556 1435 Solem
1589 1401 1719 1436 videris
1754 1405 1789 1435 et
1822 1399 1906 1444 quid
1931 1399 2011 1433 illas

214 1466 292 1490 esse
314 1456 455 1500 judices
481 1462 541 1493 aut
567 1469 637 1502 qua
662 1459 800 1493 ratione
827 1458 1026 1494 defendas?
1064 1460 1163 1505 Vale,
1189 1462 1242 1494 vir
1260 1459 1467 1504 clarissime,
1494 1465 1529 1495 et
1544 1459 1792 1495 munusculum
1818 1459 1904 1495 boni
1929 1468 2011 1492 con-

215 1513 302 1550 sule.
353 1514 450 1549 Tuus
479 1515 559 1550 Chr.
589 1516 760 1551 Scheiner
786 1516 866 1552 Soc.
891 1516 991 1553 Jesu.

353 1572 453 1616 Quae
479 1574 657 1618 Keplerus
684 1578 873 1609 assecutus
901 1578 955 1609 est
988 1575 1055 1610 hoc
1081 1586 1174 1610 anno
1200 1575 1237 1609 in
1263 1575 1495 1611 restituendis
1520 1575 1745 1620 planetarum
1772 1574 1943 1620 motibus,
1970 1583 2012 1609 ea

211 1629 378 1674 leguntur
403 1631 597 1675 conjuncta
622 1643 702 1667 cum
728 1632 855 1667 studiis
881 1634 953 1667 suis
980 1634 1227 1668 astronomicis
1255 1643 1348 1668 anno
1375 1638 1557 1678 sequente.

354 1691 459 1732 ttilss.
492 1692 702 1732 Revolutio
736 1695 839 1732 anni.
883 1693 1072 1731 Jannario
1106 1696 1176 1732 iter
1208 1694 1256 1732 ad
1291 1694 1596 1733 Tzcrnemelium
1630 1694 1673 1733 L.
1696 1695 1741 1735 B.
1773 1707 1839 1744 per
1872 1694 2012 1732 Stiram

216 1756 253 1789 et
285 1750 458 1788 Anisam.
522 1751 713 1790 Viennam
747 1754 812 1791 ivi.
875 1752 1044 1801 Erupere
1085 1754 1121 1789 in
1159 1765 1219 1790 me
1253 1753 1363 1799 odia,
1407 1759 1577 1791 creatum
1616 1753 1830 1802 periculum
1873 1759 2009 1790 status.

214 1810 357 1857 Scripsi
387 1809 682 1858 Epliemeridem
715 1816 752 1848 et
784 1810 1070 1848 Calendarium.
1112 1810 1172 1847 Ivi
1204 1812 1241 1847 in
1274 1811 1504 1851 Moraviam.
1548 1811 1778 1849 Passavium
1810 1813 1862 1849 ivi
1896 1818 2012 1861 typo·-

215 1879 296 1904 rum
340 1878 469 1905 causa.
531 1868 656 1906 Mater
698 1868 747 1906 ad
790 1880 848 1906 mc
892 1870 1000 1907 venit
1046 1870 1107 1907 13.
1141 1869 1359 1909 Decembri.
1429 1870 1530 1907 Filia
1569 1869 1819 1919 Margarctlra
1860 1869 2011 1918 Regina

219 1925 379 1963 variolis
411 1926 592 1964 infestata
624 1939 691 1976 per
723 1927 909 1973 hiemem,
952 1928 1092 1975 quibus
1125 1932 1394 1966 successerunt
1427 1932 1670 1977 apostemata
1705 1930 1742 1964 in
1774 1929 2010 1978 inguinibus,

220 1983 417 2021 oculorum
449 1984 680 2033 periclitatio
714 1991 750 2022 ct
783 1987 1011 2034 suppuratio
1045 1984 1236 2023 diuturna.

354 2050 452 2093 Quae
487 2051 572 2085 dicit
597 2051 776 2096 Keplerus
811 2051 948 2095 „odia“,
974 2051 1031 2086 his
1058 2051 1295 2095 explicentur.
1343 2053 1385 2087 In
1411 2053 1524 2087 literis
1557 2052 1602 2087 ad
1628 2053 1893 2097 Berncggerum
1919 2051 2011 2086 datis

215 2107 270 2141 die
297 2109 330 2144 7.
357 2108 541 2143 Februarii
576 2110 659 2144 anni
680 2111 776 2146 1617.
809 2111 890 2155 (cfr.
918 2122 954 2155 p.
981 2111 1076 2154 831),
1114 2110 1156 2145 de
1199 2114 1296 2145 statu
1334 2110 1478 2145 scholae
1510 2111 1709 2146 Linciensis
1738 2115 1773 2145 et
1802 2110 1874 2145 suis
1903 2110 2009 2144 rebus

215 2165 325 2200 refert
358 2167 556 2211 Keplerus:

357 2228 665 2278 Compinguntur
697 2230 732 2266 in
767 2229 921 2268 domum
953 2229 1230 2280 provincialem
1273 2229 1475 2279 discipuli,
1519 2235 1724 2268 onerantur
1764 2230 2009 2277 lectionibus,

220 2292 458 2334 occupantur
489 2286 625 2335 horae,
670 2292 711 2325 ut
752 2290 895 2326 nemini
934 2289 1051 2327 liceat
1081 2288 1130 2325 ad
1162 2300 1221 2325 me
1256 2289 1317 2326 vel
1348 2289 1467 2325 alium
1509 2290 1612 2327 foras
1655 2291 1757 2326 exire
1803 2288 2008 2327 discendae

222 2345 456 2392 geometriae
488 2344 695 2393 linguaeve
727 2358 845 2384 causa
848 2375 988 2386 .....
1049 2347 1216 2384 Deseror
1248 2358 1270 2383 a
1294 2346 1536 2384 Caesarianis
1569 2347 1650 2384 fisci
1683 2347 2008 2396 procuratoribus,

222 2414 299 2445 nyon
331 2402 535 2439 solvuntur
565 2403 714 2452 reliqua
746 2416 842 2452 mea,
877 2405 1030 2442 videtur
1061 2405 1319 2442 astronomiae
1342 2406 1451 2442 matri
1486 2406 1691 2454 petendum
1725 2406 1938 2442 subsidium
1960 2405 2009 2441 ab

219 2460 430 2508 astrologia
461 2460 542 2498 filia
573 2462 815 2500 meretricula
820 2490 957 2502 .....
1010 2463 1064 2499 En
1098 2463 1166 2500 tibi
1200 2463 1418 2511 exemplum
1450 2463 1558 2500 horni
1591 2464 1840 2512 prognostici.
1887 2462 2009 2500 Prac-

218 2518 402 2556 fationem
435 2518 519 2567 lege
548 2524 592 2569 nt
622 2525 881 2569 personatam.
933 2521 1127 2558 Certatum
1160 2522 1261 2557 scias
1295 2522 1330 2557 in
1354 2523 1519 2558 comitiis
1553 2521 1598 2559 de
1631 2533 1715 2559 meo
1749 2521 1903 2567 salario,
1938 2532 2009 2569 op-

217 2577 480 2625 pugnantibus
512 2589 571 2615 me
602 2579 795 2627 plerisque
828 2590 873 2616 ex
906 2581 1073 2628 equestri
1106 2579 1249 2626 ordine,
1283 2579 1577 2617 defendentibus
1599 2580 1820 2627 baronibus,
1855 2580 2006 2627 vicique

355 2713 387 2760 *)
414 2714 578 2747 Libellum
616 2716 696 2747 dicit
731 2717 942 2757 inscriptum:
980 2716 1058 2756 „Sol
1093 2716 1279 2758 ellipticus,
1313 2718 1374 2748 hoc
1407 2722 1454 2749 est
1488 2727 1609 2748 novum
1645 2720 1676 2747 et
1701 2720 1893 2757 perpetuum
1921 2715 2007 2746 Solis

222 2763 370 2792 contrahi
397 2764 487 2794 soliti
512 2764 773 2804 phaenomenon,
799 2764 887 2804 quod
913 2765 1040 2795 noviter
1063 2766 1231 2794 inventum
1260 2767 1387 2795 strenae
1414 2766 1497 2796 loco.
1520 2790 1524 2796 .
1545 2790 1552 2806 ,
1573 2790 1582 2798 ,
1605 2789 1608 2794 .
1643 2764 1791 2803 Principi
1808 2772 1843 2793 ac
1865 2763 2006 2792 Domino

220 2809 467 2847 Maximillam,
496 2811 670 2840 Archiduci
697 2810 868 2849 Austriae‚
895 2810 1008 2849 offert,
1038 2811 1141 2850 dicat,
1176 2811 1276 2845 donat
1302 2810 1377 2843 Chr.
1405 2812 1600 2843 Scheinerus
1627 2811 1700 2843 Soc.
1727 2810 1825 2848 Jesu,
1859 2810 1891 2838 in
1919 2809 2007 2838 alma

220 2860 316 2894 atque
343 2857 503 2886 catholica
528 2856 785 2895 Ingolstadiensi
811 2857 978 2887 academia
997 2858 1111 2888 Sacrae
1136 2857 1268 2895 linguae
1293 2862 1391 2898 atque
1417 2859 1604 2888 matheseos
1629 2857 1793 2898 professor
1810 2855 2006 2885 ordinarius.

221 2899 301 2931 Cum
332 2902 489 2932 facultate
521 2904 736 2943 superiorum.
788 2904 868 2941 Aug.
896 2903 984 2933 Vind
1013 2904 1134 2935 1615.“
1188 2905 1283 2934 Liber
1320 2904 1519 2944 „discipuli“
1549 2904 1716 2935 Scheineri
1748 2902 1834 2932 hunc
1864 2911 1942 2942 prae
1974 2910 2006 2931 se

222 2947 285 2978 fert
310 2947 463 2978 titulum:
493 2950 774 2990 „Disquisitiones
800 2950 1048 2980 mathematicae
1067 2951 1105 2980 de
1125 2952 1356 2981 controversiis
1380 2955 1411 2981 et
1436 2952 1639 2981 novitatibus
1657 2949 1898 2988 astronomicis,
1923 2957 2005 2988 quas

222 2995 281 3023 sub
307 2995 472 3035 praesid'm
491 2995 549 3026 Ch.
569 2997 746 3036 Scheineri‚
774 2997 812 3026 do
839 2996 909 3027 Soc*
929 2996 1008 3026 Jesu
1027 3001 1087 3029 etc.
1114 2998 1246 3036 publice
1265 2997 1485 3037 disputandas
1503 2998 1623 3038 posuit,
1650 2995 1872 3035 propugnavit
1898 3003 2006 3024 mense

222 3038 409 3079 Septembri
434 3041 555 3072 nobilis
581 3045 612 3071 et
638 3042 847 3073 doctissimus
868 3044 999 3081 juvenis
1024 3043 1169 3073 Joannes
1196 3043 1373 3084 Lmherus,
1399 3043 1501 3074 Boius
1519 3043 1734 3079 Monacensis,
1760 3042 1850 3071 Juris
1876 3041 2004 3072 studio-

224 3095 288 3117 sus.
336 3086 530 3125 Ingolstadii
558 3089 680 3120 1614.“
731 3088 940 3130 (Scheinerus
966 3090 998 3119 in
1025 3091 1086 3121 hoc
1110 3087 1224 3121 libello
1251 3091 1393 3120 maxima
1418 3100 1455 3121 ex
1480 3093 1572 3131 parte
1603 3089 1800 3119 seutentiam
1833 3087 2005 3130 Copernici

226 3130 265 3164 de
289 3133 411 3164 mundo
437 3134 579 3166 refutare
604 3134 740 3179 studet.)
