2126 3388
185 203 297 247 1008
857 201 940 237 Vita
964 201 987 236 J
989 201 1115 237 oannis
1139 202 1298 247 Kepleri.

182 321 324 360 mundo
356 318 587 358 incredibilis
618 331 663 357 ac
694 330 811 369 prope
843 319 974 357 divina
1005 320 1064 357 vis
1095 321 1163 367 sit,
1197 333 1219 358 a
1252 319 1342 358 Sole
1375 319 1475 357 enim
1507 320 1629 355 omnis
1659 323 1784 357 motus
1817 324 1854 358 et
1884 321 1964 358 vita

185 386 222 418 et
254 378 493 417 conservatio
526 383 563 414 et
594 382 751 414 ornatus
783 377 1006 415 coelestium
1038 383 1076 415 et
1106 380 1350 424 terrestrium,
1384 377 1481 415 adeo
1514 380 1556 413 ut
1582 387 1658 425 quo
1680 378 1836 427 propius
1869 390 1963 416 con-

182 437 385 486 templeris,
417 435 490 471 hoc
522 433 632 483 plura
662 436 700 470 in
733 435 799 472 illo
833 446 908 472 uno
939 437 1114 474 invenias
1146 436 1352 473 miracula:
1386 434 1519 473 decere
1553 434 1825 485 philosophum
1855 437 1962 474 arbi-

183 501 269 540 tror,
303 503 433 530 omnes
464 498 624 529 naturae
656 492 857 530 thesauros
888 493 1014 530 rimari
1047 492 1094 530 ad
1128 493 1309 543 dogmata
1342 498 1448 530 tanto
1479 491 1664 530 miraculo
1696 495 1963 532 convenientia

181 547 446 602 proferenda.“
470 579 479 588 .
505 580 513 589 .
538 579 545 586 .
569 578 577 586 .
629 549 730 587 Solis
762 552 960 588 materiam
992 551 1083 588 dicit
1113 551 1436 599 simplicissimam
1467 561 1551 588 esse
1583 555 1620 588 et
1650 553 1815 588 maxime
1847 563 1962 589 unam

183 615 219 647 et
249 609 501 659 purissimam,
535 619 652 656 quare
688 620 788 658 „non
822 609 998 647 obstante
1021 621 1171 646 summa
1193 609 1392 655 densitate,
1426 608 1528 646 Solis
1560 619 1698 658 corpus
1727 608 1962 659 pellucidum

180 679 262 705 esse
293 677 458 714 aequum
490 664 587 703 est“.
648 666 760 704 Hanc
790 668 1103 716 perspicuitatem
1135 667 1266 704 tribuit
1297 665 1488 716 Keplerus
1526 665 1624 716 „soli
1664 678 1756 704 suae
1787 669 1962 717 propriae

179 726 276 770 luci,
314 736 389 760 non
422 724 576 772 alienis,
618 736 742 773 neque
777 727 1018 774 perspicuum
1052 725 1137 762 ideo
1170 726 1239 762 erit
1271 725 1371 762 Solis
1403 722 1581 774 eol'pus“.
1643 724 1788 773 Pergit:
1834 725 1962 777 „Quia

181 783 281 820 Solis
314 782 478 819 officium
512 783 548 817 in
580 782 722 820 mundo
756 783 829 819 hoc
861 788 928 829 est,
963 782 1065 832 quod
1098 783 1221 820 cordis
1255 784 1291 819 in
1323 782 1480 820 animali
1513 785 1620 831 (nam
1651 788 1688 819 et
1720 782 1959 832 planetarum

179 846 304 878 motus
337 852 382 876 ex
414 839 503 877 Sole
543 839 754 889 dispensari
795 842 831 876 in
874 846 981 890 parte
1023 841 1279 878 astronomiae
1323 840 1483 890 physica
1514 840 1724 890 probabo),
1766 846 1808 878 ut
1840 842 1957 878 vitam

179 898 325 935 scilicet
355 898 443 935 huic
475 899 701 946 aspectabili
733 898 875 935 mundo
909 898 1126 948 dispenset:
1161 901 1343 936 animam
1375 910 1529 946 quoque
1561 899 1657 936 tanti
1689 899 1856 935 muneris
1889 899 1960 936 ad-

179 958 400 1001 ministram,
431 967 499 993 seu
521 956 632 993 malis
651 957 884 1005 facultatem
908 958 1068 994 vitalem
1090 958 1128 993 in
1150 968 1307 1006 corpore
1329 956 1430 993 Solis
1451 958 1574 994 inesse
1598 967 1754 994 necesse
1777 954 1873 994 est.“
1915 957 1982 994 In-

177 1016 273 1052 libro
297 1013 351 1051 de
374 1012 534 1051 Stella
559 1014 697 1051 Nova
719 1014 888 1065 (1606),
922 1016 957 1050 in
981 1026 1056 1063 quo
1079 1016 1312 1052 suavissima
1332 1016 1504 1053 oratione
1526 1014 1646 1052 multa
1668 1015 1792 1063 tangit
1813 1026 1888 1052 non
1910 1015 1959 1052 ad

178 1072 448 1110 astronomiam
472 1071 671 1119 facientia,
705 1078 745 1109 ut
768 1072 994 1110 divisionem
1016 1072 1166 1110 zodiaci
1190 1078 1227 1110 et
1247 1074 1403 1110 nomina
1434 1074 1643 1121 imaginum
1675 1074 1713 1108 in
1735 1072 1843 1110 coelo
1863 1072 1959 1110 stel-

176 1131 276 1177 lato,
308 1129 439 1166 mundi
471 1131 788 1176 immensitatem,
822 1130 1069 1179 astrologiam
1093 1133 1269 1179 (quaein
1291 1130 1359 1167 illa
1389 1131 1466 1167 sint
1495 1130 1705 1177 retinenda,
1735 1141 1834 1178 quae
1865 1131 1958 1179 reji—

178 1187 337 1239 cienda),
361 1188 527 1225 rationes
550 1188 867 1238 philosophorum
889 1188 934 1226 de
958 1186 1101 1240 „casu“
1128 1194 1212 1234 etc„
1235 1188 1419 1237 legimus:
1447 1189 1593 1241 „Fixae
1615 1200 1682 1239 pro
1702 1188 1788 1226 loco
1810 1194 1898 1226 sunt
1919 1193 1957 1227 et

181 1249 395 1295 quiescunt,
429 1245 496 1283 Sol
528 1258 595 1296 pro
628 1252 774 1283 motore
807 1251 864 1284 est
895 1252 933 1284 et
965 1252 1091 1284 tuetur
1123 1246 1287 1284 mediam
1319 1246 1450 1283 mundi
1489 1248 1694 1284 stationem
1727 1246 1956 1295 immobilis3

177 1306 251 1342 nisi
282 1304 384 1353 qnod
416 1304 585 1354 physicis
626 1305 838 1342 rationibus
881 1311 1182 1342 consentaneum
1215 1305 1341 1351 effeci,
1387 1316 1524 1354 corpus
1563 1306 1684 1354 ipsius
1717 1305 1887 1342 converti
1919 1306 1957 1342 in

175 1374 245 1401 suo
276 1364 414 1412 spatio,
448 1367 490 1399 ut
521 1362 593 1400 hac
625 1364 874 1400 conversione
904 1365 1068 1411 speciem
1099 1364 1433 1409 immateriatam,
1467 1364 1686 1409 motricem,
1722 1374 1788 1412 per
1818 1362 1958 1412 ampli-

176 1421 347 1458 tudinem
379 1420 508 1457 mundi
536 1421 810 1469 circumagitet,
844 1432 959 1469 quam
991 1420 1116 1459 sidera
1148 1423 1312 1458 errantia
1345 1422 1472 1458 omnia
1503 1429 1725 1470 sequantur,
1757 1425 1801 1457 ut
1832 1420 1958 1469 quod-

176 1491 249 1528 que
280 1480 436 1529 propius
467 1479 521 1514 ita
552 1478 726 1516 celerius.
748 1501 802 1505 —
824 1478 868 1515 In
900 1478 1255 1528 Responsione
1289 1478 1337 1516 ad
1369 1479 1664 1517 Roeslinum
1685 1476 1831 1528 (1609)
1861 1478 1957 1516 haec

175 1537 510 1587 deprehendimus:
546 1536 616 1588 „In
648 1537 790 1574 meiner
814 1538 1061 1574 Astronomia
1092 1549 1194 1574 nova
1224 1538 1274 1574 ist
1297 1539 1467 1584 erwisen,
1502 1537 1569 1575 das
1599 1537 1658 1575 die
1680 1536 1957 1585 Sternekugeln

176 1594 395 1633 ebensowol
429 1601 547 1632 etwas
578 1594 705 1643 gleich
737 1596 840 1632 einer
871 1594 1040 1632 schwiire
1072 1595 1209 1641 haben,
1244 1595 1414 1632 dadurch
1445 1596 1500 1633 sie
1531 1597 1588 1632 nit
1608 1606 1695 1632 zum
1726 1593 1831 1642 lauff,
1864 1606 1957 1632 son-

175 1653 264 1691 dern
298 1653 458 1691 vilmehr
498 1665 585 1689 zum
616 1652 829 1690 stillstehen
872 1653 1115 1691 verursachet
1155 1653 1321 1691 werden.
1383 1652 1464 1691 Soll
1503 1665 1580 1690 nun
1622 1653 1703 1690 dise
1743 1654 1956 1702 proprietas

173 1712 251 1749 vnd
283 1712 359 1749 diss
400 1711 617 1749 stillstehen
651 1710 910 1749 vberwunden
944 1711 1117 1758 werden,
1158 1723 1200 1748 so
1239 1711 1373 1758 geh'ort
1407 1712 1466 1748 ein
1505 1712 1682 1759 beweger
1713 1710 1850 1756 darzu,
1895 1712 1956 1748 ein

173 1772 312 1818 species
343 1771 630 1816 immateriata,
664 1781 820 1806 versans
854 1771 890 1805 in
913 1776 1000 1807 actu
1024 1775 1161 1816 motus,
1195 1769 1367 1806 welliche
1401 1768 1475 1806 alle
1498 1768 1766 1817 Sternkugeln‚
1801 1779 1843 1806 so
1866 1768 1955 1806 dero

172 1829 296 1866 nahen
338 1830 406 1865 mit
448 1828 504 1864 ihr
548 1825 857 1864 herumbstihoef‘
922 1827 962 1863 ln
1005 1827 1178 1865 Tertio
1221 1827 1613 1865 Interveniente
1655 1825 1822 1878 (1610):
1869 1826 1956 1878 „die

172 1887 424 1935 Sternkugeln
453 1885 604 1923 werden
636 1886 829 1934 getrieben
862 1897 928 1935 per
959 1887 1124 1935 speciem
1156 1887 1447 1923 immateriatam
1472 1885 1591 1931 Solis,
1626 1887 1818 1935 ingyrum
1850 1886 1955 1934 rapi·

174 1945 328 1983 dissime
369 1946 650 1982 circumactam.
720 1943 817 1981 Item
855 1943 1007 1982 werden
1054 1945 1108 1981 sie
1146 1943 1343 1992 getrieben
1388 1955 1462 1981 von
1505 1943 1605 1981 ihrer
1647 1943 1767 1980 selbst
1804 1954 1955 1992 eygnen

171 2003 463 2052 Magnetischen
496 2002 630 2049 Krafft,
665 2001 782 2038 durch
815 2001 957 2039 welche
990 2002 1044 2039 sie
1077 2001 1233 2039 einhalb
1267 2001 1332 2039 der
1363 2001 1518 2039 Sonuen
1550 2001 1781 2047 zuschiffen,
1815 2000 1955 2038 ander—

171 2061 284 2099 theils
316 2073 391 2098 von
423 2060 488 2099 der
510 2060 663 2098 Sonneu
694 2059 846 2107 hinweg
877 2059 1039 2097 ziehlen.
1084 2060 1158 2097 Die
1182 2059 1286 2096 Sonn
1309 2059 1401 2096 aber
1432 2059 1548 2097 allein
1581 2060 1648 2097 hat
1678 2061 1714 2095 in
1746 2058 1804 2096 ihr
1835 2058 1956 2097 selbst

173 2122 231 2157 ein
267 2122 451 2157 virtutem
483 2119 715 2163 animalem,
749 2117 867 2155 durch
895 2117 1040 2155 welche
1072 2119 1126 2155 sie
1160 2118 1382 2163 informiert,
1414 2117 1531 2155 liecht
1561 2117 1741 2166 gemacht
1772 2116 1849 2154 vnd
1882 2118 1954 2154 wie

171 2180 232 2215 ein
271 2177 399 2226 Kugel
443 2189 503 2215 am
545 2176 763 2213 Dra‘hstock
805 2175 1083 2224 bestandiglich
1125 2176 1412 2224 vmbgetrieben
1445 2175 1574 2222 wirdt,
1621 2175 1739 2212 durch
1783 2174 1954 2213 welchen

171 2236 285 2274 Trieb
318 2237 373 2273 sie
406 2235 506 2273 auch
537 2235 617 2271 ihre
649 2235 815 2283 speciem
848 2235 1141 2271 immateriatam
1174 2233 1222 2271 ad
1254 2234 1514 2271 extremitates
1537 2245 1656 2281 usque
1678 2232 1809 2270 mundi
1841 2232 1955 2270 diffu-

171 2306 254 2331 sam
286 2295 323 2330 in
356 2293 524 2341 gleicher
556 2292 641 2329 Zeit
672 2292 957 2340 herumbgehen
987 2291 1133 2338 macht,
1179 2292 1255 2328 vnd
1295 2291 1378 2329 also
1410 2293 1627 2329 successive
1659 2291 1734 2328 alle
1767 2290 1953 2328 Planeten

174 2354 241 2389 init
272 2352 430 2389 herumb
463 2350 611 2388 zeuclit.
655 2349 828 2387 Mehrere
860 2351 1020 2387 scientia
1050 2349 1225 2387 animalis
1260 2349 1370 2386 wirdt
1402 2361 1448 2386 zu
1482 2349 1553 2387 den
1585 2348 1850 2386 himmlischeu
1883 2349 1953 2386 be-

175 2422 386 2458 wegungen
417 2409 522 2446 nicht
554 2405 776 2446 ersordert.“
814 2430 862 2435 —
898 2408 939 2444 In
971 2407 1247 2445 Harmonia
1279 2409 1451 2455 (1619):
1488 2409 1661 2459 „Anima
1683 2409 1800 2445 totius
1823 2405 1954 2443 mundi

175 2469 326 2506 videtur
358 2469 410 2515 (si
442 2473 498 2505 est
529 2465 617 2503 talis
649 2464 794 2514 aliqua)
836 2468 870 2502 in
913 2470 1041 2503 centro
1073 2465 1223 2513 mundi,
1266 2465 1368 2514 quod
1401 2464 1493 2501 milii
1524 2465 1590 2503 Sol
1623 2470 1697 2513 est,
1739 2462 1948 2503 residere.“

171 2526 309 2564 Porro:
347 2525 508 2577 „Qualis
540 2525 576 2560 in
605 2523 694 2561 Sole
727 2525 845 2569 visus,
879 2525 944 2572 qui
976 2523 1075 2561 oculi
1105 2525 1201 2570 sint,
1241 2529 1307 2560 aut
1339 2524 1424 2571 quis
1457 2524 1659 2560 instinctus
1700 2523 1796 2561 alios
1828 2523 1953 2571 perci-

171 2584 301 2636 piendi
333 2584 494 2632 angulos
517 2585 616 2629 (quos
647 2584 802 2618 formant
832 2583 947 2619 lineae
973 2594 993 2618 a
1018 2583 1175 2618 terminis
1209 2583 1412 2618 diurnorum
1447 2595 1594 2618 arcuum
1629 2583 1765 2618 orbium
1790 2583 1952 2626 planeta·

172 2648 302 2682 riorum
339 2646 466 2680 ductae
490 2645 525 2678 in
550 2649 711 2678 centrum
737 2643 847 2684 Solis,
881 2642 1008 2686 quibus
1039 2642 1183 2676 formari
1220 2642 1385 2686 opinatur
1410 2642 1587 2685 Keplerus
1623 2641 1850 2684 planetarum
1873 2640 1952 2675 har-

172 2706 339 2749 moniam)
380 2703 494 2739 etiam
526 2701 606 2737 sine
638 2699 757 2736 oculis
780 2698 1084 2746 aestimandique
1116 2697 1334 2734 harmonias
1366 2702 1558 2744 motuum,
1590 2696 1639 2733 ad
1662 2698 1798 2734 mentis
1831 2697 1952 2733 vesti-

174 2761 305 2798 bulum
338 2770 565 2808 quacunque
598 2763 707 2807 porta
738 2756 1043 2805 ingredientium,
1076 2767 1328 2804 quaecunque
1361 2755 1525 2803 denique
1547 2767 1657 2792 mens
1679 2757 1753 2792 ista
1782 2756 1817 2790 in
1849 2753 1949 2800 Sole,

175 2819 360 2867 conjicere
393 2829 468 2854 uon
500 2816 610 2854 facile
644 2821 700 2853 cst
731 2815 886 2853 Terram
910 2815 1177 2851 incolentibus.
1219 2811 1423 2862 Utcunque
1456 2819 1582 2851 tamen
1608 2824 1648 2850 se
1671 2813 1839 2850 habeant
1861 2813 1948 2857 ista,

178 2882 276 2914 certe
309 2876 590 2925 circumpositio
623 2874 689 2910 illa
720 2885 786 2911 sex
820 2874 968 2910 orbium
1000 2873 1262 2921 primariorum
1295 2873 1393 2908 circa
1424 2871 1552 2909 Solem
1583 2871 1682 2908 hanc
1713 2883 1736 2908 a
1765 2882 1825 2907 me
1857 2880 1951 2906 con—

174 2935 377 2972 fessionem
409 2937 628 2981 extorquet,
661 2942 735 2968 non
767 2937 914 2968 tantum
947 2932 1047 2967 exire
1079 2931 1114 2965 in
1149 2934 1269 2966 totum
1301 2929 1482 2966 mnndum
1515 2941 1560 2966 ex
1594 2928 1705 2975 Sole,
1738 2932 1779 2965 ut
1809 2939 1832 2964 a
1863 2927 1948 2964 foco

178 2992 238 3029 vel
271 2991 380 3029 oculo
412 2990 554 3037 mundi,
589 2990 725 3035 lucem,
759 2995 800 3026 ut
832 3002 877 3027 ex
909 2988 1021 3026 corde
1053 2989 1171 3025 vitam
1205 2993 1240 3024 et
1273 2987 1458 3034 calorem,
1491 2992 1532 3024 ut
1563 2999 1586 3023 a
1615 2997 1703 3034 rege
1734 2990 1771 3023 et
1802 2990 1947 3022 motore

177 3054 321 3086 motum
352 3060 520 3094 omnem,
560 3047 627 3084 sed
665 3048 832 3084 vicissim
865 3047 980 3084 etiam
1011 3047 1062 3082 in-
1081 3045 1209 3083 Solem
1250 3044 1379 3093 colligi
1410 3057 1455 3082 ex
1489 3045 1590 3082 omni
1629 3042 1822 3080 mundana
1857 3054 1948 3092 pro-

177 3107 303 3143 vincia
329 3107 414 3154 jure
445 3107 548 3153 regio
590 3105 658 3141 hos
703 3104 820 3142 veluti
857 3104 1001 3142 reditus
1033 3103 1254 3140 harmoniae
1287 3102 1693 3148 desiderabilissimae,
1736 3101 1812 3137 imo
1853 3111 1947 3137 con-

176 3163 335 3202 fluentes
367 3175 412 3202 eo
443 3163 589 3213 species
626 3166 798 3200 motuum
836 3162 1011 3200 binorum
1052 3163 1194 3199 mentis
1224 3160 1388 3210 alicujus
1425 3171 1540 3211 opera
1574 3161 1611 3196 in
1646 3169 1760 3197 unam
1791 3157 1947 3198 harmo-
