2126 3388
189 193 303 239 1024
701 220 703 223 ⁴
857 189 939 225 Vita
962 188 1113 226 Joannis
1138 190 1298 236 Kepleri.

183 311 269 350 culo
309 321 482 348 convexa
518 309 556 345 in
595 319 672 346 una
711 312 814 347 certa
851 309 1063 347 remotione
1099 320 1123 346 a
1163 320 1260 347 cava
1300 306 1502 357 distinguit
1537 307 1708 347 visibilia
1748 313 1786 346 et
1816 305 1959 358 auget“

182 370 314 419 (tubus
346 365 539 417 Galilaei).
575 388 624 393 —

318 424 463 462 Eodem
495 435 608 471 anno,
641 434 717 472 quo
741 422 880 473 Optica
901 423 1059 474 Kepleri
1082 425 1221 461 emissa
1242 428 1317 470 est,
1351 422 1529 462 elucebat
1559 423 1714 462 stella
1744 423 1811 461 illa
1841 434 1964 461 nova

183 488 225 522 in
258 484 602 531 Serpentario,
636 493 736 530 quae
769 481 901 519 oculos
933 488 975 519 ut
1006 486 1312 519 astronomorum
1350 482 1405 519 ita
1437 483 1605 519 omnium
1641 481 1840 520 hominum
1871 481 1965 519 doc-

183 551 307 580 torum
339 539 629 578 indoctorumve
668 539 717 576 ad
748 551 789 577 se
821 540 946 579 traxit.
1008 538 1224 589 Conspecta
1262 543 1320 576 est
1350 551 1373 576 a
1404 539 1464 578 die
1499 543 1625 591 2.]12.
1657 538 1836 577 Octobris
1876 539 1966 576 anni

187 603 307 638 1604.
341 609 462 646 usque
505 597 554 635 ad
587 598 736 634 initium
767 599 856 634 anni
894 600 1023 645 1606,
1057 608 1290 646 quamquam
1321 609 1445 646 neque
1478 599 1620 647 primus
1656 602 1810 635 exortus
1840 608 1966 646 neque

184 657 317 695 ultima
338 657 529 705 apparitio
553 660 654 693 certo
676 655 788 692 fuerit
811 657 1030 693 constituta.
1073 653 1215 692 Omnes
1246 654 1497 693 admiratione
1530 657 1629 705 capti
1661 656 1753 692 novi
1783 655 1898 702 hujus
1930 659 1967 692 et

182 714 344 753 mirandi
377 713 586 762 spectaculi
619 713 914 762 explicationem
947 714 1186 761 quaerebant
1223 714 1275 749 rei
1309 715 1562 763 improvisae,
1608 725 1764 750 causam
1797 712 1967 750 efficien-

183 780 258 811 tem
291 779 327 809 et
371 772 642 821 astrologicam
683 772 758 807 vim
792 777 829 807 et
860 770 1192 819 significationem.
1253 770 1461 820 Keplerum
1494 782 1668 820 quoque,
1705 775 1967 808 astronomum

184 830 444 881 imperatoris,
478 829 654 866 adierunt
685 830 822 865 summi
855 834 891 866 et
922 828 1141 872 inferiores,
1175 833 1217 865 ut
1249 828 1391 866 diceret
1422 830 1649 866 sententiam
1681 840 1811 875 suam,
1852 839 1967 876 quam

183 889 315 940 paucis
356 886 518 936 pagellis
550 888 586 923 in
625 886 821 935 publicum
863 887 987 923 emisit
1029 887 1134 924 brevi
1172 891 1259 935 post
1298 888 1456 936 primam
1498 887 1777 937 apparitionem
1819 886 1966 923 stellae.

183 946 396 996 Respondit
436 945 486 982 ad
527 946 772 993 quaestiones
814 944 859 981 de
891 944 1239 992 significationibus
1278 944 1521 993 astrologicis
1561 956 1665 982 more
1706 955 1797 991 suo,
1842 944 1968 981 verbis

183 1016 280 1043 usus
311 1005 478 1052 priorum
511 1002 790 1050 astrologorum
825 1007 862 1038 et
893 1013 969 1038 rem
1003 1001 1050 1038 ad
1078 1002 1171 1050 joca
1197 1007 1371 1039 vertens:
1407 1003 1482 1049 „Er
1515 1002 1697 1040 bedeutet
1729 1001 1801 1039 den
1833 1001 1967 1039 Buch-

186 1062 396 1100 druckhern
436 1072 567 1109 grosse
600 1060 734 1097 Vnruh
765 1060 841 1097 vnd
879 1059 1081 1097 zimlichen
1115 1058 1295 1107 Gewinn,
1339 1060 1439 1097 dann
1480 1060 1554 1097 fast
1589 1060 1698 1109 jeder
1728 1059 1975 1108 Theologus,

184 1119 463 1168 Philosophus,
507 1117 682 1156 Medicus
726 1118 803 1154 vnd
843 1116 1140 1155 Mathematicus
1180 1117 1270 1155 wird
1312 1119 1380 1155 mit
1421 1120 1552 1156 seinen
1595 1117 1858 1156 Gedanckhen
1898 1128 1966 1155 ans

184 1179 301 1217 liecht
330 1177 536 1214 khommen
568 1172 746 1213 wollen.“

322 1234 488 1273 Gravius
520 1239 557 1272 et
587 1235 804 1272 accuratius
836 1232 1057 1282 aggreditur
1087 1244 1166 1270 rem
1199 1234 1236 1269 in
1267 1232 1365 1270 libro
1396 1232 1528 1279 latino,
1563 1245 1677 1282 quem
1708 1244 1808 1271 anno
1844 1236 1967 1271 1606.

184 1297 221 1332 in
254 1293 448 1345 publicum
481 1293 606 1329 emisit
637 1293 878 1341 inscriptum:
924 1292 990 1329 De
1023 1290 1186 1329 Stella
1216 1290 1354 1328 Nova
1396 1292 1439 1327 in
1481 1291 1611 1329 Pede
1643 1291 1969 1342 Serpentarii.

184 1351 365 1400 Undique
398 1351 568 1388 collectis
602 1351 749 1386 nunciis
783 1349 828 1386 de
861 1350 1130 1386 observatione
1162 1348 1298 1386 stellae
1330 1351 1453 1397 iisque
1486 1360 1531 1386 ex
1564 1354 1643 1387 arte
1676 1351 1903 1387 examinatis
1935 1353 1973 1386 et

183 1410 416 1462 ponderatis,
449 1420 539 1446 suas
564 1409 683 1457 ipsius
705 1408 997 1444 observationes
1019 1408 1327 1444 accuratissimas
1359 1406 1560 1455 subjungit
1582 1413 1855 1457 comparatque
1887 1417 1973 1444 cum

185 1469 262 1506 illis
295 1467 459 1515 indeque
492 1465 638 1514 colligit
669 1465 805 1503 stellae
836 1476 962 1503 novae
984 1464 1262 1513 longitudinem
1291 1463 1362 1502 170
1383 1466 1452 1502 40‘
1483 1464 1539 1511 s,
1573 1465 1814 1503 latitudinem
1842 1463 1884 1502 1Ο
1906 1466 1972 1502 56‘

184 1532 295 1577 sept„
332 1526 474 1577 „paulo
507 1526 702 1571 minorem,
737 1523 785 1560 ob
817 1523 1084 1560 refractionem
1116 1524 1153 1558 in
1186 1522 1389 1559 altitudine
1425 1520 1545 1561 19⁰“.
1589 1523 1649 1560 Ad
1681 1524 1972 1560 observationes

185 1585 354 1623 Fabricii
385 1583 481 1620 haec
513 1588 687 1632 annotat,
720 1582 861 1630 quibus
893 1593 938 1618 ea
970 1593 1069 1630 quae
1101 1592 1218 1629 snpra
1248 1580 1434 1618 retulinus
1473 1580 1519 1618 de
1551 1592 1624 1618 usu
1654 1581 1832 1618 familiari
1864 1580 1973 1630 Kep—

184 1643 252 1681 leri
284 1648 322 1681 et
352 1642 515 1692 pastoris
547 1641 659 1677 Frisii
690 1638 935 1688 supplemus:
988 1639 1082 1690 „Vir
1115 1638 1292 1687 equidem
1332 1638 1420 1675 talis
1453 1639 1491 1674 in
1523 1641 1811 1689 astronomicis,
1853 1649 1971 1688 penes

186 1712 298 1750 quem
340 1704 425 1749 post
456 1699 683 1736 exstinctam
725 1709 810 1734 cum
853 1702 1007 1734 auctore
1039 1696 1191 1734 Braheo
1236 1696 1476 1745 diligentiam
1514 1697 1747 1734 observandi
1789 1696 1974 1735 coelestia

187 1759 307 1797 omnis
339 1759 378 1794 in
411 1755 654 1794 observando
686 1760 764 1793 stat
795 1757 1024 1800 auctoritas,
1066 1766 1180 1803 quam
1212 1754 1378 1804 palmam
1411 1754 1465 1791 illi
1497 1760 1681 1804 quantum
1713 1755 1762 1793 ad
1793 1766 1872 1801 me,
1907 1756 1972 1802 qui

187 1816 344 1856 confuso
379 1816 464 1852 visu
496 1814 658 1851 multum
689 1813 887 1863 impedior,
922 1812 1015 1850 cedo
1047 1812 1221 1850 libenter.
1262 1812 1373 1850 Adde
1405 1814 1519 1850 etiam
1555 1815 1591 1849 in
1624 1812 1806 1850 rimandis
1836 1812 1973 1862 plane-

187 1881 311 1913 tarum
342 1873 508 1910 motihus
547 1872 838 1920 sagacissimum
877 1872 1072 1919 ingenium
1111 1872 1227 1918 inque
1268 1870 1563 1920 contemplando
1604 1871 1772 1908 studium
1804 1870 1974 1908 indefes-

185 1945 282 1971 sum.
345 1930 457 1980 Quod
489 1930 720 1978 astrologica
752 1930 888 1967 attinet
923 1928 1100 1977 equidem
1130 1929 1272 1976 fateor,
1306 1930 1430 1966 virum
1466 1928 1573 1966 illuni
1609 1929 1829 1966 auctoritati
1865 1934 1973 1966 vete-

187 2003 270 2029 rum
304 1994 340 2027 et
373 1988 572 2039 cupiditati
606 1987 922 2038 praedictionum,
955 1988 1022 2024 ubi
1053 1986 1149 2024 haec
1180 1987 1256 2024 duo
1290 1987 1521 2036 conspirant,
1554 1986 1696 2024 alicubi
1727 1986 1974 2025 succumbere

187 2055 225 2087 et
256 2047 424 2097 quodam
456 2047 565 2095 quasi
598 2046 859 2083 enthusiasmo
892 2051 1042 2094 praeter
1072 2046 1257 2082 rationem
1280 2045 1423 2094 abripi3
1459 2056 1591 2083 verum
1622 2046 1697 2082 ista
1719 2056 1805 2082 cum
1828 2044 1974 2093 ingenti

188 2108 386 2146 doctorum
418 2106 583 2142 virorum
613 2104 725 2141 turba
757 2104 975 2140 communia
1004 2100 1161 2140 habet.“

332 2164 417 2201 Illis
449 2174 545 2211 quas
577 2161 691 2199 modo
725 2160 889 2198 diximus
931 2161 1268 2198 observationibus
1309 2166 1345 2197 et
1378 2161 1664 2209 comparatione
1702 2171 1856 2197 suarum
1889 2171 1975 2197 cum

189 2222 275 2260 aliis
317 2227 577 2259 astronomum
616 2231 656 2257 se
697 2219 855 2268 praebet
885 2218 1076 2268 Keplerus
1116 2230 1191 2255 non
1230 2217 1344 2255 modo
1385 2219 1573 2255 imbutum
1606 2219 1819 2268 praeceptis
1850 2222 1975 2255 astro-

188 2281 340 2318 nomiae
379 2281 590 2329 practicae,
637 2277 703 2315 sed
748 2278 862 2315 etiam
912 2282 1088 2323 cautum,
1136 2278 1323 2313 sincerum
1363 2275 1600 2325 liberumque
1646 2278 1748 2313 omni
1796 2277 1975 2325 opinione

187 2337 464 2389 praejudicata,
527 2335 699 2373 Eundem
731 2346 770 2372 se
801 2335 959 2384 praebet
988 2335 1025 2371 in
1058 2335 1104 2371 iis
1127 2346 1226 2383 quae
1257 2340 1486 2382 sequuntur,
1521 2334 1813 2382 diligentissime
1845 2334 1974 2382 inqui—

189 2408 273 2434 rens
315 2396 400 2433 loca
431 2394 669 2444 planetarum
710 2395 808 2430 circa
850 2398 999 2441 tempus
1043 2404 1118 2441 quo
1159 2393 1322 2442 primum
1363 2392 1486 2429 illuxit
1528 2404 1630 2430 nova
1668 2392 1780 2429 stella
1823 2396 1860 2429 et
1890 2391 1976 2428 loca

190 2453 386 2492 stellarum
430 2452 590 2490 fixarum
637 2454 674 2488 in
721 2450 1078 2488 constellationibus
1123 2450 1378 2499 Serpentarii,
1425 2449 1621 2499 Serpentis
1665 2456 1701 2487 et
1741 2449 1974 2499 Scorpionis,

191 2511 322 2561 qualia
352 2523 374 2548 a
406 2510 628 2547 Ptolemaeo
671 2514 708 2546 et
739 2508 923 2557 Tychone
961 2508 1111 2558 prodita
1153 2513 1259 2554 sunt,
1304 2519 1538 2557 quamquam
1577 2509 1649 2557 ipsi
1690 2518 1843 2556 quoque
1876 2508 1975 2544 sicut

192 2569 368 2619 Tychoni
406 2569 658 2605 instrumenta
699 2567 839 2615 quibus
881 2566 1085 2604 utebantur
1127 2565 1347 2615 imperfecta
1385 2565 1471 2603 loca
1513 2565 1711 2603 stellarum
1752 2565 1800 2602 ad
1832 2564 1975 2614 gradus

190 2633 336 2665 tantum
369 2628 539 2675 integros
572 2631 609 2663 et
640 2624 828 2673 graduum
859 2626 1007 2661 minuta
1040 2623 1307 2662 exhibuerunt.

338 2685 392 2722 Ex
424 2685 470 2721 iis
493 2695 592 2732 quae
625 2682 686 2720 liic
710 2688 746 2720 et
766 2687 904 2731 postea
935 2682 1042 2719 affert
1075 2693 1120 2718 ex
1152 2681 1259 2718 libris
1292 2681 1570 2726 astronomicis,
1605 2680 1795 2718 uberrima
1819 2678 1975 2728 Kepleri

197 2743 319 2781 elucet
350 2742 524 2780 lectionis
558 2742 680 2791 copia.
742 2740 828 2777 Non
861 2744 1008 2776 tantum
1041 2739 1306 2776 Ptolemaeum
1339 2745 1376 2777 et
1409 2738 1661 2788 Copernicum
1694 2744 1731 2776 et
1753 2737 1975 2787 Tychonem

193 2802 428 2851 penitissime
461 2800 580 2845 novit,
614 2798 680 2836 sed
713 2799 826 2835 etiam
849 2809 1070 2846 graecorum
1092 2797 1374 2845 latinorumque
1407 2796 1509 2845 (cum
1534 2802 1704 2834 veterum
1737 2801 1814 2833 tum
1841 2805 1974 2832 recen-

191 2858 344 2909 tiorum)
366 2859 506 2908 scripta
527 2856 727 2905 diligenter
750 2860 1008 2905 perscrutatus
1031 2861 1099 2901 est,
1124 2860 1165 2892 ut
1183 2855 1354 2901 Aratum,
1381 2854 1583 2900 Avienum,
1609 2854 1826 2899 Firmicum,
1846 2851 1975 2889 Mani-

195 2917 286 2953 lium
308 2916 482 2964 aliosque
504 2915 656 2954 multos,
698 2913 881 2951 Similiter
902 2915 938 2949 in
961 2914 1212 2961 sequentibus
1245 2914 1435 2962 capitibus
1468 2911 1730 2949 doctissimum
1751 2922 1792 2947 se
1814 2910 1975 2959 praebet

193 2978 230 3012 et
269 2975 569 3012 versatissimum
608 2976 858 3009 scrutatorem
896 2971 1078 3008 librorum
1117 2971 1471 3020 philosophicorum
1514 2975 1552 3007 et
1590 2969 1844 3018 poeticorum,
1889 2978 1975 3004 cum

197 3031 346 3069 disserit
377 3031 422 3068 de
455 3031 646 3075 distantia,
680 3030 777 3076 luce,
811 3029 1073 3077 magnitudine
1106 3028 1241 3065 stellae
1272 3040 1397 3066 novae
1430 3032 1546 3076 atque
1579 3026 1641 3064 vel
1672 3030 1788 3063 testes
1819 3024 1975 3062 adducit

200 3089 260 3125 vel
293 3088 513 3126 refutandos
548 3092 676 3126 censet
709 3087 976 3134 Aristotelem,
1011 3086 1280 3133 Plutarchum,
1314 3086 1500 3131 Plinium,
1544 3083 1625 3122 Jul.
1658 3082 1766 3122 Caes.
1799 3082 1975 3130 Scalige-

194 3156 289 3195 rum,
321 3145 536 3195 Virgilium,
570 3145 798 3192 Pontanum,
833 3144 1103 3192 Weidnerum,
1137 3155 1299 3193 quorum
1332 3143 1434 3182 dicta
1467 3143 1581 3181 etiam
1613 3140 1768 3179 discutit
1798 3142 1836 3177 in
1869 3141 1976 3193 capi-
