2126 3388
224 177 309 225 852
900 175 995 210 Vita·
1007 173 1032 209 J
1034 173 1160 210 oannis
1183 173 1344 220 Kepleri.

223 299 259 331 et
280 294 464 340 Epitome,
494 302 559 327 nec
583 301 654 326 non
679 290 723 325 de
747 289 854 325 rebus
879 288 1122 334 astrologicis,
1146 289 1294 325 Juliano
1319 288 1479 324 Medices
1503 288 1626 324 thema
1650 290 1904 335 astrologicam
1929 301 2012 327 con-

221 353 316 398 fecit,
343 351 438 397 quod
462 361 483 385 a
507 348 708 393 Septembri
731 349 768 384 in
793 348 1030 384 Novembrem
1053 348 1148 383 inter
1173 352 1362 392 utrumque
1386 346 1522 391 pluries
1548 347 1748 383 discussum
1772 353 1836 385 est.

357 410 415 445 Ex
441 408 496 443 his
522 407 684 452 epistolis
710 417 752 443 ea
787 407 1042 447 desumsimus,
1081 408 1172 450 quae
1207 406 1252 441 ad
1281 404 1430 449 Kepleri
1461 404 1580 439 studia
1613 409 1649 440 et
1680 406 1788 440 vitam
1820 408 2011 451 pertinent,

219 469 371 510 Remo,
406 466 466 511 qui
498 464 748 506 nunciaverat,
786 475 824 499 se
853 475 940 509 „pro
974 464 1112 500 medico
1146 468 1182 499 et
1207 463 1461 499 mathematico
1490 463 1662 499 Caesareo
1680 469 1885 509 ..acceptum
1911 468 2010 500 esse“

218 531 324 569 atque
341 525 433 558 inter
450 523 519 558 alia
537 522 780 566 quaesiverat,
807 532 878 566 quo
897 525 993 557 statu
1011 525 1132 557 essent
1150 521 1418 557 observationes
1444 521 1682 566 Tychonicae,
1708 522 1894 567 respondit
1918 523 2014 568 Kep-

217 582 314 617 lerus
341 581 473 625 (Dea),
500 579 674 623 gratulari
699 589 737 614 se
762 590 834 614 non
858 583 932 614 tam
957 579 1089 624 Remo,
1116 590 1222 624 quam
1247 578 1488 614 astronomiae
1515 583 1550 614 et
1575 579 1645 615 sibi
1668 580 1757 624 ipsi,
1785 580 1847 624 qui
1871 590 2013 624 promo-

216 643 294 674 tore
319 639 355 673 in
382 637 465 673 aula
491 638 612 673 salarii
647 637 702 673 sui
727 637 897 673 suffultus
925 637 980 672 sit.
1034 638 1145 679 „Nam
1171 637 1349 671 hactenus
1382 641 1445 671 aut
1470 638 1540 673 soli
1563 638 1651 672 mihi
1675 638 1909 673 laborandum
1935 639 2012 682 fuit,

217 702 279 733 aut
303 697 333 732 si
360 696 612 732 calculatorem
638 697 763 741 ascivi,
800 696 1016 740 quandoque
1049 697 1232 740 impensae
1256 695 1402 731 fuerunt
1427 695 1613 731 faciendae
1640 695 1684 730 de
1707 706 1800 738 meo,
1826 707 1905 731 cum
1925 696 2014 731 nihil

215 765 259 790 ex
284 754 366 790 aula
390 754 624 789 solveretur.“
674 755 765 789 Dein
793 754 949 798 explicat
973 755 1086 789 Remo
1113 753 1270 788 calculos
1296 764 1363 798 per
1387 753 1621 797 logarithmos
1648 743 1897 799 absolvendos,
1922 764 2013 798 quos

214 813 298 849 dicit
327 812 489 855 „felicem
515 812 754 847 calamitatem
780 811 982 846 tabularum
1001 811 1347 856 Rudolphinarum“.
1397 811 1623 846 Reficiendas
1640 811 1755 846 videri
1780 811 1846 846 has
1871 811 2011 847 tabulas

213 875 249 906 et
273 869 318 904 ad
343 870 578 915 logarithmos
604 870 945 911 accommodandas,
979 880 1116 904 canone
1149 870 1449 914 logarithmorum
1481 870 1581 914 prius
1607 870 1768 905 exactius
1795 874 2011 914 computato.

210 929 268 963 Ad
292 928 399 963 dubia
424 928 541 973 Remi,
576 939 661 962 num
692 929 808 972 possit
834 927 927 962 Solis
957 928 1021 962 lux
1061 928 1106 962 ad
1132 928 1256 963 stellas
1281 928 1373 963 fixas
1407 929 1612 972 pertingere
1646 933 1682 963 et
1707 939 1753 963 an
1786 928 1892 964 detur
1915 928 2011 963 orbis

212 986 388 1030 stellatus,
414 985 602 1031 respondit
627 986 825 1030 Keplerus,
854 986 1100 1021 demonstrare
1125 996 1164 1020 se
1191 997 1236 1020 ex
1260 987 1493 1031 necessariis,
1519 996 1644 1021 cavum
1670 996 1750 1022 esse
1777 986 1948 1031 spatium,
1973 986 2011 1021 in

212 1054 282 1090 quo
308 1043 487 1089 planetae,
513 1043 606 1079 fixas
633 1045 790 1079 exterius
816 1044 1062 1078 convectiores
1088 1043 1257 1089 invicem3
1286 1055 1356 1088 quo
1383 1054 1497 1089 usque
1522 1044 1606 1078 illae
1625 1048 1855 1088 spargantur,
1883 1054 1921 1079 se
1938 1054 2010 1078 non

213 1102 408 1147 disputare,
435 1111 503 1142 „ex
529 1101 694 1137 sensibus
721 1101 836 1137 solum
862 1102 1062 1147 analogiam
1087 1095 1198 1146 vexo,
1232 1103 1295 1138 sed
1321 1102 1462 1139 dulcem
1489 1106 1523 1138 et
1548 1102 1800 1148 multiplicem3
1833 1102 2011 1138 infinitum

210 1159 412 1196 rationibus
438 1160 694 1205 metaphysicis
719 1160 925 1205 impugno“.

348 1218 596 1253 Blanchum
621 1219 820 1264 interrogat
843 1220 1040 1265 Keplerus,
1074 1231 1159 1255 num
1184 1220 1379 1255 Harmonia
1404 1219 1440 1254 in
1470 1219 1574 1255 Italia
1597 1218 1716 1264 possit
1740 1228 1821 1254 esse
1844 1218 2009 1254 venalis?

211 1273 352 1322 Habet,
367 1276 493 1320 inquit,
515 1276 746 1318 sententiam
769 1275 986 1324 Copernici,
1011 1277 1077 1324 qui
1099 1275 1256 1314 Terram
1277 1276 1369 1313 facit
1389 1275 1582 1315 mobilem.
1634 1274 1676 1312 Si
1697 1275 1745 1312 lis
1777 1276 1813 1313 ei
1835 1274 2024 1322 intendi—⁴

212 1338 283 1378 tur,
317 1338 448 1381 posset
481 1344 669 1381 occupare
701 1333 917 1371 advocatus
949 1334 1090 1383 aliquis
1123 1333 1229 1382 libri,
1273 1333 1377 1371 illam
1410 1345 1486 1371 non
1528 1334 1627 1383 poni,
1660 1334 1733 1370 nisi
1765 1332 2010 1381 alternative,

211 1390 359 1428 scilicet
375 1391 489 1440 juxta
511 1391 708 1441 Tycbonis
731 1391 859 1430 Brahe
884 1392 1142 1442 hypotheses,
1167 1394 1232 1441 qui
1255 1391 1413 1429 Terram
1433 1392 1526 1429 facit
1548 1397 1663 1437 stare,
1697 1391 1828 1429 Solem
1849 1392 2010 1431 moveri.

212 1447 310 1486 Mihi
334 1449 487 1497 quidem
512 1449 661 1486 indultu
685 1449 882 1499 privilegii
913 1451 976 1488 lex
1009 1455 1069 1488 est
1100 1450 1199 1488 fixa:
1232 1461 1279 1487 ne
1301 1449 1392 1498 quid
1416 1455 1550 1488 contra
1581 1449 1823 1487 catholicam.
1866 1449 2011 1487 Verum

211 1508 336 1555 rogati
359 1519 475 1556 super
496 1507 570 1545 hoc
587 1507 797 1545 consiliarii
820 1508 937 1546 aulici
956 1508 1135 1546 Caesaris
1154 1507 1333 1546 catholici
1352 1513 1544 1557 negarunt
1559 1508 1680 1546 videri
1698 1513 1828 1545 contra
1845 1507 2010 1545 catholi-

212 1576 308 1612 cam,
343 1565 447 1614 quod
468 1565 708 1603 naturalibus
731 1567 946 1604 rationibus
977 1567 1099 1603 salvis
1121 1566 1384 1616 superioribus
1417 1572 1452 1603 et
1484 1565 1842 1615 supernaturalibus
1875 1565 2010 1614 dispu-

211 1627 313 1661 tatur
335 1622 380 1661 de
403 1629 510 1661 motu
531 1623 695 1671 Terrae,
727 1623 817 1662 licet
848 1624 945 1662 haec
965 1626 1158 1662 sententia
1186 1636 1307 1674 nuper
1343 1627 1456 1670 (anno
1487 1627 1587 1662 1616.
1637 1625 1709 1662 Cfr.
1735 1625 1806 1660 vol.
1831 1626 1859 1660 I.
1885 1637 1919 1670 p.
1947 1627 2008 1670 56)

210 1686 347 1718 notata
378 1682 493 1720 fuerit
524 1681 658 1730 aliqua
689 1693 865 1730 censura,
898 1682 967 1721 sed
1000 1694 1100 1731 quae
1132 1682 1259 1720 adhuc
1290 1684 1341 1720 sit
1369 1684 1535 1732 privata.
1598 1681 1682 1730 Ego
1713 1692 1806 1719 vero
1839 1682 1878 1718 in
1908 1680 2007 1720 libro

210 1738 278 1776 illo
310 1751 395 1777 meo
428 1751 476 1778 ne
510 1739 665 1788 quidem
698 1740 861 1778 defendo
894 1746 1042 1778 motum
1074 1740 1237 1788 Terrae,
1281 1740 1349 1779 sed
1387 1741 1426 1778 id
1458 1741 1530 1778 feci
1563 1739 1683 1786 alias,
1726 1740 1765 1776 in
1799 1738 2007 1777 Commen-

210 1798 307 1835 tario
340 1797 496 1845 Martis,
540 1799 578 1834 in
612 1797 753 1847 Optica
785 1807 856 1837 etc.
918 1799 988 1836 Est
1020 1798 1127 1836 aliud
1168 1800 1367 1849 quippiam
1406 1801 1443 1836 in
1488 1798 1586 1836 libro
1619 1797 1699 1844 IV,
1741 1797 1843 1846 quod
1885 1799 2008 1846 possit

209 1854 326 1893 alicui
359 1855 581 1905 scrupulum
611 1868 792 1903 movere,
837 1856 939 1906 quod
978 1856 1052 1894 hoc
1085 1856 1272 1904 defendo,
1315 1862 1382 1895 aut
1414 1868 1527 1895 casus
1562 1856 1741 1893 fortuitos
1773 1867 1849 1893 non
1881 1858 2005 1905 signi—

208 1913 314 1950 ficari
347 1915 396 1951 ab
429 1915 555 1962 astris,
590 1918 656 1952 aut
686 1915 720 1950 si
751 1915 800 1952 ab
832 1916 880 1952 iis
911 1915 1188 1964 significentur,
1223 1920 1400 1965 oportere
1423 1920 1465 1952 ut
1487 1914 1614 1963 angeli
1638 1913 1818 1952 custodes
1842 1926 1864 1952 a
1885 1925 2006 1963 gene-

209 1972 316 2010 sibus
349 1972 532 2010 clientum
564 1984 721 2010 suorum
752 1973 1033 2022 impediantur3
1066 1979 1245 2011 movetur
1268 1973 1472 2020 dubitatio,
1504 1972 1601 2009 nihil
1632 1973 1827 2019 asseritur,
1861 1971 2004 2010 decisio

209 2029 258 2067 ad
289 2030 494 2080 theologos
525 2031 705 2079 rejicitur.
765 2031 957 2081 Exspecto
1000 2033 1117 2079 igitur
1154 2043 1269 2081 super
1309 2031 1384 2069 hoc
1416 2032 1543 2080 capite
1585 2042 1812 2079 responsum
1844 2035 1881 2068 et
1912 2043 2004 2069 sen-

208 2090 369 2126 tentiam
400 2095 505 2126 tuam
537 2090 756 2137 genuinam,
789 2092 871 2128 sine
904 2089 1191 2128 blandimentis.
1260 2093 1301 2127 In
1343 2092 1413 2127 fine
1450 2092 1626 2136 epistolae
1673 2091 1783 2126 refert
1814 2091 2004 2136 Keplerus,

208 2158 328 2183 mense
353 2148 545 2184 Novembri
578 2149 667 2183 duos
694 2160 731 2185 se
756 2150 887 2185 vidisse
914 2155 1082 2193 cometas,
1110 2150 1262 2185 alterum
1290 2150 1392 2194 cujus
1419 2154 1525 2194 caput
1551 2151 1617 2185 sub
1644 2149 1829 2184 horizonte
1853 2153 2008 2192 maneat,

209 2206 323 2240 cauda
346 2206 410 2241 400
437 2216 467 2241 c.
500 2207 718 2250 promineat,
759 2208 910 2242 alterum
949 2208 1206 2252 clarissimum,
1242 2208 1391 2252 flavum,
1418 2207 1634 2243 subrutilum
1665 2208 1702 2243 in
1726 2209 1791 2243 16⁰
1817 2211 1858 2250 1η
1894 2217 2008 2253 prope

208 2262 364 2298 Laneem
388 2264 464 2299 bor.
509 2267 569 2303 (Ex
593 2265 697 2298 literis
725 2269 808 2299 datis
834 2269 943 2310 pridie
969 2268 1040 2300 Cal.
1067 2268 1149 2300 Dec.
1179 2270 1292 2305 1618)

346 2321 615 2358 Wilhelmus
649 2322 954 2359 Schickardus
992 2324 1204 2368 (Niirtingae
1236 2323 1409 2358 Januario
1439 2325 1539 2368 1518)
1580 2324 1724 2366 „binas“
1763 2324 1849 2360 dicit
1883 2324 2007 2360 literas

209 2376 356 2422 Kepleri
382 2383 465 2422 post
491 2379 690 2415 discessum
716 2381 882 2424 Tubinga
906 2391 1028 2416 mense
1053 2381 1243 2416 Decembri
1271 2383 1370 2417 1617.
1396 2382 1465 2426 ipsi
1490 2382 1659 2427 traditas3
1684 2382 1807 2418 literas
1832 2382 2007 2428 posterio-

207 2446 276 2480 res,
301 2436 467 2479 Augusta
491 2437 628 2472 Vindel.
657 2437 758 2472 datas
786 2439 829 2482 (c.
856 2438 887 2472 d.
913 2440 944 2474 8.
963 2439 1068 2483 Dec.)
1094 2439 1192 2482 prius
1218 2439 1375 2474 redditas
1403 2450 1497 2484 esse,
1523 2441 1671 2486 priores,
1700 2442 1801 2477 datas
1819 2441 2006 2486 Tubingae

208 2503 239 2530 c.
265 2493 420 2528 medium
445 2494 674 2537 Novembris,
709 2496 891 2540 accepisse
925 2507 963 2531 se
992 2496 1131 2531 demum
1164 2497 1280 2531 medio
1306 2498 1526 2534 Decembris.
1577 2499 1762 2534 Contrario
1789 2498 1873 2533 dicit
1897 2508 2006 2533 sensu

208 2561 287 2586 esse
313 2552 465 2596 scriptas
491 2552 556 2587 has
582 2552 724 2595 literas,
762 2564 841 2589 cum
866 2554 902 2588 in
927 2554 1105 2599 prioribus
1137 2555 1205 2600 ipsi
1232 2556 1455 2592 mandaverit
1479 2557 1656 2602 Keplerus
1688 2558 1872 2602 negotium
1903 2556 2003 2593 scul-

208 2608 405 2654 pendarum
440 2610 635 2654 figurarum
670 2610 714 2645 ad
740 2611 971 2647 Harmoniam
1006 2614 1280 2657 pertinentium,
1313 2615 1348 2649 in
1374 2616 1636 2660 posterioribus
1669 2626 1752 2651 vero
1783 2616 1928 2661 jubeat,
1963 2619 2004 2650 ut

209 2667 407 2703 delineatas
439 2667 574 2713 figuras
608 2669 653 2704 ad
687 2669 917 2714 bibliopolam
951 2671 1152 2716 Kriigerum
1187 2674 1388 2718 Augustam
1422 2673 1552 2710 mittat.
1604 2674 1822 2710 obsecutum
1854 2684 1892 2709 se
1923 2684 2002 2709 esse

208 2726 388 2769 posterius
413 2725 627 2770 imperatum
653 2731 688 2761 et
713 2727 896 2763 schemata
921 2730 1038 2765 omnia
1063 2742 1152 2776 pyro
1178 2731 1353 2776 inscripta
1378 2731 1543 2776 Kriigero
1568 2732 1822 2768 transmisisse,
1861 2732 2001 2767 Gratias

210 2783 284 2826 agit
309 2783 553 2819 Schickardus
579 2795 644 2828 pro
671 2785 933 2831 Stereometria,
961 2789 1163 2830 germanica
1191 2793 1225 2823 et
1244 2788 1366 2831 latina,
1391 2789 1631 2833 Ephemeride
1651 2793 1686 2824 et
1704 2788 1914 2825 Calendario
1932 2789 2001 2833 ipsi

210 2839 303 2874 dono
331 2840 434 2886 datis,
460 2841 652 2886 praecipue
678 2843 773 2887 quod
799 2855 819 2879 a
844 2845 918 2879 viro
943 2845 1104 2890 profecta
1130 2846 1210 2887 sint,
1239 2857 1365 2891 „quem
1383 2857 1404 2881 a
1421 2846 1511 2882 facie
1536 2847 1693 2882 nondum
1718 2847 1908 2891 cognitum,
1936 2847 2000 2882 sed

211 2897 419 2933 eruditionis
455 2898 550 2933 fama
582 2901 807 2936 notissimum
838 2904 991 2938 maxime
1019 2914 1159 2948 semper
1189 2904 1276 2948 feci,
1303 2916 1399 2940 nunc
1433 2914 1515 2939 vere
1549 2915 1627 2940 amo
1655 2909 1690 2939 et
1720 2904 1880 2939 officiose
1909 2904 1998 2951 colo,

209 2961 401 3000 postquam
426 2969 544 2993 coram
570 2969 614 2994 ex
640 2961 912 2996 conversatione
946 2961 1022 3004 ejus
1060 2961 1263 2997 humanitas
1297 2972 1440 3007 quoque
1471 2963 1702 3000 innotuerit“.
1749 2962 1791 2997 In
1815 2963 1883 2997 hac
1916 2974 1998 2999 con-

210 3015 409 3049 versatione
440 3016 638 3052 collocutos
655 3019 753 3062 ipsos
781 3029 860 3053 esse
885 3019 928 3053 de
946 3020 1173 3055 restitutione
1191 3018 1390 3064 globorum,
1417 3021 1479 3065 qui
1503 3020 1682 3066 Tychonis
1707 3031 1837 3055 nomen
1853 3031 1940 3065 prae
1958 3032 1997 3058 se

210 3069 338 3116 ferant,
365 3077 400 3108 et
424 3073 619 3117 Keplerum
645 3077 729 3120 sibi,
768 3076 836 3110 hac
861 3077 896 3112 in
922 3082 1024 3121 parte
1051 3077 1187 3121 aliquid
1212 3078 1373 3113 molienti
1400 3089 1546 3119 „manus
1572 3077 1763 3122 adjutrices
1789 3083 1852 3114 aut
1876 3081 1996 3125 potius

213 3124 435 3165 directrices“
467 3131 673 3174 promisisse
707 3138 742 3169 et
774 3134 975 3179 catalogum
1001 3135 1181 3180 Tychonis
1215 3135 1369 3172 fixarum
1400 3146 1522 3172 earum
1555 3136 1808 3183 spopondisse,
1843 3139 1996 3185 quaein
