2126 3388
210 156 294 200 72ss
885 147 968 182 Vita
993 145 1142 181 Joannis
1168 146 1325 191 Kepleri.

208 273 335 317 possit.
383 269 465 305 Dixi
490 277 570 302 nam
596 264 739 309 quidem
763 263 999 299 Boleslaviam
1024 272 1080 296 me
1105 272 1175 296 non
1200 261 1389 296 admodum
1416 261 1628 304 abhorrere,
1654 261 1684 295 si
1709 261 1756 295 ibi
1785 271 1863 296 esse
1881 261 1992 306 malit,

209 335 366 365 attamen
392 327 465 361 11116
491 325 533 359 de
559 323 663 366 liguis
689 325 724 357 et
749 321 964 356 carbonibus
990 331 1061 354 non
1086 319 1137 353 ita
1163 324 1270 363 atque
1296 320 1354 354 1116
1378 319 1448 363 11131
1466 318 1672 362 prospicere
1696 329 1815 363 posse,
1840 325 1996 355 nectam

212 398 319 431 saepe
344 387 437 420 inter
462 393 527 416 nos
555 386 663 425 atque
689 390 779 423 opus
805 380 914 414 fuerit
940 378 1102 414 conferre
1122 378 1172 413 sic
1191 378 1346 421 daretur,
1372 377 1494 412 multis
1514 377 1788 413 difficultatibus
1805 389 1879 413 rem
1897 379 1996 414 illam

207 445 402 480 involutam
429 450 517 483 esse,
543 450 609 473 nee
634 444 753 473 tamen
781 438 809 471 si
835 437 1024 472 admodum
1050 436 1211 480 indigeat
1228 436 1459 470 renuiturum.
1505 435 1560 470 De
1578 435 1766 470 Brandisio
1785 447 1839 470 me
1857 437 1995 472 nullam

209 503 337 537 fecisse
362 498 594 540 mentionem,
621 496 705 530 mibi
732 495 824 529 enim
850 494 884 528 id
909 494 1002 529 idem
1027 493 1138 528 ferme
1163 493 1322 537 videtur,
1348 503 1389 526 ac
1416 494 1446 526 si
1471 493 1610 537 Pragae
1636 498 1750 527 esset:
1787 493 1848 527 ubi
1877 495 1907 528 si
1932 495 1996 528 ali-

209 558 350 604 quando
375 556 606 597 habitaverit,
638 558 724 588 tunc
749 552 953 596 dispiciam,
987 551 1071 595 quid
1096 552 1129 585 in
1157 556 1341 596 posterum
1363 551 1469 595 juxta
1505 551 1582 594 ejus
1609 551 1786 586 desideria
1810 557 1996 596 praestare

211 627 339 661 queam
364 614 419 649 vel
445 624 560 657 secus,
587 611 681 656 quod
708 611 814 645 etiam
839 610 924 644 mihi
949 611 984 644 111
1012 621 1151 645 0111116111
1178 615 1344 644 eventum
1368 609 1516 643 liberum
1535 619 1692 644 reservo.
1735 610 1835 653 Quae
1854 610 1897 645 de
1915 622 1996 645 con-

208 672 407 710 fusionibus
440 671 676 705 oeconomicis
703 673 738 703 et
763 668 877 703 turbis
911 667 1126 703 familiarum
1152 668 1277 709 infert,
1312 668 1489 712 replicare
1521 679 1576 703 me
1602 668 1714 712 nolle,
1750 679 1829 704 cum
1857 671 1997 714 quidvis

207 735 407 767 metuentes
439 729 507 764 sibi
537 728 634 763 mille
667 727 843 772 ejusmodi
877 726 1050 771 suspicari
1077 731 1111 760 et
1136 738 1201 771 pro
1231 726 1349 761 lubitu
1375 737 1590 771 exasperare
1623 731 1765 771 queant.
1819 727 1856 763 Si
1880 734 1998 764 tamen

208 787 425 833 ejuscemodi
450 787 535 831 quid
561 785 605 820 ad
632 795 686 819 me
712 785 889 829 perlatum
915 784 1026 828 soret,
1063 784 1272 820 effecturum
1306 796 1370 828 pro
1397 784 1489 818 virili
1522 789 1562 819 ut
1598 784 1816 820 emendetur.
1864 786 1998 821 Existi-

207 857 302 882 mare
329 851 447 880 autem
473 855 539 889 me,
566 844 662 888 quod
688 854 753 877 nee
780 853 844 886 ego
871 853 936 877 nee
962 843 1138 886 quispiam
1163 853 1322 877 meorum
1341 842 1547 886 Keplerum,
1573 843 1711 878 interea
1735 844 1819 878 dum
1836 844 1895 879 1116
1920 845 1998 891 fuit,

205 906 313 940 verbo
339 907 401 938 aut
425 903 520 937 facto
539 901 656 937 ullove
673 902 777 936 modo
803 901 955 936 laeserit.
992 901 1029 935 Si
1055 906 1172 936 autem
1198 902 1233 935 id
1253 900 1413 944 contigit,
1440 911 1495 935 me
1522 913 1670 946 prorsus
1697 903 1808 937 inscio
1835 908 1870 938 et
1887 904 1998 939 invito

206 965 343 999 factum
368 973 456 998 esse.
498 962 553 996 De
579 961 632 1005 iis,
660 971 751 1005 quae
777 961 928 1005 ipsemet
945 960 1126 1004 patienter
1150 959 1302 1000 tulerim,
1328 959 1424 993 nolle
1443 959 1528 1004 quid
1546 960 1692 1005 referre,
1717 971 1762 995 ne
1780 970 1886 1006 aegre
1904 961 1998 996 ferre

206 1021 330 1056 videar
354 1025 415 1055 aut
439 1019 593 1054 animum
620 1029 704 1062 erga
729 1019 846 1063 ipsum
872 1018 1084 1054 benevolum
1109 1018 1301 1052 remittere.

345 1079 376 1112 4.
404 1077 497 1121 Quid
522 1077 574 1111 illi
599 1076 720 1112 salarii
744 1076 824 1111 1060
850 1087 915 1121 pro
943 1076 1018 1111 suis
1043 1075 1226 1111 laboribus
1252 1075 1287 1108 in
1312 1086 1351 1109 re
1377 1074 1616 1110 astronomica
1641 1075 1825 1110 annuatim
1849 1082 1995 1121 praeter

206 1137 383 1181 viaticum,
412 1137 455 1171 de
480 1147 550 1180 quo
578 1140 699 1176 antea,
725 1135 883 1170 tribuere
910 1135 1032 1174 velim,
1059 1133 1133 1168 dixi
1157 1144 1213 1167 me
1239 1132 1326 1167 nihil
1353 1132 1440 1167 certi
1465 1133 1533 1166 hae
1561 1133 1603 1167 de
1629 1143 1667 1167 re
1692 1137 1852 1169 statuere
1877 1145 1996 1178 posse,

209 1200 401 1238 antequam
427 1194 470 1228 ab
496 1194 574 1238 ipso
601 1195 754 1234 audiam,
781 1192 865 1237 quid
891 1197 1004 1237 petat,
1031 1202 1148 1235 neque
1175 1191 1266 1225 enim
1292 1191 1379 1224 mihi
1405 1190 1518 1235 ipsius
1542 1201 1599 1225 res
1624 1190 1675 1225 ita
1691 1197 1902 1236 perspectas
1921 1203 2001 1227 esse

207 1257 269 1287 aut
294 1255 470 1296 constare,
499 1253 629 1295 quibus
656 1263 746 1296 opus
764 1252 908 1296 habeat,
935 1255 1040 1295 atque
1065 1250 1224 1294 ipsimet:
1251 1249 1404 1292 ideoque
1431 1249 1537 1283 etiam
1564 1258 1646 1284 ante
1668 1250 1809 1285 Pascha
1834 1260 1914 1285 eum
1940 1252 1999 1286 ad—

206 1311 398 1351 monuisse,
425 1314 464 1343 ut
489 1310 558 1343 hoc
582 1309 716 1353 pariter
733 1314 886 1352 notaret,
912 1319 978 1352 me,
1007 1308 1073 1342 etsi
1099 1318 1179 1342 eum
1197 1308 1310 1342 ditare
1330 1318 1515 1352 nequeam,
1542 1309 1594 1344 uti
1612 1319 1726 1353 neque
1745 1320 1810 1354 ego
1830 1321 1875 1345 ex
1891 1312 2000 1355 hujus

208 1368 302 1402 orbis
328 1367 542 1401 tractatione
567 1367 752 1412 quippiam
777 1367 867 1401 lueri
893 1367 1078 1402 habuerim
1105 1370 1167 1400 aut
1192 1376 1266 1400 rem
1286 1365 1445 1410 fecerim,
1474 1366 1536 1400 sed
1557 1367 1678 1411 potius
1703 1378 1744 1401 eo
1762 1369 1916 1412 majores
1942 1380 2001 1403 ex-

207 1436 338 1470 pensas
364 1425 615 1469 sustinuerim,
642 1424 738 1460 nolle
763 1428 883 1459 tamen
910 1430 948 1458 ut
974 1434 1052 1458 mea
1078 1423 1122 1458 de
1147 1433 1256 1458 eausa
1281 1423 1349 1458 sibi
1375 1429 1471 1458 creet
1495 1425 1759 1460 incommodum
1781 1432 1843 1460 aut
1861 1427 2002 1471 dispeu-

207 1485 301 1520 dium
327 1495 471 1520 suarum
502 1495 620 1519 rerum
645 1483 765 1519 faciat.
799 1486 846 1517 At
873 1483 902 1517 si
928 1482 1158 1523 existimaret,
1185 1482 1221 1515 111
1240 1482 1359 1526 Styri-a
1385 1482 1524 1516 Graecii
1551 1483 1770 1518 commodius
1795 1484 1833 1518 id
1858 1484 2001 1520 efficere

205 1553 324 1587 posse,
352 1553 416 1586 per
441 1552 497 1576 me
523 1546 558 1575 et
582 1542 635 1576 illi
659 1542 728 1576 1106
753 1542 872 1585 licere,
903 1551 981 1575 cum
1007 1539 1058 1573 illi
1086 1550 1191 1583 quam
1220 1539 1353 1583 optime
1379 1539 1532 1583 cupiam.

345 1602 377 1635 b.
404 1598 498 1644 Quid
523 1600 656 1643 egerim
682 1599 759 1643 ejus
787 1599 830 1633 de
857 1608 966 1632 causa
991 1598 1140 1641 Pragae,
1168 1608 1238 1640 quo
1265 1597 1370 1632 etiam
1395 1598 1538 1633 nomine
1563 1599 1725 1643 proxime
1750 1610 1792 1634 eo
1819 1600 1922 1636 simul
1948 1612 2003 1636 as-

208 1664 322 1695 sumto
348 1659 531 1703 profectus
557 1670 646 1702 sum,
673 1664 708 1693 et
735 1657 912 1702 quomodo
931 1666 1029 1691 meos
1049 1656 1092 1690 de
1118 1656 1261 1698 negotio
1287 1656 1383 1690 illius
1409 1656 1446 1691 in
1471 1656 1553 1691 aula
1571 1655 1798 1693 sollicitando
1823 1659 2002 1694 instruxe-

207 1718 283 1763 rim,
308 1718 460 1762 ipsemet
487 1718 598 1752 novit.
649 1715 705 1751 Ad
732 1726 824 1759 quae
850 1725 927 1749 cum
956 1714 1108 1748 necdum
1135 1713 1336 1757 categorico·
1362 1723 1576 1758 responsum
1603 1714 1660 1758 sit,
1687 1715 1748 1749 sed
1775 1716 1895 1760 potius
1921 1727 2003 1761 spes

206 1776 312 1820 facta,
340 1776 459 1810 omnia
485 1784 528 1809 ex
555 1779 637 1809 voto
665 1785 886 1818 successura,
915 1773 1004 1807 nihil
1031 1778 1129 1807 certo
1156 1773 1323 1807 addicere
1350 1784 1476 1816 posse,
1510 1778 1704 1817 antequam
1729 1775 1876 1819 Daniel,
1902 1787 2003 1811 meus

208 1833 435 1877 domesticus,
462 1844 626 1869 reversus
652 1834 771 1873 fuerit,
799 1839 860 1867 aut
886 1843 905 1866 a
930 1833 1050 1875 Magn.
1077 1832 1230 1867 Domino
1258 1832 1467 1873 Coraducio,
1494 1842 1582 1875 quas
1609 1842 1647 1866 se
1672 1832 1758 1866 mihi
1783 1832 1826 1866 de
1854 1833 2003 1877 singulis

209 1891 464 1935 rescripturum
491 1891 686 1936 Teguaglio
713 1896 838 1926 nostro
865 1891 964 1934 dixit,
990 1891 1114 1925 literas
1141 1889 1357 1933 acceperim,
1382 1894 1457 1924 tum
1485 1900 1629 1933 quoque
1655 1900 1676 1923 a
1700 1890 1852 1924 Domino
1878 1891 2003 1928 1311116-

209 1951 306 1994 vitio,
333 1951 363 1984 si
387 1949 417 1985 is
443 1951 641 1985 rescribere
666 1950 830 1986 voluerit,
880 1950 917 1984 Si
942 1960 962 1984 a
989 1950 1089 1984 Caes.
1107 1950 1174 1983 111το
1199 1948 1257 1983 1116
1282 1954 1450 1992 receptus
1476 1948 1604 1992 fuerit,
1632 1952 1694 1983 aut
1719 1948 1824 1983 etiam
1855 1960 1935 1985 mea
1960 1950 2004 1985 de

217 2019 324 2043 causa
348 2008 419 2043 tale
445 2009 529 2052 quid
554 2010 628 2052 fiet,
656 2019 761 2053 spero
788 2020 852 2043 nos
878 2008 995 2043 media
1021 2008 1240 2047 inventuros,
1267 2013 1307 2041 ut
1331 2007 1389 2040 hic
1414 2018 1485 2040 non
1511 2005 1638 2040 saltem
1665 2007 1860 2051 commode,
1887 2007 1950 2042 sed
1969 2013 2005 2044 et

211 2071 291 2101 tuto
317 2066 435 2110 degat,
461 2067 601 2110 injuriis
627 2067 780 2102 aliorum
806 2072 908 2101 extra
930 2067 990 2110 jus
1016 2076 1087 2100 non
1114 2066 1314 2109 expositus,
1341 2065 1438 2108 quod
1463 2068 1499 2099 et
1523 2074 1588 2107 per
1613 2075 1652 2098 se
1677 2074 1831 2108 aequum
1857 2070 1923 2099 est.

347 2125 378 2160 6.
404 2125 545 2160 Literas
563 2125 676 2170 ipsius
695 2125 810 2168 uxori,
837 2130 943 2168 prout
961 2124 1108 2168 expetit,
1136 2123 1291 2157 scribere
1308 2132 1381 2155 non
1399 2121 1727 2165 tergiversaturum,
1747 2133 1826 2156 cum
1845 2127 1880 2157 et
1900 2127 2006 2158 antea

209 2182 244 2216 id
269 2182 387 2227 ipsum
412 2187 540 2227 sponte
567 2183 774 2226 obtulerim,
809 2183 914 2216 modo
939 2182 1039 2226 prius
1064 2182 1157 2216 inter
1186 2191 1252 2215 nos
1278 2179 1504 2215 convenisset
1530 2184 1566 2213 et
1590 2179 1749 2223 plenarie
1782 2184 2006 2216 transactum

213 2245 319 2283 esset,
347 2245 382 2275 et
407 2251 498 2284 quae
523 2240 713 2275 scribenda
738 2241 809 2274 sint
835 2238 1034 2273 omnimodo
1061 2238 1320 2281 6011311116111.*)

351 2301 383 2334 7.
411 2299 447 2333 Si
472 2299 633 2343 pecuniis
659 2299 795 2334 interea
823 2299 903 2332 dum
930 2297 988 2331 hic
1013 2301 1068 2331 est
1094 2307 1184 2341 opus
1201 2297 1353 2331 haberet
1371 2295 1560 2340 Keplerus,
1587 2296 1742 2331 libenter
1767 2307 1821 2331 me
1841 2297 1884 2339 ei,
1913 2296 2006 2331 sicut

212 2361 369 2402 peteret,
401 2361 524 2392 mutuo
552 2357 734 2399 daturum,
769 2356 881 2391 donee
908 2367 952 2391 ex
979 2355 1097 2400 Styria
1123 2365 1212 2398 quas
1236 2354 1368 2389 isthinc
1394 2358 1580 2398 exspectat
1605 2355 1817 2397 obtinuerit,
1848 2355 1943 2399 quod
1969 2360 2004 2390 et

216 2419 324 2450 antea
348 2426 404 2450 me
430 2415 607 2450 facturum
632 2415 684 2449 illi
709 2414 889 2459 pollicitus
918 2423 1044 2449 essem.

348 2475 381 2510 8.
419 2473 517 2518 Quae
553 2478 676 2508 octavo
715 2473 793 2507 1060
824 2472 993 2517 proponit
1025 2471 1129 2506 etiam
1170 2470 1274 2505 facile
1307 2473 1492 2514 praestare
1524 2480 1650 2514 posse,
1686 2471 1715 2505 si
1750 2474 1892 2506 caetera
1924 2483 2003 2507 3116-

214 2533 396 2567 cesserint.

349 2591 379 2625 9.
405 2591 464 2625 Me
489 2590 631 2625 nonnisi
656 2589 823 2633 gravibus
856 2588 899 2622 de
931 2587 1048 2622 causis
1082 2587 1253 2621 aliorsum
1289 2587 1437 2630 iturum,
1473 2587 1523 2621 uti
1554 2597 1670 2630 neque
1703 2587 1853 2631 patriam
1879 2586 2004 2621 leviter

212 2649 350 2693 reliqui.
402 2648 437 2683 Si
468 2652 586 2683 tamen
618 2647 814 2682 necessitas
849 2647 969 2691 aliqua
1001 2645 1051 2679 sic
1083 2646 1229 2683 urserit,
1265 2644 1494 2678 nihilominus
1528 2645 1640 2688 ipsius
1671 2644 1894 2679 indemnitati
1920 2655 2000 2688 pro-

214 2711 375 2750 spectum
400 2707 455 2742 iri.
503 2707 552 2741 At
576 2705 671 2750 quod
698 2706 740 2740 de
767 2704 1031 2739 conditionibus
1058 2714 1172 2747 usque
1197 2703 1242 2737 ad
1267 2702 1349 2736 anni
1375 2703 1480 2737 finem
1500 2702 1678 2738 duraturis
1697 2701 1825 2745 adfert,
1852 2701 2000 2744 admitti,

216 2769 253 2798 111
278 2776 348 2799 11011
375 2775 464 2808 011113
491 2765 538 2799 311
562 2764 679 2808 ipsum
707 2763 776 2797 alio
804 2765 910 2807 quam
935 2762 1019 2796 velit
1043 2763 1180 2796 interea
1205 2760 1410 2796 concedere.

352 2823 410 2857 10.
438 2822 538 2865 Quae
564 2822 690 2857 ultimo
716 2821 794 2855 1060
821 2820 1007 2865 proponit,
1036 2820 1065 2853 si
1090 2821 1139 2854 ita
1164 2819 1285 2859 fieret,
1311 2829 1464 2862 aequum
1490 2823 1586 2854 esset
1610 2823 1650 2853 ut
1675 2818 1744 2852 1106
1768 2822 2000 2861 praestarem,

221 2881 356 2916 etiamsi
383 2881 426 2915 de
453 2891 493 2914 eo
520 2881 613 2915 inter
644 2890 708 2914 nos
741 2883 861 2914 actum
894 2889 1075 2922 nunquam
1112 2877 1250 2912 fuisset.

354 2940 439 2974 Cum
473 2940 568 2974 hunc
593 2939 628 2973 in
653 2939 797 2973 modum
822 2938 867 2973 ad
893 2936 1033 2981 singula
1066 2935 1342 2979 respondissem,
1371 2935 1444 2969 dixi
1469 2933 1706 2969 conclusionis
1731 2932 1810 2966 loco
1836 2932 1881 2966 ad
1905 2932 2001 2975 Kep-

217 2996 343 3041 lerum,
369 2997 428 3041 qui
452 2997 587 3032 abitum
610 2998 763 3041 Pragam
788 3006 912 3031 versus
938 2995 982 3030 ad
1008 2997 1216 3039 sequentem
1243 2993 1335 3027 diem
1360 2992 1591 3027 nihilomiuus
1615 2990 1776 3034 urgebat,
1803 2990 1832 3024 31
1855 2989 1924 3033 11131
1950 2989 2000 3023 316

358 3113 390 3156 *)
415 3117 459 3148 Ut
485 3116 580 3147 uxori
603 3125 694 3148 meae
719 3116 850 3157 scribat,
877 3124 942 3146 non
961 3114 1058 3157 petii,
1084 3113 1206 3153 seipse
1224 3111 1362 3142 obtulit:
1392 3114 1427 3141 ut
1445 3111 1633 3152 indicerem,
1661 3118 1726 3140 non
1746 3116 1828 3150 opus
1847 3117 1928 3142 esse.
1957 3108 1998 3140 K.
