2126 3388
944 154 1049 195 1598.
1736 155 1819 199 701

20 275 188 314 insolitis
228 273 568 324 inundationibus,
618 285 719 323 quae
761 275 876 311 etiam
925 285 1056 312 mense
1094 273 1275 322 Augusto
1328 273 1454 322 fuere,
1500 270 1695 322 impediti,
1743 283 1820 309 non

21 334 123 372 ultra
161 337 212 372 30
247 336 542 381 convenerunt).
602 332 775 371 Tandem
820 337 882 370 17.
928 337 994 370 ‘27-
1028 332 1134 382 Sept.
1175 337 1263 370 ante
1303 331 1406 370 Solis
1445 342 1625 371 occasum
1663 331 1821 368 univer-

22 404 86 431 sos
116 404 186 430 nos
217 394 396 442 princeps
427 393 519 430 urbe
553 393 715 440 migrare
753 396 790 428 et
820 400 909 439 post
945 391 1074 429 finitos
1113 391 1257 440 primos
1293 395 1311 428 ’ἲ
1347 390 1428 428 dies
1470 392 1573 429 exire
1611 389 1822 439 provinciis

23 452 203 489 atrociori
234 450 571 489 commendatione
597 451 728 499 jussit.
787 448 927 497 Itaque
967 449 1013 487 de
1046 449 1208 487 consilio
1249 453 1286 486 et
1322 449 1434 497 jussu
1465 460 1664 499 procerum
1697 448 1823 486 exivi-

21 521 126 557 mus,
166 508 310 547 relictis
352 510 602 558 conjugibus,
645 508 736 545 hinc
773 506 863 544 inde
902 506 1064 556 dispersi
1108 509 1145 544 in
1178 505 1374 556 Ungariae
1415 513 1452 545 et
1495 508 1673 545 Croatiae
1714 505 1822 552 fines,

22 568 89 605 ubi
140 567 284 605 Caesar
325 569 500 616 imperat.
572 566 723 605 Salaria
768 566 1004 604 obtinuimus
1051 566 1322 613 nihilominus,
1374 566 1516 603 viatica
1557 568 1712 615 insuper
1756 576 1824 602 ac-

24 626 216 675 cepimus,
244 626 345 675 jussi
377 627 477 664 hanc
507 627 563 663 sic
593 624 757 663 tolerare
788 624 999 671 fortunam,
1043 623 1133 661 dum
1167 629 1379 662 conventus
1417 624 1619 663 habeatur.
1682 623 1721 660 Is
1752 622 1825 660 ad-

24 685 98 722 huc
129 691 317 734 speratur.
380 684 463 733 Ego
495 690 584 732 post
616 695 784 721 mensem
819 683 932 731 redii,
970 684 1102 731 jussus
1135 695 1158 720 a
1188 685 1372 731 principis
1413 684 1615 730 ministris,
1660 684 1724 731 qui
1764 694 1823 718 mo

27 749 221 780 exemtum
255 742 449 781 dicebant.
499 741 728 791 Supplicavi
750 747 891 788 tamen,
925 743 993 788 uti,
1027 742 1118 789 quia
1137 741 1317 790 generale
1344 745 1447 778 esset
1480 740 1686 788 decretum,
1718 743 1824 789 prin-

25 813 114 851 ceps
148 801 318 839 officium
349 812 478 838 meum
510 801 686 838 neutrale
719 811 803 838 esse
836 804 1030 837 exemtum
1063 799 1289 847 declararet,
1322 811 1369 837 ne
1401 799 1467 836 illo
1491 799 1643 837 decreto
1673 800 1824 836 veniam

28 862 64 896 in
97 859 324 908 periculum,
356 861 389 896 si
421 870 545 897 morer
576 860 614 895 in
647 859 859 907 provincia.
911 858 1156 906 Responsum
1189 862 1247 895 est
1278 858 1337 894 his
1370 858 1516 895 verbis:
1554 857 1643 906 „Ihr
1664 856 1824 895 Durchl.

25 917 166 956 wellen
198 929 289 956 auss
321 917 488 956 sondern
520 917 674 966 gnaden
707 915 915 965 verwilligt
952 916 1099 964 haben,
1141 916 1232 953 dass
1264 915 1494 965 Supplicant
1526 914 1730 964 Ungeaeht
1762 914 1825 952 der

25 976 182 1025 general
214 976 489 1025 ausschaffuug
521 981 593 1013 etc.
637 975 739 1013 noch
779 975 912 1023 lenger
943 974 1060 1012 allhie
1093 974 1318 1012 verbleiben
1350 976 1474 1023 m'oge.
1537 974 1650 1012 Doch
1682 974 1756 1011 soll
1788 984 1826 1010 er

25 1035 108 1073 sich
140 1034 405 1072 allenthalben
438 1034 680 1083 gebiirlicher
704 1033 1032 1071 Beschaidenheit
1062 1033 1309 1082 gebrauchen
1343 1033 1421 1070 und
1453 1032 1535 1070 sich
1567 1032 1649 1070 also
1672 1032 1826 1070 aner-

24 1093 194 1131 weislich
227 1093 440 1141 verhalten,
475 1092 596 1130 damit
626 1092 676 1131 Ir.
708 1091 868 1129 Durchl.
902 1091 1062 1129 solliche
1092 1091 1197 1140 guad
1227 1091 1346 1128 wider
1376 1091 1618 1129 auszuheben
1651 1092 1707 1128 nit
1739 1102 1827 1129 ver-

25 1151 180 1190 nrsacht
212 1149 378 1190 we1·de.“
442 1152 593 1189 Dicitur
632 1152 811 1200 princeps
853 1150 1035 1188 delectari
1068 1151 1162 1188 meis
1197 1151 1508 1198 inventionibus,
1550 1156 1588 1188 et
1618 1149 1826 1187 Manechio

29 1210 185 1260 quidam
218 1210 461 1248 consiliarius
493 1210 592 1248 solet
623 1209 672 1247 ad
704 1221 764 1247 me
797 1209 974 1256 scribere,
1008 1209 1108 1247 unde
1140 1209 1336 1246 faventem
1368 1209 1494 1246 habeo
1527 1209 1670 1246 aulam.
1726 1206 1829 1255 Quid

29 1268 188 1308 autem?
236 1268 490 1307 Manebone‘?
542 1270 594 1305 At
626 1280 672 1306 ex
704 1268 882 1305 omnibus
921 1269 1042 1305 tribus
1073 1269 1284 1316 provinciis
1317 1269 1442 1305 exacti
1474 1268 1638 1304 ministri
1668 1266 1827 1316 publici,

30 1328 152 1366 latent
185 1327 274 1365 hinc
306 1327 394 1365 inde
426 1328 570 1376 privati
602 1328 639 1363 in
672 1327 838 1364 arcibus.
902 1326 955 1363 At
985 1328 1016 1363 si
1050 1328 1135 1374 quis
1167 1327 1243 1363 civi
1274 1327 1458 1375 principis
1490 1327 1659 1363 venienti
1684 1326 1830 1374 petenti

28 1387 189 1435 porrigit
228 1391 535 1433 sacramentum,
581 1392 618 1423 et
648 1386 730 1434 ipse
762 1384 929 1434 pellitur.
993 1384 1155 1422 Civibus
1192 1386 1381 1433 imperata
1415 1389 1481 1422 26.
1513 1384 1613 1422 Nov.
1645 1383 1830 1433 parochia

28 1445 146 1491 urbis,
180 1456 204 1481 a
235 1456 313 1494 qua
343 1449 477 1494 petant
508 1445 764 1493 baptismum,
807 1443 1097 1481 benedictiones
1129 1443 1397 1492 conjugiorum
1433 1443 1536 1492 „und
1568 1442 1709 1480 andere
1743 1441 1831 1478 der—

28 1502 206 1551 gleichon
249 1503 437 1542 heilsame
479 1502 728 1541 Sacramente
770 1501 849 1539 und
892 1498 1504 1550 Gottesdienstbesueehungen²⁶.
1566 1501 1636 1538 Ibo
1681 1500 1831 1549 igitur?

30 1562 82 1598 At
114 1572 211 1598 uxor
242 1561 428 1599 adhaeret
458 1561 570 1599 bonis
601 1563 681 1598 suis
715 1565 753 1598 et
775 1561 858 1609 spei
881 1560 1071 1597 bonorum
1091 1561 1314 1609 patriorum.
1356 1559 1547 1597 Videntur
1570 1560 1697 1597 onmia
1720 1558 1831 1595 dese-

30 1618 162 1667 renda,
196 1624 313 1669 atque
347 1622 431 1669 ipsa
463 1619 562 1658 adeo
595 1620 775 1668 privigna
807 1630 894 1656 mea
917 1622 938 1656 8
964 1630 1162 1666 annorum,
1195 1618 1312 1667 paulo
1334 1623 1424 1667 post
1444 1620 1606 1667 papatui
1629 1616 1829 1662 initianda,

29 1679 61 1715 si
93 1683 256 1715 matrem
287 1680 453 1716 amittat.
515 1678 615 1715 Tum
648 1679 734 1727 quis
767 1679 857 1724 scit,
904 1678 969 1726 qui
1002 1682 1126 1715 status
1157 1689 1227 1714 nos
1260 1678 1309 1714 sit
1340 1682 1428 1726 post
1459 1677 1557 1714 haec
1589 1681 1831 1724 excepturus.

30 1736 220 1774 Maturuit
251 1736 448 1775 vindemia
485 1738 563 1774 irae
597 1737 671 1774 Dei
704 1737 822 1774 etiam
853 1736 958 1785 apud
989 1747 1072 1773 nos.
1134 1735 1438 1773 Tumultuantur
1477 1737 1616 1773 onmia.
1679 1735 1830 1783 Itaque,

31 1794 135 1843 quod
162 1795 245 1844 jam
276 1794 424 1844 pridem
456 1806 544 1844 ago,
577 1807 690 1844 agere
713 1806 886 1844 pergam.
930 1794 1065 1844 Neque
1086 1794 1408 1843 Wirtembergico
1431 1794 1671 1843 supplicabo,
1705 1795 1833 1842 prius-

31 1865 147 1902 quam
179 1855 332 1903 penitus
366 1853 567 1900 extrudar,
610 1865 735 1902 neque
767 1855 800 1891 si
832 1865 909 1902 qua
940 1852 1167 1890 Stuccardia
1207 1852 1301 1889 mihi
1334 1854 1507 1889 imminet
1545 1854 1724 1899 vocatio,
1759 1852 1834 1887 im-

31 1911 187 1961 pediam
221 1917 289 1950 aut
319 1912 545 1961 impeditam
578 1914 736 1961 optabo.
789 1911 888 1949 Nam
920 1912 951 1947 si
984 1911 1074 1948 talis
1108 1923 1227 1948 causa
1258 1911 1451 1959 horologii
1485 1912 1639 1948 vocatio
1672 1911 1833 1956 venerit,

30 1981 181 2019 semper
211 1970 306 2008 mihi
328 1972 399 2009 erit
420 1971 623 2020 integrum,
658 1970 870 2008 deliberare
894 1968 940 2007 de
963 1969 1233 2019 amplectenda
1265 1975 1332 2007 aut
1365 1969 1594 2007 declinanda
1617 1969 1696 2006 illa.
1750 1968 1834 2005 Nisi

31 2028 138 2066 aliud
170 2034 211 2066 tu
243 2035 280 2067 et
314 2028 496 2078 Collegae
530 2035 567 2067 et
597 2030 646 2067 D.
678 2028 965 2066 Hasenrefferus
997 2028 1228 2075 consulatis,
1262 2039 1425 2077 quorum
1466 2029 1635 2065 omnium
1672 2026 1834 2064 consilia

32 2088 103 2124 etsi
134 2087 249 2125 foeda
279 2087 354 2125 hac
384 2099 501 2125 manu
534 2092 572 2125 et
602 2089 752 2137 pictura
783 2086 916 2125 literae
957 2099 1002 2124 ex
1035 2088 1165 2123 animo
1204 2092 1333 2124 tamen
1366 2092 1403 2124 et
1436 2099 1522 2125 cum
1555 2086 1686 2123 debita
1716 2097 1830 2123 reve-

30 2146 156 2183 rentia
187 2151 344 2195 expeto:
378 2150 599 2195 praestetne
630 2158 691 2183 me
723 2145 785 2183 hic
818 2157 931 2195 agere
963 2145 1290 2191 mathematicum,
1322 2145 1477 2194 qualem
1497 2144 1633 2194 Tycho
1666 2142 1829 2196 (ratione

31 2203 107 2241 loci
138 2215 214 2242 non
248 2203 490 2256 eruditionis)
522 2206 560 2241 in
583 2205 722 2251 Dania,
757 2204 971 2241 solitarium
1004 2215 1056 2241 sc.
1089 2215 1160 2241 nec
1190 2205 1264 2241 nisi
1285 2205 1438 2253 scriptis
1472 2203 1561 2240 olim
1595 2203 1829 2251 loquentem,

33 2274 81 2299 an
114 2274 206 2300 vero
241 2264 373 2300 venari
416 2264 640 2301 occasiones
678 2261 864 2311 loquendi
908 2262 953 2299 de
998 2262 1182 2300 cathedra
1220 2264 1257 2298 in
1289 2262 1422 2311 aliqua
1459 2262 1554 2299 sorte
1595 2260 1830 2299 academia?

34 2318 160 2367 Quam
193 2322 461 2370 quaestionem
482 2321 568 2359 loco
590 2321 860 2359 valedictionis
893 2326 931 2359 ct
954 2320 1151 2359 officiosae
1174 2320 1419 2359 salutationis
1442 2320 1620 2358 omnibns
1643 2331 1831 2369 propono.

35 2378 188 2428 Valete,
221 2392 289 2429 pro
321 2380 433 2418 nobis
466 2384 584 2418 orate.
638 2384 676 2417 9.
709 2379 870 2418 Decem.
904 2385 950 2418 st.
982 2391 1020 2419 n.
1056 2383 1120 2418 98.

427 2438 485 2476 Ex
516 2438 562 2477 T.
610 2438 736 2476 Notus
1343 2436 1398 2475 M.
1432 2436 1593 2486 Kepler,

1091 2496 1300 2534 Procerum
1331 2495 1483 2546 Styriae
1516 2495 1829 2534 Mathematicus.

173 2614 412 2651 Herwarto
440 2615 484 2650 de
509 2615 634 2651 eadem
660 2615 865 2650 calamitate
891 2614 1035 2659 scripsit
1053 2614 1086 2649 d.
1110 2615 1162 2650 16.
1181 2614 1412 2649 Decembris:
1447 2612 1611 2660 Quaeris
1652 2609 1698 2647 de
1738 2610 1832 2646 meis

34 2669 172 2708 studiis
205 2676 242 2708 et
274 2683 430 2720 operam
461 2671 654 2720 polliceris
687 2670 910 2719 adjutandis
943 2673 1038 2708 meis
1071 2671 1422 2708 observationibus.
1477 2670 1524 2706 Et
1554 2669 1833 2706 humanitatem

35 2729 135 2767 hanc
161 2730 243 2778 Jam
275 2730 423 2779 pridem
456 2729 682 2779 degustavi,
725 2735 858 2777 gratus
898 2741 1087 2777 agnosco,
1131 2741 1202 2766 nec
1233 2739 1294 2765 me
1332 2727 1485 2766 hercule
1524 2733 1727 2764 contemno
1766 2731 1834 2762 aut

37 2788 182 2836 rejicio.
244 2788 423 2826 Ceterum
455 2789 493 2823 in
523 2787 620 2824 haec
651 2791 826 2835 tempora
857 2787 1074 2834 incidimus,
1108 2787 1145 2822 in
1178 2787 1319 2835 quibus
1350 2785 1558 2823 hebescere
1591 2784 1831 2821 solertissimi

38 2846 225 2895 cujusque
249 2848 383 2893 aciem,
417 2845 680 2883 defervescere
703 2845 889 2889 ardorem,
924 2851 1084 2881 conatus
1111 2846 1274 2893 opprimi
1296 2854 1454 2881 necesse
1475 2843 1536 2880 sit.
1580 2842 1682 2889 Quid
1704 2842 1833 2879 enim‘?

39 2905 76 2939 in
115 2903 245 2954 Styria
284 2904 490 2942 maneam?
531 2915 579 2940 an
621 2902 844 2940 discedam?
895 2902 1030 2950 Neque
1070 2914 1130 2938 me
1172 2904 1358 2950 reprimo,
1402 2902 1467 2950 qui
1505 2899 1720 2937 studiorum
1763 2900 1833 2938 tibi

39 2973 212 3000 meorum
244 2975 360 3012 quam
393 2963 674 3012 penitissimam
705 2962 883 2998 notitiam
905 2961 1050 3008 aperui,
1086 2960 1176 3008 quin
1202 2965 1238 2997 et
1260 2960 1418 2997 affectus
1451 2959 1566 2995 animi
1589 2959 1833 3007 patefaciam.

40 3018 153 3067 Quod
185 3026 227 3057 tu
258 3022 419 3059 sortasse
451 3020 599 3070 gaudes
633 3022 693 3068 (ut
724 3025 812 3056 suut
844 3017 1042 3065 humana),
1074 3017 1112 3054 id
1145 3029 1203 3055 me
1237 3017 1365 3055 dolere
1397 3018 1643 3055 acerbissime
1676 3028 1834 3055 necesse

40 3083 109 3114 est.
172 3078 413 3118 Christianus
444 3091 540 3126 sum,
576 3077 845 3127 Augustanam
878 3076 1159 3114 consessionem
1192 3088 1237 3113 cx
1270 3077 1511 3113 institutione
1543 3079 1756 3123 parentum,
1789 3087 1834 3113 ex

39 3137 253 3176 rationibus
285 3138 441 3188 saepius
473 3137 523 3176 ad
555 3138 737 3175 trutinam
769 3135 979 3184 revocatis,
1013 3146 1059 3173 ex
1092 3135 1347 3173 tentationum
1379 3133 1690 3183 quotidianarum
1724 3145 1834 3173 exer-
