2126 3388
269 197 354 243 790
945 196 1028 232 Vita
1051 195 1075 231 J
1078 195 1205 232 oannis
1228 194 1389 241 Kepleri.

266 314 392 349 literae
417 313 544 348 Veneti
578 310 780 356 cujusdam,
815 312 875 356 qui
911 322 991 347 eum
1026 311 1129 356 quasi
1160 311 1293 348 editum
1324 311 1483 347 libellum
1514 321 1536 346 a
1561 310 1720 356 Keplero
1746 309 1815 347 sibi
1846 310 2058 348 mittendum

267 373 357 418 petit
380 380 500 406 meuse
525 369 624 414 Majo
650 369 751 405 1610.
801 369 911 414 Typis
935 379 1019 403 vero
1048 379 1239 413 expressus
1265 373 1320 404 est
1343 379 1435 404 anno
1463 368 1603 403 demum
1628 369 1731 404 1611.

407 428 492 462 Cum
517 427 662 470 Magino
690 428 761 469 egit
786 437 851 472 per
877 427 999 462 literas
1017 426 1213 471 (mensibus
1232 428 1363 462 Martio
1390 431 1425 461 et
1442 426 1540 470 Majo
1568 427 1683 469 datas)
1709 426 1752 461 de
1775 427 1921 461 edendis
1939 428 2058 472 Ephe-
2114 452 2126 459 χ

266 486 457 522 meridibus
484 485 558 526 (cfr.
586 485 656 520 vol.
673 485 753 522 VII.
779 497 813 530 p.
833 486 900 522 443
919 491 978 523 ss.)
1005 490 1040 520 et
1066 486 1109 520 de
1128 486 1254 520 Martis
1274 484 1540 519 Commentariis
1561 485 1642 529 (ΙΙΙ.
1660 484 1728 520 494
1747 486 1822 529 ss).
1861 485 1933 520 Sub
1951 486 2059 521 finem

266 544 348 580 anni
382 543 484 579 1610.
517 543 561 578 ad
597 553 811 587 anonymum
843 543 1021 578 Saxonem
1057 543 1199 588 scripsit
1231 541 1409 587 Keplerus
1442 541 1485 575 de
1518 541 1724 577 inventione
1755 542 1831 577 tubi
1864 543 1990 587 optici,
2025 547 2060 579 et

269 601 448 647 „quamvis
475 601 642 635 diuturna
674 600 874 646 ingruentis
908 600 1051 645 inopiae
1083 600 1338 646 imaginatione
1370 599 1512 642 penitus
1539 598 1723 634 obsoletus
1755 605 1790 634 et
1820 600 1928 634 ferias
1955 610 2059 645 quas-

267 660 348 694 dam
373 669 393 693 a
420 658 546 693 studiis
573 661 717 702 agens“,
745 669 819 692 rem
846 658 1013 693 alacriter
1039 663 1074 693 et
1099 658 1293 693 festivitate
1318 666 1404 692 usus
1423 656 1532 690 multa
1551 667 1740 701 aggressus
1759 662 1823 692 est.
1861 658 1934 693 Sub
1952 658 2059 693 finem

265 716 447 752 literarum
479 716 604 751 harum
632 716 837 758 „suavitatis
868 716 1076 761 plenarum“
1112 715 1228 751 addit:
1269 713 1309 750 Si
1342 712 1514 750 desertus
1547 713 1595 749 ab
1632 714 1698 760 iis,
1731 725 1831 763 quae
1862 718 1952 751 sunt
1980 714 2060 751 for-

265 777 400 820 tunae,
451 772 575 810 solam
623 773 818 811 doctrinae
872 773 1079 811 anchoram
1134 772 1346 821 arripuisti,
1396 781 1473 819 qua
1515 771 1645 808 navim
1689 774 1726 808 in
1771 775 1882 821 portu
1928 776 2060 810 teneas

268 830 396 879 quoad
419 831 488 868 tibi
509 832 763 869 subveniatur
785 831 953 878 aliunde,
987 833 1024 868 in
1047 842 1170 868 meam
1203 829 1403 867 concedito
1436 828 1621 866 familiam
1644 829 1692 866 ad
1719 829 1887 867 futurum
1908 829 2061 867 Pascha

265 899 428 937 meaque
459 889 681 938 frugalitate
714 895 918 928 contentus
950 888 1112 928 eandem
1144 899 1293 925 mecum
1326 887 1516 924 fortunam
1558 889 1768 936 experiare.
1829 887 1897 925 Sin
1931 893 2059 925 autem

266 958 407 995 genere
437 946 562 997 polles
595 952 632 985 et
665 949 828 997 opibus,
873 947 977 997 quod
1010 951 1100 997 opto
1134 952 1171 984 et
1211 947 1334 994 magis
1377 950 1494 995 atque
1535 947 1656 994 magis
1696 946 1879 994 conjicio,
1923 957 1995 994 ego
2026 948 2058 983 si

267 1004 395 1054 placet
425 1004 474 1043 ad
504 1010 540 1042 te
573 1007 743 1044 transibo
766 1005 957 1043 Dresdam
989 1016 1074 1043 cum
1096 1003 1241 1042 familia
1264 1008 1358 1050 tota,
1392 1014 1492 1053 quae
1525 1008 1676 1040 constat
1708 1015 1752 1041 ex
1775 1015 1906 1051 uxore,
1941 1004 2060 1042 tribus

266 1063 417 1110 liberis,
451 1062 590 1101 ancilla
627 1070 664 1101 et
694 1065 726 1101 si
758 1063 884 1114 placet
914 1064 1078 1109 famulo,
1120 1067 1326 1112 tecumque
1359 1060 1420 1099 vel
1452 1061 1505 1098 ibi
1537 1061 1598 1098 vel
1631 1062 1902 1099 commodioris
1936 1064 2060 1100 victus

271 1132 388 1158 causa
419 1121 628 1170 Fribergae
660 1121 700 1159 id
731 1123 915 1172 temporis
949 1123 1118 1171 exigam,
1160 1120 1263 1169 quod
1300 1130 1412 1170 spero
1444 1130 1504 1157 me
1536 1131 1559 1156 a
1591 1119 1703 1159 Caes.
1736 1120 1946 1168 Majestate
1987 1121 2060 1157 im-

266 1184 503 1228 petraturum
547 1180 747 1218 absentiae
788 1192 920 1228 meae,
964 1180 1116 1217 interim
1158 1179 1247 1216 dum
1294 1177 1520 1216 melioribus
1564 1180 1689 1215 ventis
1728 1178 1963 1229 spirantibus
2014 1190 2061 1216 ex

264 1235 355 1274 aula
386 1237 477 1274 mihi
509 1249 624 1288 super
653 1243 769 1288 pacta
793 1238 876 1287 jam
907 1239 1042 1276 merita
1073 1236 1247 1276 mercede
1289 1235 1464 1273 satisfiat.
1501 1258 1537 1263 —-
1566 1238 1614 1271 Hi
1637 1238 1752 1281 venti,
1777 1249 1867 1283 quos
1893 1238 2062 1287 sperabat

267 1297 456 1343 Keplerus‚
482 1309 552 1332 non
580 1298 744 1334 meliores
771 1300 957 1343 spirabant
984 1298 1149 1343 sequenti
1176 1308 1288 1338 anno,
1315 1295 1441 1331 turbae
1467 1296 1604 1331 aulicae
1629 1297 1768 1341 Pragae
1793 1297 1907 1342 magis
1932 1296 2061 1342 magis-

268 1365 336 1400 que
361 1355 551 1399 invaluere,
579 1366 636 1391 res
666 1356 881 1391 domesticae
907 1356 1055 1401 Kepleri
1080 1354 1324 1400 iniquissimae
1351 1354 1508 1389 fuerunt.
1557 1354 1659 1397 (Vide
1685 1365 1818 1389 annum
1849 1355 1962 1399 1611.)

402 1413 469 1447 Die
494 1413 524 1447 3.
550 1414 638 1449 Dec.
660 1414 760 1450 1609.
788 1415 1009 1450 Nicolaus
1035 1413 1175 1449 Vicke
1202 1413 1273 1456 („S.
1296 1412 1398 1448 Caes.
1415 1412 1465 1446 M.
1482 1412 1667 1456 Dapifcr“)
1694 1413 1946 1448 Halberstadio
1964 1414 2061 1460 Kep-

261 1471 374 1507 lerum
395 1471 482 1506 adiit
498 1475 637 1516 petens,
658 1476 696 1506 ut
715 1472 822 1507 dubia
842 1472 1017 1516 quaedam
1036 1473 1078 1507 de
1097 1475 1195 1506 motu
1217 1471 1309 1506 Solis
1329 1474 1397 1505 etc.
1417 1470 1483 1506 sibi
1503 1470 1711 1515 explicaret.
1749 1471 1897 1516 Kepleri
1914 1482 2060 1517 respon-

264 1528 400 1563 sionem
426 1529 471 1566 (d.
501 1529 554 1564 18.
580 1528 685 1565 Febr.
714 1531 812 1568 1610>
847 1530 1073 1565 exhibuimus
1107 1530 1178 1565 vol.
1204 1529 1281 1564 VII.
1308 1540 1342 1573 p.
1372 1528 1439 1563 453
1473 1533 1508 1562 et
1539 1539 1583 1563 ex
1616 1529 1676 1564 illa
1708 1529 1799 1564 haec
1835 1531 2061 1574 excerpenda

263 1587 544 1624 censuimus:..
568 1615 574 1622 .
599 1614 607 1623 .
667 1586 907 1638 Perplexitas
950 1587 1087 1626 calculi
1121 1586 1318 1637 Tychouis
1359 1588 1394 1622 in
1436 1585 1547 1623 Luna
1580 1584 1666 1622 (Thr.
1702 1584 1877 1623 Severini
1907 1590 2060 1634 ‹Longo—

262 1645 434 1685 montani)
475 1654 571 1693 opus
614 1648 683 1683 est.
746 1646 829 1694 Ego
867 1647 1085 1696 transposui
1125 1651 1162 1683 et
1203 1643 1414 1683 faciliorem
1457 1643 1612 1681 modum
1653 1644 1901 1694 computandi
1942 1647 2057 1697 inivi3

263 1700 370 1754 quod
402 1712 486 1738 cum
519 1701 716 1740 didicisset
749 1703 824 1751 ille,
859 1716 917 1742 me
952 1705 1166 1753 exagitavit
1187 1704 1320 1749 literis,
1355 1708 1397 1739 ut
1429 1704 1495 1750 qui
1517 1702 1654 1740 falcem
1683 1703 1719 1738 in
1742 1701 1908 1741 alienam
1930 1705 2058 1744 mittat

265 1770 429 1797 messem
462 1765 499 1797 et
531 1759 655 1807 tollat,
689 1761 792 1810 quod
824 1764 905 1813 ipse
939 1762 1100 1800 consilio
1133 1761 1300 1810 reliquit.
1344 1761 1389 1798 Ei
1421 1760 1598 1811 respondi
1626 1790 1631 1796 .
1657 1791 1665 1799 ,
1689 1788 1697 1795 .
1726 1763 2057 1808 <v01.111.332‚704)

265 1816 459 1855 Correctio
492 1823 664 1856 motuum
698 1819 835 1858 Martis
869 1826 905 1859 et
938 1821 1074 1858 modus
1118 1819 1365 1870 computandi
1398 1830 1506 1856 meus
1539 1823 1596 1856 est
1629 1819 1666 1854 in
1698 1818 1795 1857 libro
1836 1820 1952 1858 edito.
2015 1820 2058 1857 In

263 1872 291 1924 Γ)
314 1880 352 1912 et
379 1872 424 1928 Ἡ.
449 1875 632 1925 pleraque
665 1877 804 1925 habeo,
838 1881 874 1915 in
899 1877 944 1930 ῼ,
970 1876 1002 1931 Q
1037 1879 1183 1917 tentavi
1217 1877 1357 1924 multa,
1391 1876 1459 1914 sed
1490 1876 1659 1914 nondum
1693 1889 1815 1927 usque
1848 1878 1897 1916 ad
1929 1877 2062 1915 calcu-

263 1932 354 1971 lum.
416 1933 636 1973 Difficultas
679 1938 902 1985 pecuniaria
934 1949 993 1975 me
1027 1937 1244 1987 perturbat,
1284 1940 1326 1972 ut
1357 1947 1379 1972 a
1411 1935 1550 1973 studiis
1582 1935 1783 1974 remittam.
1833 1937 1947 1974 Paulo
1978 1943 2063 1983 post

264 1994 460 2029 Vickenius
486 1995 593 2040 petit,
621 2000 660 2031 ut
684 1997 863 2042 Keplerus
891 1999 959 2034 sibi
984 2010 1088 2033 suum
1117 1997 1335 2042 „dirigendi“
1363 1997 1507 2032 modum
1539 1996 1787 2032 communicet.
1838 1997 2057 2042 (Responsio

261 2051 409 2096 Kepleri
433 2052 574 2096 legatur
599 2053 620 2088 l.
648 2065 687 2099 c.‚
716 2055 904 2099 epistolam
931 2056 1077 2101 Ix'epleri
1103 2056 1136 2090 d.
1162 2057 1194 2091 8.
1221 2055 1328 2090 Febr.
1362 2056 1442 2091 ¹611
1473 2054 1563 2089 infra
1591 2055 1775 2099 dicemus)

404 2110 561 2145 Primum
589 2122 681 2146 anno
707 2113 797 2148 1609
824 2113 911 2148 adiit
937 2114 1132 2159 Keplerum
1158 2115 1321 2150 Petrus
1349 2114 1570 2158 Crugerus
1596 2114 1854 2158 Dantiscanus,
1881 2123 2058 2158 quaerens

265 2167 442 2213 quaedam
475 2169 518 2203 de
553 2169 776 2215 longitudine
807 2172 967 2206 locorum
1001 2177 1067 2208 etc.
1126 2173 1212 2207 Cum
1247 2172 1424 2217 Keplerus
1464 2183 1535 2207 non
1574 2172 1814 2217 rescripserit,
1841 2172 1972 2217 repetit
2002 2172 2062 2208 ille

261 2226 354 2261 hanc
379 2227 623 2270 quaestionem
655 2229 691 2262 in
716 2229 828 2264 literis
856 2230 887 2263 d.
916 2230 947 2264 d.
975 2231 1030 2266 28.
1057 2231 1180 2266 Martii
1210 2230 1316 2270 1610,
1350 2229 1528 2273 referens,
1561 2229 1819 2272 longitudinem
1844 2230 2061 2275 Pragensem

261 2282 495 2318 diversimode
521 2285 701 2330 exhiberi,
735 2287 815 2321 ideo
844 2287 935 2323 scire
961 2298 999 2322 se
1027 2288 1250 2331 desiderare,
1277 2287 1416 2322 cuinam
1441 2286 1619 2332 Keplerus
1649 2287 1866 2331 astipuletur
1891 2292 1958 2324 etc.
2004 2288 2061 2324 Ad

259 2341 349 2376 haec
378 2343 562 2386 respondit
593 2344 771 2388 Keplerus
807 2355 900 2380 anno
935 2346 1075 2380 demum
1103 2346 1209 2389 1615,
1252 2349 1330 2379 orta
1361 2355 1444 2379 vero
1477 2344 1560 2379 inde
1593 2352 1647 2379 est
1682 2346 1902 2381 consuetudo
1936 2346 2059 2382 literas

259 2399 367 2434 dandi
392 2400 677 2446 accipiendique,
715 2413 806 2452 quae
832 2414 946 2446 usque
972 2404 1017 2438 ad
1050 2413 1181 2438 annum
1208 2403 1295 2438 ‘162ss
1322 2402 1529 2447 perduravit
1555 2407 1590 2437 et
1622 2403 1814 2447 plurimum
1840 2403 1928 2439 lucis
1955 2404 2059 2439 affert

259 2458 305 2492 ad
331 2457 438 2492 vitam
462 2458 623 2502 Kepleri,
661 2470 770 2504 quare
801 2472 872 2495 non
908 2462 1141 2496 omittendum
1169 2462 1371 2496 censuimus
1404 2461 1542 2496 initium
1568 2462 1675 2505 hujus
1708 2461 1910 2496 commercii
1938 2462 2057 2497 litera-

260 2526 337 2551 rum
373 2526 438 2560 per
466 2518 506 2551 16
534 2519 647 2552 annos
679 2518 853 2553 datarum.
914 2519 1033 2554 Prima
1067 2529 1209 2563 quoque
1249 2520 1404 2564 epistola
1441 2520 1598 2554 occurrit
1632 2519 1700 2554 hoc
1735 2529 1827 2553 anno
1859 2519 2055 2554 Martini

258 2574 418 2609 Horkii
443 2575 639 2620 Bohemi,
667 2587 773 2621 quem
800 2576 955 2612 diximus
982 2577 1049 2611 vol.
1073 2577 1119 2612 ΙΙ.
1145 2589 1181 2622 p.
1209 2578 1290 2615 45⁶2.
1338 2578 1380 2612 In
1406 2578 1473 2613 hac
1507 2577 1658 2622 epistola
1685 2577 1729 2617 (d.
1760 2577 1813 2614 12.
1838 2576 1932 2617 Jan.)
1968 2576 2055 2612 allo-

259 2632 381 2676 quitur
404 2632 562 2668 Horkius
591 2634 786 2679 Keplerum
813 2640 852 2670 ut
880 2637 1148 2677 „Maecenatem
1185 2636 1250 2670 sibi
1276 2638 1460 2671 aeternum
1485 2635 1734 2671 honorandum
1766 2640 1803 2670 et
1831 2636 2055 2680 amandum“‚

263 2690 385 2735 refert,
412 2692 594 2727 Bononiae
620 2703 657 2727 se
683 2694 817 2729 versari
843 2695 937 2739 apud
963 2696 1146 2739 Maginum
1175 2695 1346 2735 „amicum
1373 2700 1474 2728 tuum
1501 2694 1677 2729 sincerum
1704 2697 1754 2733 (ut
1778 2695 1929 2739 put'o.)“;
1964 2705 2054 2738 opus

262 2747 305 2782 de
321 2748 439 2784 Marte
463 2749 498 2783 in
523 2749 628 2785 Italia
653 2761 734 2785 care
760 2753 879 2787 venire
906 2754 937 2793 (6
963 2755 1081 2789 aureis
1107 2752 1236 2794 vendi),
1263 2752 1447 2797 Maginum
1473 2753 1509 2787 in
1535 2753 1768 2796 responsione
1787 2757 1912 2787 contra
1931 2751 2053 2796 Origa·

260 2817 342 2840 num
368 2806 550 2853 laborare,
583 2819 649 2844 nec
674 2820 744 2844 non
779 2816 903 2846 contra
927 2812 1121 2856 Keplerum
1151 2811 1303 2851 ‚,amicc“
1341 2810 1511 2855 seribere,
1547 2815 1656 2855 caput
1680 2811 1734 2845 31.
1760 2810 1889 2844 Martis
1916 2819 2053 2854 oppug-

259 2868 415 2899 nantem.
463 2866 518 2900 De
544 2866 700 2911 Keplero
733 2867 819 2902 dicit
843 2869 1024 2904 Horkius:
1064 2869 1190 2911 „unica
1222 2873 1261 2902 tu
1294 2868 1357 2903 lux
1389 2872 1424 2902 et
1451 2868 1521 2903 dux
1554 2868 1651 2903 solus
1677 2867 1885 2902 Bohemiam
1911 2868 2052 2913 captivo

259 2926 322 2956 tuo
347 2923 488 2962 (Marte)
515 2934 668 2959 exornas
695 2930 730 2959 et
757 2931 866 2971 caput
891 2927 984 2962 inter
1000 2927 1123 2962 nubila
1140 2927 1263 2963 condis
1289 2931 1324 2961 et
1349 2936 1470 2961 omnes
1495 2925 1765 2961 mathematicos
1790 2930 1930 2961 tantum
1955 2930 2052 2960 ante-

261 2979 371 3024 cellis,
398 2985 570 3024 quantum
597 2982 766 3018 Phoebus
792 2984 930 3019 minuta
956 2985 1094 3020 sidera“
1123 2989 1188 3020 etc.
1239 2985 1312 3020 Sub
1338 2985 1443 3020 finem
1469 2985 1575 3029 petit,
1602 2989 1642 3019 ut
1665 2982 1843 3027 Keplerus
1869 2985 1965 3028 apud
1989 2994 2051 3018 no-

259 3036 351 3071 biles
387 3039 561 3081 quosdam
586 3040 786 3084 Pragenses
811 3053 875 3086 pro
910 3054 948 3079 se
973 3043 1190 3086 intercedat,
1228 3048 1288 3086 „ut
1319 3053 1357 3078 se
1385 3042 1512 3078 studiis
1547 3052 1692 3087 operam
1715 3046 1905 3076 navantem
1931 3053 2049 3078 annuo

260 3094 378 3139 aliquo
411 3097 589 3142 stipendio
625 3099 839 3145 adjuvent“,
871 3101 916 3136 ad
952 3113 1057 3146 quam
1089 3102 1298 3148 petitionem
1332 3103 1424 3138 redit
1457 3100 1598 3145 saepius
1632 3099 1668 3134 in
1699 3099 1813 3134 literis
1846 3100 1931 3135 suis.
1980 3100 2049 3135 Die

261 3152 315 3187 3¹1.
341 3153 463 3189 Martii
495 3156 622 3205 refert,
657 3167 695 3192 se
723 3158 880 3203 Keplero
907 3159 1060 3194 Galilaei
1084 3160 1273 3197 Nuncium
1297 3159 1476 3196 sidereum
1500 3157 1656 3200 misisse,
1684 3164 1719 3194 et
1744 3156 1862 3194 addit:
1891 3161 1967 3202 „est
1989 3167 2047 3199 res

2105 3319 2107 3348 †“
2107 3230 2120 3300 —1—7.
2117 3210 2119 3216 .
2117 3150 2121 3196 -,“
