2126 3388
253 202 338 248 882
929 202 1012 238 Vita
1034 201 1183 238 Joannis
1208 201 1366 247 Kepleri.

251 333 346 372 rogo
377 320 470 359 mihi
502 318 698 358 describas
738 319 910 368 mihique
942 319 1043 358 hanc
1085 319 1323 369 voluptatem
1354 330 1402 357 ne
1433 318 1620 356 invideas.
1683 317 1919 356 Straussium
1952 329 2036 357 meo

251 381 404 418 nomine
436 377 564 415 saluta
595 381 633 415 et
664 377 853 426 siquidem
886 377 1013 415 adhuc
1044 377 1175 416 haeret
1211 380 1249 414 in
1282 378 1463 426 opinione
1503 376 1655 426 probati
1700 378 1889 422 criminis,
1934 376 2037 425 quod

252 439 349 476 meis
388 437 620 473 intentatum
659 436 790 483 novit,
830 435 1048 473 secundiori
1085 437 1224 473 nuncio
1263 435 1435 474 exhilara
1441 462 1576 474 .....
1640 433 1754 482 Quod
1794 434 1961 483 gaudere
1999 441 2036 471 te

251 496 359 541 diciS,
391 494 533 531 faciam
564 493 742 542 equidem
764 497 807 531 ut
828 493 999 542 gaudeas
1032 494 1215 543 amplius,
1257 494 1333 530 imo
1364 494 1494 542 potius
1527 492 1667 539 dolori,
1701 503 1813 541 quem
1845 492 2037 540 aliquam—

251 553 316 591 diu
346 556 384 589 te
414 552 558 589 fovisse
590 550 784 600 intelligo,
827 556 869 589 ut
899 563 1187 600 supervacaneo
1220 552 1410 588 irascaris.
1472 550 1679 599 Nunquam
1713 551 1812 587 enim
1851 562 1922 587 nec
1952 550 2037 588 loco

248 621 320 649 nec
350 609 569 647 conditione
600 621 683 647 sum
715 614 860 656 motus,
894 609 1000 647 solus
1030 621 1128 658 pene
1159 610 1232 646 hoc
1262 621 1346 646 sum
1379 614 1621 653 consecutus,
1653 613 1696 645 ut
1727 607 1774 645 de
1806 607 2038 646 calamitati-

248 669 320 706 bus
351 669 499 717 patriae
531 666 626 704 nihil
658 666 707 704 ad
738 679 798 705 me
829 669 1073 716 pertingeret,
1107 668 1178 705 etsi
1199 666 1438 716 voluptatem
1464 678 1507 704 cx
1540 665 1803 703 incolumitate
1833 668 2039 715 corrumpit

250 725 359 764 dolor
391 737 436 764 ex
469 725 677 773 dedecore,
721 725 843 763 veluti
878 725 1098 763 dulcissima
1131 727 1255 774 patria
1285 737 1410 762 meum
1443 725 1564 762 solius
1606 726 1872 761 commercium
1906 736 2040 772 asper-

248 789 385 831 nante,
430 795 594 832 quacum
638 785 792 832 penitus
833 784 1058 821 occumbere
1104 784 1224 820 bonus
1267 784 1432 832 quisque
1475 784 1679 830 optaverit.
1743 781 1819 819 Sed
1861 782 2040 830 pensavit

248 841 474 880 felicitatem
506 842 699 891 propriam
732 841 932 879 calamitas
965 841 1054 888 alia,
1090 841 1202 889 longe
1233 852 1256 878 a
1281 842 1383 878 bello
1415 840 1570 889 publico
1604 840 1794 886 distincta,
1829 841 2039 877 communis

249 899 342 938 mihi
377 911 462 937 curn
495 899 675 936 fratribus
706 901 813 947 meis,
848 911 962 948 quam
987 900 1160 949 privatus
1183 899 1293 936 nobis
1315 899 1436 936 hostis
1460 899 1721 935 atrocissimus
1754 898 1894 945 intulit,
1929 898 2039 946 cujus

249 969 322 1007 ego
358 958 562 995 conatibus
594 963 635 994 ut
667 959 792 995 socias
824 957 1087 1005 fraternasque
1118 968 1254 994 manus
1288 968 1532 1007 opponerem,
1567 958 1684 1005 petita
1707 956 1905 993 absentiae
1928 957 2039 993 venia

248 1015 383 1053 Lincio
414 1027 498 1053 sum
529 1015 723 1064 profectus
755 1017 792 1052 in
825 1015 1183 1063 Wirtembergiam,
1221 1014 1334 1062 jussa
1364 1026 1482 1052 uxore
1516 1026 1600 1051 cum
1639 1014 1784 1051 familia
1815 1025 1874 1051 me
1906 1014 2039 1051 Ratis-

246 1073 388 1111 bonam
433 1084 555 1122 usque
598 1075 727 1121 sequi,
773 1078 814 1110 ut
847 1085 892 1111 ea
924 1078 960 1110 et
992 1079 1098 1110 extra
1136 1072 1347 1122 periculum
1387 1072 1714 1109 incommodorum
1757 1071 1848 1110 belli
1881 1072 2039 1109 etmihi

247 1132 405 1183 propior
435 1136 557 1179 esset3
590 1130 855 1180 praevideram
888 1132 1000 1179 enim,
1034 1142 1199 1168 annuam
1231 1130 1311 1168 fore
1343 1142 1468 1168 meam
1501 1131 1728 1167 absentiam.

388 1189 443 1227 Eo
476 1190 514 1226 in
555 1190 691 1226 itinere
729 1190 862 1239 scripsi
906 1189 951 1226 de
995 1188 1212 1238 eclipsibus.
1283 1187 1421 1226 Habeo
1460 1187 1619 1238 librum,
1668 1190 1705 1224 in
1749 1199 1825 1236 quo
1878 1188 2038 1238 eclipses

251 1258 384 1287 omnes
416 1248 464 1285 ab
498 1258 597 1285 anno
626 1250 733 1285 1572
757 1248 987 1285 observatae
1020 1258 1104 1284 cum
1138 1247 1473 1284 observationibus
1497 1248 1602 1292 meis,
1636 1245 1833 1295 Tyclionis
1855 1247 2039 1284 aliorum-

250 1317 325 1356 que
358 1309 396 1343 et
426 1317 511 1343 cum
544 1304 691 1343 calculo
724 1306 979 1343 restitutionis
1012 1316 1119 1342 meae
1143 1304 1314 1344 ultimae.
1356 1304 1441 1342 Non
1474 1303 1556 1341 ulla
1587 1309 1715 1341 tamen
1747 1305 1838 1341 mihi
1872 1307 2042 1354 suppetit

250 1364 401 1402 occasio
432 1362 686 1413 imprimendi,
720 1365 945 1413 priusquam
980 1364 1255 1411 conquiescant
1286 1362 1325 1399 hi
1357 1368 1484 1401 motus
1517 1361 1761 1401 Germaniae.
1813 1365 1882 1409 (Ex
1909 1365 2039 1409 episto-

249 1423 294 1459 lis
320 1424 413 1459 datis
439 1423 536 1458 Julio
562 1423 652 1458 1623
680 1427 715 1457 et
738 1422 934 1457 Februario
966 1422 1082 1465 1624.)

387 1481 486 1525 Quae
517 1480 696 1525 Keplerus
729 1481 787 1515 hic
821 1481 1008 1515 obscurius
1043 1480 1323 1525 significaverat,
1357 1485 1483 1524 postca
1521 1479 1713 1525 explicavit
1746 1481 1919 1525 Criigero,
1958 1482 2041 1515 scri-

248 1539 366 1575 benti:
405 1539 609 1575 Straussius
636 1539 711 1583 Jam
742 1539 871 1573 nuncio
896 1539 964 1573 isto
992 1538 1035 1573 de
1061 1539 1130 1573 tuis
1160 1539 1363 1573 secundiori
1393 1539 1613 1574 exhilaratus
1640 1544 1694 1574 est
1723 1550 1814 1573 anno
1847 1539 2041 1582 praeterito

248 1609 270 1633 a
294 1597 403 1633 fratre
434 1602 496 1632 tuo
529 1607 710 1641 germano.
761 1596 845 1631 Fuit
879 1597 970 1630 enim
998 1597 1028 1631 is
1063 1602 1098 1632 et
1123 1597 1348 1642 Regiomonti
1383 1602 1418 1632 et
1448 1597 1601 1631 Hasniae
1633 1602 1668 1631 et
1696 1597 1877 1640 Dantisci,
1914 1597 1972 1631 ubi
2007 1602 2042 1631 et

248 1667 305 1691 me
334 1655 499 1691 liberavit
533 1656 604 1691 ista
641 1655 891 1691 sollicitudine.
946 1656 1066 1699 Rogas
1102 1655 1166 1689 tibi
1204 1666 1248 1689 ne
1287 1655 1462 1689 invideam
1499 1655 1720 1699 voluptatem
1755 1655 1896 1689 videndi
1931 1654 2041 1689 falsos

247 1713 328 1750 illos
354 1714 510 1757 colores,
545 1713 673 1757 quibus
705 1718 766 1748 tua
799 1713 907 1758 hujus
942 1714 1175 1758 quinquennii
1204 1714 1349 1749 fortuna
1377 1714 1462 1747 mihi
1493 1713 1634 1758 depicta
1667 1714 1743 1748 suit.
1794 1713 1967 1757 Quoniam
1993 1714 2042 1747 ita

248 1771 312 1816 vis,
348 1770 452 1806 facio.
508 1772 661 1816 Propter
698 1771 875 1806 austriaca
908 1771 1002 1806 bella
1039 1772 1211 1807 dicebaris
1251 1773 1444 1815 emigrasse
1482 1772 1698 1815 Tubingam,
1738 1772 1879 1806 interim
1922 1771 2041 1806 dedito

247 1831 395 1865 Bavaris
421 1829 557 1874 Lincio,
583 1829 751 1873 quicquid
775 1839 892 1863 rerum
918 1834 1059 1864 tuarum
1084 1830 1120 1864 in
1137 1831 1376 1875 typographia
1395 1831 1589 1873 inventum,
1616 1840 1637 1863 a
1662 1829 1832 1864 militibus
1853 1830 2040 1874 direptum,

249 1888 456 1932 laceratum,
481 1896 545 1923 non
572 1889 628 1923 ben
654 1888 818 1931 &cbrir'ten
846 1889 895 1922 ber
921 1889 1094 1933 &Driufrren
1123 1890 1196 1931 [iube
1221 1900 1298 1923 mun
1324 1890 1467 1931 siixqeln,
1502 1898 1565 1923 run
1601 1891 1656 1923 ben
1683 1889 1870 1924 &curucam
1905 1891 1967 1923 rub
1993 1899 2040 1934 gr:

251 1946 437 1990 febriebcncn
454 1947 571 1991 engen
590 1946 756 1989 patronem
775 1947 919 1990 gcnmdit,
946 1946 1104 1983 ablatum
1124 1948 1230 1982 etiam
1258 1952 1292 1982 et
1310 1947 1539 1990 obsignatum
1558 1947 1846 1981 observationum
1863 1947 2040 1992 Tychoni-

251 2014 372 2039 carum
397 2004 615 2047 thesaurum,
644 2014 748 2048 quem
774 2009 893 2038 tamen
919 2010 1086 2048 suscepto
1106 2005 1149 2039 ad
1169 2006 1342 2039 Bavariae
1362 2006 1487 2040 ducem
1513 2006 1640 2039 itinere
1659 2016 1724 2049 per
1742 2005 2041 2049 supplicationem

250 2061 439 2106 receperis.
490 2062 531 2096 In
557 2062 672 2106 patria
697 2072 804 2106 porro
830 2066 892 2096 tua
919 2062 992 2096 sive
1017 2067 1165 2097 matrem
1192 2064 1264 2098 sive
1291 2073 1449 2098 sororem
1482 2062 1566 2106 (jam
1603 2063 1694 2096 enim
1722 2063 1868 2106 excidit)
1895 2063 2041 2097 insimu-

252 2118 363 2154 latam
390 2122 425 2154 et
449 2118 589 2164 publice
622 2123 829 2154 accusatam
855 2120 974 2154 nescio
1001 2120 1102 2163 cujus
1127 2120 1304 2165 veneficii,
1342 2131 1410 2163 quo
1445 2120 1588 2154 crimine
1615 2120 1827 2164 depellendo
1854 2125 1893 2154 tu
1919 2120 2041 2154 multis

253 2180 288 2211 et
312 2177 502 2212 itineribus
534 2182 569 2212 et
593 2176 764 2221 impensis
789 2183 825 2212 et
850 2178 958 2212 animi
993 2179 1175 2214 doloribus
1211 2179 1320 2213 fueris
1353 2180 1568 2222 exagitatus.
1618 2179 1717 2213 Haec
1742 2180 1855 2214 amico
1881 2178 1939 2213 hic
1964 2188 2043 2212 meo

254 2234 395 2269 cuidam
420 2234 579 2269 literario
606 2234 771 2280 Tubinga
802 2241 888 2272 tunc
913 2236 1126 2281 significata.
1175 2237 1298 2272 Tantis
1323 2238 1446 2281 itaque
1479 2237 1573 2272 curis
1599 2242 1634 2272 te
1659 2237 1811 2272 feliciter
1836 2236 2043 2271 defunctum

252 2303 324 2327 non
347 2293 522 2327 immerito
548 2294 688 2337 gavisus
715 2304 806 2329 sum.

392 2356 459 2391 His
490 2356 668 2401 Keplerus
699 2357 904 2401 respondit:
942 2355 1000 2393 De
1039 2368 1125 2394 mea
1162 2356 1314 2394 fortuna
1354 2368 1419 2406 per
1459 2357 1674 2406 superiores
1713 2368 1834 2394 annos
1877 2357 2040 2394 certiora

257 2413 387 2451 omnia
418 2416 456 2450 et
486 2413 639 2449 mitiora
671 2424 786 2462 penes
821 2425 902 2460 vos,
936 2425 1051 2463 quam
1083 2415 1121 2450 iu
1153 2413 1224 2451 hac
1255 2416 1340 2464 ipsa
1372 2415 1463 2452 urbe
1496 2420 1582 2464 post
1615 2426 1740 2452 meum
1773 2416 1931 2452 abitum.
1984 2415 2043 2452 De

254 2469 423 2521 periculo
456 2469 610 2518 quidem
642 2471 942 2521 typographiae,
986 2472 1222 2519 chartarum,
1266 2473 1600 2519 observationum,
1643 2473 1740 2510 nihil
1783 2479 1853 2512 est.
1916 2473 1966 2510 At
1998 2472 2044 2510 de

255 2534 376 2567 matre
407 2529 524 2566 nimio
557 2540 673 2578 quarn
707 2541 850 2569 verum.

394 2595 493 2630 Haec
519 2593 682 2639 sequitur
706 2595 899 2640 descriptio
926 2596 1075 2631 actionis
1103 2600 1226 2631 contra
1249 2602 1396 2632 matrem
1421 2597 1631 2642 institutam,
1658 2608 1763 2640 quam
1789 2608 1897 2642 supra
1922 2608 1956 2641 p.
1975 2597 2039 2633 361

255 2652 519 2699 proposuimus,
567 2653 705 2689 Deinde
730 2654 848 2698 pergit
871 2654 1071 2698 Keplerus:

394 2714 445 2753 At
477 2714 539 2753 hic
569 2727 635 2765 per
665 2727 790 2752 meam
820 2716 1035 2753 absentiam
1067 2716 1329 2765 spargebatur,
1363 2729 1422 2755 me
1455 2722 1606 2767 propter
1639 2717 1891 2755 temeritatem
1913 2715 2045 2764 Nage-

256 2772 382 2810 lianae
424 2773 585 2811 similem
619 2775 712 2810 iram
751 2775 935 2811 meruisse
968 2774 1162 2821 Caesaris,
1207 2786 1368 2823 cumque
1410 2776 1604 2824 effugerim
1643 2775 1903 2824 (paucissimis
1944 2776 2044 2811 enim

258 2841 414 2868 eausam
447 2832 574 2869 abitus
607 2833 681 2869 mei
714 2831 989 2879 credideram),
1032 2844 1212 2880 magnam
1242 2845 1265 2870 a
1297 2833 1461 2870 Caesare
1504 2845 1693 2870 summam
1729 2833 1974 2870 constitutam
2006 2834 2043 2868 in

259 2894 376 2937 caput
405 2900 554 2936 meum,
596 2891 687 2938 quin
721 2892 836 2927 etiam
868 2890 1030 2927 flammis
1063 2890 1204 2927 tradita
1236 2891 1468 2940 exemplaria
1500 2890 1717 2928 Calendarii
1748 2891 1895 2935 omnia,
1940 2890 2045 2938 quod

258 2950 349 2983 tunc
369 2946 450 2983 fieri
471 2958 547 2984 non
570 2949 705 2996 potuit,
727 2958 811 2984 cum
834 2947 980 2985 nullum
1005 2949 1231 2997 scripserim.
1273 2948 1368 2985 Post
1389 2949 1531 2986 factum
1554 2954 1610 2986 est
1631 2948 1816 2997 superiori
1839 2947 2044 2985 Deccmbri

259 3005 411 3049 (scripta
434 3006 525 3041 haec
550 3012 633 3042 sunt
659 3007 692 3042 d.
719 3008 748 3042 9.
777 3006 876 3051 Sept.
906 3008 1008 3050 1624)
1042 3007 1079 3042 in
1101 3005 1241 3055 styria,
1276 3005 1423 3043 nullum
1454 3007 1502 3043 ob
1524 3006 1829 3053 Prognosticum,
1863 3005 1930 3043 sed
1953 3008 2045 3054 qnia

261 3059 307 3099 de
337 3062 610 3111 praecellentia
647 3063 882 3100 contendunt
919 3064 1154 3112 provinciae.
1218 3066 1317 3109 Quae
1335 3071 1533 3109 sequuntur
1551 3065 1716 3108 legantur
1733 3065 1778 3099 ad
1797 3068 2044 3102 a11uum1624.

396 3126 529 3164 1622.
569 3127 800 3170 „Revolutio“
835 3129 917 3163 anni
947 3128 1035 3164 nihil
1065 3129 1174 3164 habet
1209 3129 1278 3164 nisi
1310 3129 1561 3173 horoscopum.
1611 3128 1717 3163 Initio
1750 3129 1832 3163 anni
1864 3130 2043 3176 Keplerus
