2126 3388
921 156 1022 195 1607.
1775 156 1857 203 777

201 269 388 306 Mensibus
412 271 584 307 ,Ianuario
610 276 647 308 et
670 271 801 308 Martio
819 272 1000 318 Keplerns
1026 276 1170 320 praeter
1188 274 1231 309 ea
1255 282 1349 318 quae
1374 282 1483 319 supra
1510 273 1663 310 diximus
1691 274 1734 310 de
1758 274 1860 311 Har-

61 328 185 363 monia
209 328 365 364 Herwa
377 334 445 365 rto
470 331 657 375 respondit
683 331 729 366 ad
754 332 984 376 quaestiones
1011 333 1054 367 de
1080 337 1157 367 arte
1179 331 1335 373 nautica,
1365 331 1544 376 quamvis:
1581 332 1646 374 „de
1672 337 1749 367 arte
1773 343 1859 367 nau-

60 386 132 421 tica
157 386 333 422 sollicitus
360 388 534 424 hactenus
566 400 637 424 non
670 389 741 433 fui,
777 389 910 434 quippe
944 390 1142 425 latissimae
1176 389 1393 425 continentis
1425 389 1626 434 alumn·is“‚
1661 389 1790 425 deinde
1816 389 1860 424 de

61 453 153 478 anno
187 444 318 479 Christi
350 446 512 482 natalitio
540 446 619 491 (cfr.
648 448 707 482 IV.
735 449 801 484 473
829 448 915 492 ss),
948 448 992 484 de
1023 449 1124 484 fluxu
1159 453 1195 483 et
1225 447 1367 483 refluxu
1403 449 1509 482 maris
1538 449 1612 491 (llI.
1641 449 1721 491 454)
1755 451 1790 483 et
1816 448 1859 483 de

59 501 252 546 hypothesi
279 503 543 547 Copernicana:
583 517 674 546 „non
706 506 756 541 ita
782 506 978 541 absurdum
1003 507 1143 541 videtur
1167 506 1346 552 physicis,
1379 511 1476 541 stare
1504 507 1622 542 Solem
1655 518 1697 542 ac
1725 506 1861 541 moveri

61 561 249 607 Terram“;
283 563 468 606 virtutem,
501 565 634 609 pergit,
669 564 763 599 Solis
791 564 909 599 dicere
945 575 983 599 se
1008 566 1248 610 mayneticam
1273 564 1530 608 intelligentiae
1557 571 1592 600 et
1619 564 1860 600 similitudinis

60 626 187 663 causa,
221 622 405 657 coelestem
436 622 555 657 dicere
588 632 626 657 se
659 621 838 657 debuisse.
890 622 989 666 Quae
1024 621 1066 656 de
1099 623 1295 667 astrologia
1319 623 1505 657 Herwarto
1540 623 1665 658 eodem
1697 628 1860 668 tempore

63 677 225 722 scripsit,
260 675 439 724 leguntur
462 681 530 715 vol.
558 681 606 715 II.
633 693 667 726 p.
695 681 775 716 554.
825 682 950 716 Mense
984 681 1178 717 Novembri
1209 681 1396 726 quaerenti
1427 682 1616 717 Herwarto
1651 681 1695 717 de
1728 682 1861 716 Terrae

60 735 194 771 ambitu
208 737 320 772 refert
332 738 523 783 Keplerus,
536 749 642 783 quam
657 740 834 775 rationem
852 739 971 774 inierit
985 739 1031 774 ad
1045 739 1137 773 hanc
1151 740 1401 784 quaestionem
1416 739 1621 775 solvendam
1636 741 1798 782 (cfr.V.43
1809 741 1861 783 8.).

199 801 418 837 Fabricio
452 813 558 837 unam
584 807 723 837 tantum
757 803 855 838 dedit
881 803 1071 848 epistolam
1095 803 1165 838 hoc
1192 814 1284 838 anno
1312 803 1362 838 sic
1394 803 1503 837 finem
1529 803 1685 839 faciens:
1722 801 1862 840 Obser-

62 857 239 894 vationes
272 859 390 896 mitte.
431 858 514 906 Ego
547 860 743 896 remissior
773 858 853 896 fieri
887 860 1042 908 incipio.
1088 858 1164 896 Cur
1195 860 1295 897 enim
1316 860 1569 897 morientibus
1597 861 1860 898 instrumentis

60 916 284 963 supervivat
316 928 401 954 mea
433 917 665 955 observandi
708 916 941 966 diligentia?
993 919 1050 966 (1.
1085 918 1274 966 Augusti,
1320 929 1405 955 cum
1446 918 1588 955 Martio
1632 920 1861 968 incepissem

60 974 283 1022 intereaque
314 976 581 1023 peregrinatus
604 987 729 1013 essem
762 977 800 1012 111
823 976 1017 1023 Lusatia.)
1055 978 1108 1012 De
1127 978 1289 1012 Martis
1309 978 1450 1013 theoria
1468 989 1577 1023 agens
1596 990 1675 1013 cum
1694 980 1861 1015 Fabricio

60 1033 168 1069 dubia
194 1034 271 1077 ejus
298 1035 342 1070 de
369 1035 484 1077 „ovali
509 1036 563 1070 vel
582 1036 757 1081 elliptico“
786 1037 871 1072 orbe
897 1037 1059 1072 refellere
1086 1037 1227 1073 studet:
1263 1033 1420 1083 Ellipsis
1447 1040 1504 1072 est
1525 1035 1711 1073 naturalis
1733 1036 1860 1086 hypo-

61 1089 202 1138 thesis3
246 1091 410 1129 circulus
442 1091 594 1141 ellipsin
627 1093 829 1142 amplexus
862 1096 920 1130 cst
959 1092 1227 1131 tantummodo
1260 1094 1538 1130 numerationis
1577 1105 1706 1131 causa.
1768 1094 1860 1132 Jam

62 1150 212 1186 tentavi
244 1150 281 1186 in
315 1149 529 1197 Mercurio,
565 1150 674 1199 cujus
707 1158 766 1189 est
797 1151 943 1201 ellipsis
976 1152 1281 1190 evidentissima.
1333 1154 1424 1189 Item
1463 1155 1648 1198 quaerenti
1682 1154 1861 1199 Fabricio,

62 1219 153 1252 quae
179 1219 287 1244 causa
319 1211 365 1244 sit
393 1211 582 1256 „physicae
613 1212 971 1258 multiplicationis‘·'‘.>
1005 1212 1212 1257 respondit:
1242 1209 1358 1258 „dum
1390 1210 1605 1260 multiplico
1638 1214 1863 1250 eccentrici-

61 1267 152 1303 tatis
195 1266 395 1304 dimidium
435 1269 473 1304 in
504 1269 612 1306 sinus
643 1269 863 1307 anomaliae
895 1271 1082 1317 eccentri,
1129 1271 1322 1306 constituo
1364 1280 1561 1307 excessum
1604 1281 1715 1308 areae
1747 1282 1863 1320 supra

58 1324 292 1362 anomaliam
339 1328 515 1373 eccentri,
564 1333 602 1365 et
643 1330 735 1377 quia
776 1340 866 1366 area
906 1329 1062 1365 metitur
1093 1327 1296 1364 distantias
1335 1337 1488 1375 omneS,
1532 1328 1739 1366 distantiae
1776 1340 1864 1366 mo-

57 1395 119 1420 ras
159 1394 226 1420 seu
270 1389 438 1433 tempus,
482 1386 599 1434 igitur
637 1386 957 1436 multiplicatione
996 1386 1159 1436 physica
1191 1391 1343 1434 tempus
1375 1386 1516 1435 colligo
1561 1386 1732 1424 debitum
1773 1387 1863 1426 huic

59 1441 277 1480 anomaliae
319 1445 498 1483 eccentri.
560 1444 825 1483 Subtilitatem
863 1457 989 1482 meam
1028 1443 1328 1493 praedicandam
1369 1449 1502 1493 putas,
1549 1446 1580 1481 si
1612 1457 1689 1483 non
1720 1457 1864 1495 repug-

58 1506 167 1538 naret
210 1506 383 1539 naturae.
457 1503 552 1551 Ego,
600 1505 652 1540 mi
688 1504 874 1551 Fabrici,
923 1502 1064 1541 damno
1109 1514 1261 1540 omnem
1306 1502 1562 1540 subtilitatem
1612 1504 1673 1541 vel
1719 1516 1862 1554 repug-

57 1564 213 1596 nantem
254 1566 434 1605 naturae‚
470 1561 531 1598 vel
570 1573 645 1600 non
685 1563 956 1601 necessariam.
1018 1562 1123 1598 Dum
1164 1572 1255 1599 vero
1295 1560 1388 1597 mihi
1422 1561 1725 1610 Copernicanam
1767 1563 1863 1600 snb-

59 1616 238 1654 tilitatem
280 1618 446 1667 exempli
486 1619 572 1657 loco
611 1621 724 1670 ponis
766 1621 815 1658 ob
866 1621 1022 1668 oculos,
1073 1621 1202 1670 inepte
1240 1619 1333 1656 facis
1380 1631 1467 1657 cum
1505 1622 1628 1667 scias,
1673 1620 1777 1669 quod
1821 1626 1863 1659 tu

60 1676 218 1713 damnes
256 1678 295 1713 in
333 1676 548 1726 Copernico
588 1691 649 1718 me
691 1679 848 1718 mirifice
891 1679 1118 1728 approbare.
1145 1709 1152 1717 .
1177 1706 1186 1715 .
1211 1709 1220 1717 .
1246 1706 1254 1716 .
1280 1707 1287 1715 .
1313 1709 1322 1718 .
1383 1677 1542 1725 Mirum,
1589 1678 1723 1726 quales
1768 1679 1862 1716 mihi

59 1734 205 1771 scribas
236 1734 342 1784 leges
377 1736 601 1775 condendae
637 1737 898 1788 hypotheseos
935 1750 981 1775 ex
1013 1742 1079 1774 tno
1112 1736 1290 1782 cerebro,
1323 1747 1399 1773 non
1434 1749 1480 1774 ex
1518 1736 1626 1774 coelo
1664 1736 1860 1776 deductas.

59 1794 227 1831 Directis
261 1795 388 1832 verbis
421 1806 467 1832 ea
498 1795 591 1833 mihi
622 1797 808 1846 imperas,
843 1807 942 1846 quae
975 1795 1137 1833 totidem
1169 1806 1240 1844 ego
1274 1795 1466 1844 capitibus
1499 1796 1534 1831 in
1569 1795 1865 1833 Commentariis

60 1851 237 1890 refutavi.
298 1851 458 1890 Miseret
497 1866 557 1892 me
596 1856 652 1891 tui
695 1854 862 1903 laboris,
907 1856 972 1903 qui
1014 1859 1071 1892 tot
1104 1854 1186 1902 jam
1219 1854 1328 1890 annis
1363 1851 1536 1892 ἀδυνατα
1579 1859 1703 1891 tentas
1748 1859 1785 1892 et
1826 1855 1865 1892 in

60 1922 199 1961 genere
231 1915 358 1948 actum
391 1913 486 1960 agis.
528 1913 713 1950 Inventas
746 1914 846 1951 enim
879 1924 990 1950 veras
1022 1917 1196 1950 motuum
1228 1923 1378 1959 causas,
1412 1917 1603 1960 quatenus
1636 1912 1684 1950 ab
1707 1912 1862 1950 homine

61 1968 332 2018 comprehendi
356 1975 532 2019 possunt,
557 1973 869 2009 constantissime
893 1982 1022 2009 assero
1029 1999 1147 2010 .....
1201 1970 1508 2008 Commentarios
1531 1977 1572 2008 ut
1596 1970 1706 2008 edam
1730 1970 1864 2009 laboro

63 2028 276 2077 diligenter.
339 2028 504 2067 Videtur
546 2029 812 2079 Tengnaglius
855 2041 1131 2074 concessurnS,
1173 2030 1203 2066 si
1244 2030 1463 2077 permittam
1506 2030 1579 2078 ipsi
1622 2029 1863 2077 quorundam

62 2087 382 2133 emendationem,
417 2087 521 2136 quod
552 2089 645 2126 mihi
676 2100 796 2137 grave
828 2094 886 2127 est
891 2118 1032 2128 .....
1092 2088 1276 2125 Irasceris
1309 2086 1433 2124 valori
1455 2098 1580 2133 areae,
1615 2099 1701 2125 cum
1723 2093 1862 2137 agatur

64 2146 110 2184 de
143 2147 265 2191 lineis,
299 2156 413 2183 caeco
447 2145 602 2195 quidem
633 2148 791 2197 impetu.
852 2147 951 2184 Nam
984 2152 1021 2184 et
1052 2157 1142 2184 area
1173 2146 1448 2195 geometricum
1487 2146 1579 2195 quid
1611 2151 1682 2184 est.
1746 2145 1861 2195 Quod

64 2217 155 2244 vero
195 2205 405 2241 astronomi
445 2205 633 2243 hactenus
664 2206 792 2243 nullas
824 2217 933 2243 areas
974 2204 1254 2252 adhibuerunt,
1297 2203 1440 2241 factum
1474 2210 1530 2241 est
1563 2216 1609 2242 ex
1640 2205 1862 2253 ignorantia

65 2275 268 2303 causarum
301 2261 560 2312 physicarum,
594 2276 690 2313 quas
722 2266 759 2300 in
792 2263 917 2302 lucem
944 2264 1028 2313 jam
1059 2262 1215 2312 protuli.
1276 2262 1321 2299 In
1353 2264 1455 2300 omni
1487 2264 1660 2301 novitate
1694 2264 1860 2312 imperiti

64 2325 289 2361 irascuntur.
321 2345 363 2349 -—
380 2324 546 2360 Fabricio
565 2324 730 2369 instanti,
756 2325 883 2359 Martis
909 2329 1044 2359 motum
1061 2323 1273 2359 circularem
1293 2332 1371 2357 esse
1393 2327 1428 2357 et
1446 2323 1642 2366 asserenti,
1667 2328 1797 2368 putare
1824 2333 1862 2359 se

63 2385 217 2419 Martem
248 2383 293 2416 ad
330 2382 444 2417 latera
470 2383 592 2417 circuli
618 2394 688 2417 non
721 2384 880 2427 ingredi,
914 2383 977 2417 sed
1010 2383 1130 2427 potius
1163 2382 1354 2425 excedere,
1389 2382 1446 2416 his
1479 2381 1634 2415 occurrit
1658 2382 1861 2426 Keplerus:

63 2440 203 2478 Miram
235 2444 341 2475 tuam
373 2436 601 2476 audaciam!
651 2438 761 2477 'ane
794 2451 852 2477 me
883 2451 1071 2488 provoces
1104 2437 1369 2487 confingendis
1402 2437 1718 2487 hypothesibus?
1766 2437 1862 2474 Cum

65 2508 138 2546 ego
167 2495 364 2545 planetam
396 2507 419 2533 a
450 2497 594 2534 circulo
627 2496 750 2534 dicam
783 2497 954 2544 ingredi,
988 2503 1028 2534 111
1061 2499 1170 2546 paria
1200 2497 1345 2534 faciens
1377 2493 1472 2533 'dicis
1506 2495 1647 2544 egredi.
1698 2495 1780 2543 Ego
1812 2496 1864 2531 mi

64 2556 218 2594 Fabrici
251 2567 329 2592 non
360 2555 504 2602 ingenii
536 2555 795 2601 volubilitate,
828 2567 904 2592 non
937 2556 1092 2604 po'e‘tica
1123 2560 1190 2593 aut
1220 2556 1383 2604 pictoria
1405 2553 1571 2601 fingendi
1600 2553 1758 2590 licentia
1778 2564 1862 2590 snm

65 2613 266 2660 inductus,
309 2612 377 2650 sed
419 2612 734 2650 observationum
778 2613 1065 2652 Braheanarnm
1105 2614 1212 2650 filum
1245 2613 1670 2659 demonstrationesqne
1707 2617 1862 2648 secutus

66 2673 232 2715 invictas
237 2697 377 2709 .....
419 2670 516 2707 Dico
549 2671 630 2717 tibi,
664 2673 695 2708 si
718 2677 870 2709 centum
902 2677 1150 2721 superessent
1180 2671 1373 2720 planetae,
1408 2668 1616 2706 dnmmodo
1649 2668 1745 2706 tales
1778 2668 1862 2716 ejus

68 2730 360 2768 observationes
392 2727 635 2775 haberemus,
669 2729 802 2777 quales
835 2731 872 2765 in
904 2729 1040 2776 Marte,
1075 2731 1170 2767 meis
1201 2731 1368 2767 inventis
1400 2727 1450 2765 ad
1473 2739 1602 2765 eorum
1627 2726 1862 2776 hypotheses

67 2789 258 2838 perveniri
290 2797 418 2836 posse,
451 2786 642 2834 siquidem
675 2786 731 2823 illi
762 2791 939 2824 naturam
970 2787 1105 2824 horum
1142 2792 1161 2824 7
1196 2787 1439 2836 planetarum
1472 2786 1722 2822 imitarentur.

11 2916 14 2919 ·
68 2903 181 2934 Johan
208 2903 365 2942 Keppler,
394 2902 451 2931 der
476 2901 572 2933 Rom.
597 2901 691 2933 Kais.
717 2901 790 2933 Mtt.
818 2900 1077 2931 Mathematicus
1103 2901 1243 2941 bekhen,
1270 2900 1327 2930 das
1353 2900 1409 2930 der
1434 2900 1594 2930 Ehrnvest
1620 2899 1686 2929 vnd
1710 2901 1862 2931 fiii-nehm

71 2950 154 2980 Herr
177 2949 290 2980 Hanss
316 2948 513 2986 Nidenanss,
537 2946 664 2986 Burger
689 2958 727 2977 zu
755 2947 851 2978 Griitz
876 2948 942 2977 vnsl
968 2948 1260 2984 rathsverwanter,
1288 2956 1352 2976 von
1378 2947 1573 2985 denjenigen
1603 2947 1692 2977 1000
1719 2946 1861 2987 Gulden,

72 2996 223 3026 wiilliche
248 2995 316 3025 Ime
342 3004 419 3025 auss
446 2994 570 3025 meiner
595 2995 807 3025 Stieftochter
824 2994 953 3032 Regina
971 2994 1146 3023 Lorentzin
1172 2991 1383 3023 viiterlichem
1402 2993 1528 3030 Erbgut
1547 2993 1756 3032 dargeliehen
1777 3003 1861 3024 wor-

72 3042 145 3081 den,
171 3042 229 3072 das
254 3041 457 3072 ordentliche
482 3042 641 3072 Interesse
666 3051 730 3071 von
749 3043 769 3072 2
787 3040 921 3079 Jahren,
947 3049 1020 3070 vom
1049 3041 1102 3072 16.
1129 3038 1199 3070 Juli
1227 3040 1315 3071 1605
1341 3040 1410 3070 biss
1431 3041 1518 3071 1607
1546 3040 1779 3082 erstreckend‚
1807 3050 1861 3071 ιυ-

73 3096 185 3118 samen
208 3090 244 3118 in
270 3089 360 3119 einer
384 3088 518 3119 Summa
542 3097 607 3118 von
628 3089 693 3120 120
712 3087 843 3119 Gulden
870 3097 907 3118 zu
934 3087 1058 3117 meiner
1084 3086 1230 3117 sicheren
1250 3086 1346 3117 Hand
1365 3087 1544 3126 zuegestelt
1568 3086 1634 3117 'fnd
1651 3087 1763 3117 bezalt
1780 3087 1860 3120 batt.

71 3134 159 3176 Prag
183 3135 247 3166 den
271 3136 304 3166 9.
329 3135 460 3173 August
486 3134 587 3168 1607.
