2126 3388
932 164 1083 212 Kepleri
1107 173 1214 202 mors.
1852 165 1934 210 921

140 283 233 322 mihi
264 283 393 334 Praga
431 284 649 324 submissae
689 296 828 335 resque
869 286 1153 337 typographica
1196 285 1246 325 ad
1288 298 1414 325 meam
1454 287 1577 336 ipsius
1619 298 1748 324 curam
1786 285 1933 334 recidit,

141 344 339 392 occupatis
379 343 492 382 nobis
533 345 571 381 in
610 344 744 393 proelo
777 356 797 383 c
827 343 1041 395 longinquo
1084 345 1321 394 asportando
1358 356 1618 395 supervenere
1660 343 1856 383 Calendae
1898 349 1936 383 et

141 400 269 439 adhuc
304 401 531 450 Ephemeris
564 404 653 440 anni
681 402 762 451 jam
794 404 964 441 ineuntis
996 404 1250 442 Francofurto
1281 409 1477 442 revertens
1510 403 1642 441 haeret
1671 404 1708 440 in
1741 405 1889 441 itinere.

276 467 466 504 Dedicatio
492 468 774 514 Ephemeridum
798 469 913 514 partis
939 470 1117 505 secundae
1143 469 1207 515 (ad
1231 469 1399 504 Austriae
1423 469 1584 514 ordines)
1619 470 1702 505 data
1727 473 1781 504 est
1806 468 1937 512 Sagani

138 525 231 562 Idib.
266 525 364 571 Sept.
406 527 510 570 1630,
545 525 606 561 illa
638 527 750 570 partis
787 527 914 562 tertiae
949 527 1059 570 (Julio
1091 528 1226 572 scripta
1258 526 1304 562 ad
1332 526 1647 571 Wallenstenium)
1684 528 1772 563 haec
1808 527 1935 563 habet:

138 581 285 619 Nactus
333 593 418 619 sum
466 581 656 630 collegam
698 582 748 620 ad
792 582 900 633 Opus
942 583 1242 633 Ephemeridum
1291 584 1595 622 continuandum
1641 583 1932 635 (Bartschium),

141 667 282 680 .....
305 639 450 689 Sagani
495 640 650 678 absolvi
691 646 837 679 tomum
877 641 980 680 hunc
1011 641 1310 691 Ephemeridum
1353 643 1391 679 in
1427 653 1549 680 annos
1583 646 1649 680 20.
1702 672 1743 681 ..
1768 674 1774 680 .
1797 670 1807 680 .
1829 641 1936 682 ‚Sed

140 698 330 747 superfuit
361 709 437 736 non
470 699 631 737 minima
663 698 897 747 sollicitudo,
931 699 1126 749 quomodo
1148 699 1415 738 extruderetur
1438 712 1535 749 opus
1567 702 1604 738 in
1624 700 1835 750 publicum.
1861 731 1868 738 .
1892 729 1902 739 .
1925 728 1934 736 .

137 755 329 795 Subvenit
360 756 605 795 incommodo
638 757 940 807 (autographum
973 757 1259 796 transmittendi
1282 759 1318 794 in
1341 758 1596 807 longinquum
1618 758 1935 809 typographium)

137 814 223 852 Tua
255 815 498 862 benignitas,
527 815 592 864 qui
623 826 796 853 meorum
828 827 986 865 operum
1017 817 1301 865 promotionem
1333 827 1419 854 cum
1451 817 1618 855 utilitate
1651 818 1793 854 civium
1825 816 1936 855 Tuo-

136 884 218 910 rum
251 873 496 922 conjunxisti,
530 873 728 922 Saganum
760 873 886 912 Tuum
920 874 1203 925 typographeio
1235 873 1552 923 locupletandum
1584 876 1781 913 censuisti.
1817 897 1866 902 —

272 939 487 975 Procerihus
512 939 694 975 Lincianis
726 940 860 984 gratias
893 941 966 984 agit
993 940 1171 985 Keplerus
1203 950 1268 984 pro
1295 939 1562 982 benevolentia,
1598 951 1669 984 qua
1704 943 1874 984 acceptus
1899 942 1937 974 et

136 997 303 1033 dimissus
320 997 431 1032 fuerit
452 1008 546 1033 anno
569 998 668 1041 1628,
695 998 828 1033 exiisse
851 999 997 1043 plenum
1015 997 1158 1042 gaudio,
1185 997 1277 1041 quod
1299 997 1470 1033 retineret
1485 997 1716 1032 nihilominus
1737 998 1936 1039 „Patronos

136 1058 365 1091 consuet0s“.
419 1051 587 1102 „Omnia
617 1053 721 1091 bona
751 1064 823 1090 sua
852 1064 985 1092 secum
1021 1059 1222 1102 exportare
1263 1053 1451 1102 gloriatus
1483 1058 1541 1092 est
1573 1053 1637 1091 ille
1668 1051 1936 1102 philosophus,

142 1124 215 1162 ego
248 1123 340 1150 vero
373 1113 490 1150 etiam
522 1111 661 1149 Vestra
691 1122 842 1149 mecum
873 1116 966 1150 tunc
996 1113 1221 1160 exportavi‚
1254 1111 1432 1161 pauculis
1464 1113 1559 1148 meis
1593 1111 1754 1149 Vestrae
1786 1109 1934 1149 tutelae

141 1170 297 1217 relictis,
330 1182 406 1208 non
439 1168 620 1219 equidem
653 1174 696 1207 ut
726 1169 808 1207 Vos
841 1170 1111 1219 exspoliarem,
1145 1169 1213 1208 sed
1246 1176 1287 1207 ut
1320 1171 1459 1209 affecta
1489 1169 1730 1220 perficerem,
1763 1169 1936 1219 perfecta

136 1228 187 1266 ad
219 1240 289 1266 vos
321 1229 576 1267 remitterem:
610 1227 888 1277 Ephemerides
918 1229 988 1266 has
1022 1230 1178 1277 inquam
1211 1239 1399 1266 annorum
1432 1232 1476 1276 8,
1520 1230 1739 1266 successive
1772 1238 1937 1276 compu-

136 1292 238 1326 tatas
270 1289 367 1325 inter
398 1298 509 1325 curas
541 1286 782 1324 Tabularum
812 1285 1011 1336 Rudolphi
1053 1287 1219 1335 maj0res
1258 1287 1435 1336 interque
1479 1287 1616 1324 itinera
1653 1286 1867 1336 longinqua
1899 1290 1937 1323 et

137 1345 327 1393 diuturna,
361 1345 464 1383 domi
496 1345 614 1383 etiam
645 1356 723 1394 qua
754 1349 970 1394 temporum
994 1344 1233 1392 difficultate,
1267 1357 1382 1393 quam
1415 1344 1580 1382 infandis
1612 1344 1724 1382 malis
1755 1343 1935 1394 publicis,

135 1415 213 1442 non
256 1404 364 1443 lubet
404 1404 627 1442 meminisse
633 1430 778 1442 .....
842 1403 956 1442 Hanc
998 1409 1149 1453 partem
1191 1401 1330 1453 Operis
1369 1402 1724 1452 Ephemeridasque
1765 1401 1936 1441 nondum

136 1462 278 1510 editas,
319 1473 421 1501 nunc
453 1472 544 1500 vero
577 1460 779 1499 absolutas
811 1461 886 1500 hoc
917 1463 1001 1511 ipso
1033 1467 1225 1511 tempore,
1270 1473 1346 1510 quo
1379 1461 1429 1500 ad
1461 1461 1543 1499 Vos
1583 1473 1644 1499 me
1688 1473 1780 1500 cura
1809 1472 1934 1499 rerum

135 1533 306 1559 mearum
337 1523 375 1558 in
406 1521 609 1570 provincia
640 1519 862 1558 relictarum
895 1520 1085 1568 advocat,
1119 1521 1364 1570 praemittere
1397 1519 1524 1566 volui,
1567 1525 1608 1557 ut
1639 1520 1809 1569 proxime
1840 1519 1936 1556 sub-

136 1584 315 1618 secuturo
358 1580 463 1617 viam
495 1577 545 1617 ad
575 1579 740 1628 gratiam
773 1578 952 1617 Vestram
990 1580 1183 1629 aperirent
1220 1579 1500 1628 absentiaeque
1544 1577 1733 1616 biennalis
1764 1579 1936 1616 rationes

136 1650 182 1676 ex
238 1638 372 1676 dirent.
409 1660 459 1666 —

184 1650 233 1688 pe
271 1698 329 1733 Ad
357 1697 659 1740 ,‚revoluti0nem“
688 1697 771 1733 anni
796 1698 864 1734 hoc
890 1698 1192 1745 deprehendimus
1218 1701 1447 1733 annotatum:
1492 1695 1595 1733 Nata
1625 1698 1683 1733 est
1712 1693 1792 1732 filia
1822 1693 1936 1731 Anna

135 1753 262 1793 Maria
296 1756 360 1792 18.
393 1753 538 1803 Aprilis
570 1753 729 1802 Sagani.
789 1754 994 1804 Baptisata
1000 1783 1173 1795 ......
1206 1754 1390 1791 Patrimi:
1424 1755 1527 1792 Fran
1561 1753 1674 1791 Anna
1705 1753 1831 1790 Brisin
1864 1763 1935 1801 ge-

135 1824 254 1862 porne
295 1812 527 1857 Gellnitzin,
572 1811 699 1849 Adam
736 1812 867 1858 Brise‚
910 1813 1311 1852 Tschernhausischer
1344 1812 1594 1863 Hauptmann
1635 1823 1683 1848 zu
1712 1810 1933 1860 Hartwigs-

136 1870 302 1918 walderi,
338 1871 470 1920 Agnes
502 1869 687 1917 Wiserin‚
720 1870 820 1909 Herr
852 1870 1040 1911 Geminus
1075 1870 1234 1922 Capelle
1268 1870 1328 1908 Ol.
1364 1870 1754 1920 Giitterhauptmann.

273 1937 454 1982 Keplerus
481 1942 521 1972 ut
548 1936 773 1972 distractioni
790 1937 1073 1982 Ephemeridum
1091 1937 1315 1982 prospiceret
1334 1936 1511 1981 simulque
1537 1935 1711 1980 pecunias
1736 1935 1772 1970 in
1788 1934 1936 1969 Austria

135 1994 321 2040 superiore
347 1999 470 2030 mutuo
498 1995 600 2030 datas
627 1995 742 2038 (certe
767 1997 929 2040 usuram)
957 1998 1206 2040 extorqueret,
1240 2006 1307 2030 nec
1334 2006 1404 2029 non
1430 1999 1469 2029 ut
1494 1995 1538 2029 ab
1564 1994 1786 2037 Imperatore
1811 1992 1936 2027 Ferdi-

134 2054 253 2089 nando
271 2054 317 2088 H.
343 2058 419 2089 tum
445 2053 481 2088 in
508 2052 660 2088 comitiis
686 2052 909 2088 Ratisbonae
934 2059 1100 2089 versante
1125 2055 1336 2098 impetraret
1362 2051 1578 2087 solutionem
1603 2050 1836 2095 pecuniarum
1856 2050 1934 2094 jam

134 2112 272 2157 pridem
296 2112 366 2156 ipsi
390 2111 657 2157 promissarum,
684 2110 783 2146 initio
802 2111 968 2146 Octobris
988 2112 1128 2155 Sagano
1156 2111 1322 2147 discessit
1346 2110 1471 2147 relicta
1496 2110 1546 2145 ibi
1570 2108 1713 2152 familia,
1740 2118 1850 2153 eques
1868 2119 1934 2153 per

131 2168 291 2214 Lipsiam
318 2169 391 2212 (ubi
415 2180 480 2214 per
504 2169 642 2213 aliquot
661 2168 735 2204 dies
753 2169 848 2214 apud
872 2170 1024 2204 amicum
1042 2170 1235 2204 Mullerum
1260 2170 1558 2213 commorabatur,
1585 2171 1681 2203 certe
1707 2179 1728 2202 a
1750 2168 1801 2202 14.
1820 2176 1934 2211 usque

133 2227 180 2262 ad
205 2227 260 2264 21.
288 2227 515 2272 Octobris*))
544 2227 778 2263 Ratisbonam
802 2227 981 2272 pervenit,
1016 2227 1099 2262 hinc
1123 2227 1241 2263 iturus
1264 2228 1439 2263 Lincium.
1490 2228 1623 2262 Fessus
1658 2226 1784 2260 itinere
1809 2225 1933 2270 paucis

132 2290 216 2330 post
240 2286 434 2322 adventum
460 2286 590 2321 diebus
618 2285 818 2329 aegrotavit
843 2289 879 2320 et
904 2284 960 2320 die
985 2286 1094 2329 5.]15.
1118 2285 1329 2321 Novembris
1353 2290 1517 2321 mortuus
1543 2289 1608 2320 est.

270 2345 324 2379 De
349 2344 474 2378 morbo
501 2348 537 2378 et
563 2343 663 2378 obitu
688 2342 835 2387 Kepleri
859 2342 949 2378 haec
973 2342 1085 2378 refert
1103 2343 1302 2379 Ratisbona
1320 2343 1520 2388 Tubingam
1546 2343 1580 2378 S.
1606 2342 1762 2377 Lansius
1788 2342 1824 2376 in
1850 2341 1930 2375 lite-

134 2401 195 2445 ris,
222 2411 312 2446 quas
337 2402 373 2436 in
397 2401 575 2437 tabulario
601 2401 700 2445 regio
726 2401 999 2446 Stuttgartiensi
1016 2400 1261 2446 deprehensas
1288 2402 1485 2439 liberaliter
1503 2413 1581 2437 cum
1608 2402 1711 2438 nobis
1736 2400 1931 2438 communi-

134 2459 226 2494 cavit
250 2459 421 2494 tabularii
446 2458 651 2503 praefectus
676 2460 722 2495 D.
747 2457 922 2493 Kausler:

272 2516 376 2552 Salve
402 2521 437 2551 et
462 2521 501 2551 tu
519 2517 744 2552 literatorum
762 2521 798 2552 et
816 2517 1012 2552 amicorum
1037 2527 1196 2553 meorum
1214 2518 1395 2563 princeps,
1422 2521 1458 2553 et
1475 2527 1567 2562 quae
1593 2517 1785 2552 Fischerus
1810 2521 1932 2552 noster

131 2586 203 2610 non
227 2575 277 2609 ita
301 2575 439 2619 pridem
465 2576 508 2610 de
526 2575 650 2610 ultimo
670 2574 842 2620 Keppleri
866 2575 994 2610 itinere
1011 2576 1056 2610 ad
1082 2577 1233 2611 amicum
1252 2577 1431 2620 quendam
1449 2577 1655 2621 scripserat,
1682 2575 1806 2620 paucis
1825 2575 1931 2612 habe.

136 2633 322 2676 „Intellexi
347 2644 392 2667 ex
416 2633 529 2669 literis
554 2633 642 2678 tuis,
678 2633 808 2667 famam
835 2633 1010 2668 demortui
1035 2634 1207 2678 Keppleri
1233 2634 1328 2678 apud
1353 2644 1416 2669 vos
1442 2633 1705 2678 percrebuisse.
1745 2633 1830 2667 Dixi
1851 2634 1928 2677 Jam

134 2691 231 2735 quod
257 2691 348 2726 scire
373 2690 597 2727 desiderasti.
646 2691 731 2726 Fuit
756 2701 906 2736 nempe,
934 2691 1004 2726 fuit
1029 2695 1065 2726 et
1089 2691 1180 2727 heu!
1215 2692 1283 2727 fuit
1307 2691 1368 2727 illa
1393 2692 1545 2728 Uranies
1578 2691 1696 2727 anima
1721 2696 1757 2727 et
1780 2691 1869 2726 vixit
1892 2692 1930 2727 in

271 2796 303 2840 *)
329 2798 487 2838 Superest
512 2799 591 2829 haec
616 2798 744 2829 scidula
769 2807 809 2829 ex
833 2796 919 2829 libro
946 2796 1141 2841 amicorumi
1154 2799 1329 2829 memoriae
1355 2801 1482 2829 sacrato
1509 2799 1680 2842 desumta,
1707 2809 1807 2841 quam
1835 2800 1926 2840 Kep-

134 2844 224 2877 lerns
249 2846 385 2887 Lipsiae
409 2846 559 2885 reliquit:

547 2901 706 2936 Radices
730 2900 855 2936 dixere
880 2900 997 2945 Sophi
1020 2901 1167 2936 virtutis
1191 2911 1352 2936 amaras.

548 2947 678 2982 Dulcis
702 2951 740 2983 at
763 2947 911 2982 indultu
930 2951 1083 2991 patrum
1108 2951 1159 2983 est
1184 2947 1393 2983 academica
1417 2947 1504 2983 vita.

552 2993 581 3029 Ο
607 3004 740 3037 coecos,
767 2997 943 3038 quantum
970 2998 1022 3029 est
1040 2995 1228 3037 peccantis
1254 2995 1390 3029 amoris
1415 2994 1547 3029 inane!

271 3052 432 3088 Joannes
457 3050 647 3096 Keplerus,
675 3051 762 3094 Imp.
792 3050 892 3085 Caes.
919 3050 1136 3085 F‹·rdinandi
1162 3050 1207 3085 ΙΙ.
1233 3061 1298 3086 nec
1323 3062 1393 3085 non
1419 3050 1473 3085 Ill.
1493 3051 1604 3086 Ducis
1621 3050 1801 3086 Mechelb.
1821 3051 1924 3086 Frid-

133 3099 276 3135 landiae
302 3105 338 3134 et
364 3099 495 3143 Sagani
519 3102 605 3140 etc,
632 3096 741 3131 Ordd.
766 3097 935 3132 Austriae
962 3097 1254 3143 Supr-Anisanae
1280 3096 1570 3134 Mathematicus.
1621 3097 1757 3143 Scripsi
1781 3097 1927 3144 Lipsiae

134 3147 213 3184 XII.
241 3146 316 3186 Cal.
342 3146 515 3187 Novemb,
540 3144 644 3181 Anno
669 3143 888 3181 MDCXXX.
