2126 3388
959 149 1058 188 1604.
1812 154 1895 202 761

102 269 167 306 leri
201 270 244 306 de
269 269 360 305 libro
393 268 636 305 Christmanni
662 267 955 312 (Observationes
983 267 1145 313 Solares)
1175 269 1212 305 in
1243 269 1371 316 Optica
1403 271 1481 317 (vol.
1508 276 1550 309 ΙΙ.
1577 286 1609 318 p.
1637 273 1734 317 324),
1769 272 1896 309 eodem

102 329 194 364 forte
218 333 381 374 tempore
407 329 577 373 scriptum
605 338 674 372 quo
701 327 839 372 accepit
862 326 985 363 literas
1013 327 1270 375 Christmanni,
1301 329 1398 365 haud
1431 341 1516 367 sane
1543 330 1689 367 dubium
1713 331 1895 377 relinquit,

100 387 295 432 Keplerum
321 398 392 421 non
416 387 656 432 respondisse.
708 387 786 431 (cfr.
814 388 877 421 vol.
904 391 947 423 ΙΙ.
974 400 1004 430 p.
1031 391 1098 423 431
1125 390 1181 432 ss.)

238 445 338 481 Adiit
363 445 432 480 hoc
457 456 551 481 anno
577 446 774 491 Keplerum
801 446 1066 490 ,,Α11501111115
1092 446 1402 492 HagenIOJus“
1430 450 1738 496 (Hagenlochus)‚
1770 455 1896 496 pastor

98 509 173 540 tum
198 504 370 549 temporis
396 504 633 549 Ratisbonae,
666 509 792 549 petens
818 508 858 540 ut
884 503 952 540 sibi
976 505 1196 540 transmittat
1231 505 1392 541 themata
1417 508 1644 551 genethliaca
1669 509 1895 555 imperatoris

98 561 282 607 Rudolphi
309 562 458 607 ejusque
484 561 642 598 fratrum.
677 563 848 608 „Dabis“‚
874 563 975 599 addit
999 563 1035 598 in
1061 563 1258 599 subsidium
1275 564 1461 609 petitionis
1487 577 1582 612 suae,
1612 568 1701 609 „hoc
1717 568 1896 603 communi

98 624 243 656 nostrae
269 622 437 666 patriae„
465 622 545 667 Ego
573 622 665 657 enim
690 622 950 667 Boblingae,
978 626 1017 658 tu
1044 622 1153 667 (quod
1178 633 1223 657 ex
1248 633 1316 659 avo
1341 628 1403 660 tuo
1421 628 1571 670 paterno
1590 627 1708 662 Wilae
1725 637 1781 662 me
1799 638 1893 663 anno

98 679 189 715 ‘1594
214 679 392 714 audivisse
418 680 573 724 memini)
599 681 841 726 Magstadii
874 685 980 716 natus
1007 682 1079 716 es“.
1131 681 1268 725 Quibus
1300 682 1418 719 verbis
1450 687 1569 719 motus
1595 685 1893 721 Breitsehwertus

97 737 132 772 in
166 738 252 774 Vita
271 738 425 783 Kepleri
449 738 568 774 locum
594 750 664 783 quo
692 744 798 775 natus
825 740 871 774 sit
888 739 1067 784 Keplerus
1086 750 1157 774 non
1175 739 1317 784 Wilam,
1344 741 1408 776 sed
1424 740 1666 785 Magstadium
1692 754 1771 779 esse
1790 744 1894 789 quasi

96 800 232 831 certum
259 797 464 842 constituit,
499 798 568 832 1100
594 797 746 841 addens,
785 797 1059 841 Hagenlocbum
1085 808 1179 833 anno
1209 800 1297 835 1594
1323 799 1512 836 diaconum
1537 801 1650 837 fuisse
1674 802 1893 848 Leobergae,

95 865 208 899 quare
232 855 478 890 testimonium
502 855 612 899 hujus
638 855 702 889 viri
729 866 869 890 omnem
895 855 1155 891 dubitationem
1181 856 1320 894 tollere.
1352 858 1427 894 Nos
1453 859 1561 903 plane
1587 860 1820 896 abhorremus
1845 863 1891 898 ab

93 912 161 947 hac
187 914 375 954 sententia,
403 924 494 958 quae
520 912 609 947 nulli
634 913 694 948 alii
719 913 925 949 testimonio
950 915 1126 960 innititur,
1154 925 1259 959 quam
1285 916 1392 960 liujus
1418 917 1500 962 viri,
1530 929 1638 962 quum
1664 925 1790 954 eontra
1812 920 1892 965 ipse

94 970 272 1015 Keplerus
289 971 408 1007 Wilae
433 982 471 1006 se
497 980 622 1006 natum
649 981 727 1006 esse
755 971 850 1006 dicat
875 976 910 1006 et
928 972 1064 1018 scripta
1082 972 1227 1018 publica
1252 974 1350 1010 varia
1367 975 1511 1021 Wssam,
1538 987 1655 1021 neque
1673 977 1772 1013 ullibi
1791 979 1891 1023 Mag-

95 1030 249 1064 stadium
274 1031 427 1075 patriam
454 1041 533 1066 0550
558 1034 750 1066 testentur.
783 1030 994 1075 Leobergae
1020 1032 1168 1076 insuper
1185 1032 1442 1077 Hagenlochus
1461 1035 1673 1071 versabatur
1689 1047 1782 1071 anno
1804 1037 1889 1072 1581

91 1094 229 1124 tantum
256 1099 276 1124 a
300 1088 392 1124 festo
419 1093 646 1134 pentecostes
672 1088 707 1122 in
735 1088 827 1123 diem
851 1089 1049 1131 Michaelis,
1075 1101 1145 1136 quo
1177 1091 1233 1126 (110
1259 1091 1527 1138 Stuttgardiam,
1552 1095 1754 1130 (1111101586
1773 1095 1892 1130 Laub-

94 1146 249 1181 hemium
277 1152 312 1182 ct
338 1148 425 1182 1591
454 1147 688 1182 Ratisbonain
717 1147 958 1189 „translatus“
989 1154 1043 1183 est
1069 1149 1165 1194 [ipso
1191 1153 1283 1186 teste
1309 1151 1573 1196 Hagenlocho).
1603 1173 1644 1176 ——
1670 1152 1891 1187 Mentionem

91 1205 178 1240 facit
209 1205 468 1250 Hagenlochus
506 1205 712 1249 „geniturae
744 1205 929 1251 Rudolphi
962 1207 1076 1241 nostri
1110 1212 1144 1243 et
1178 1209 1381 1245 archiducis
1414 1210 1670 1254 Maximiliani,
1707 1222 1779 1246 una
1811 1221 1891 1246 cum

89 1264 229 1299 'Furcae
255 1263 508 1307 Mahumetis“,
535 1275 642 1308 quam
668 1264 802 1299 Paulus
829 1264 994 1300 Sutorius
1019 1266 1294 1310 Noribergensis
1320 1268 1444 1312 paucis
1470 1268 1620 1313 pagellis
1646 1269 1682 1303 in
1707 1268 1891 1313 publicum

88 1323 216 1359 emisit.
259 1322 435 1367 Keplerus
462 1322 530 1357 hoc
556 1322 691 1357 Sutorii
717 1323 889 1367 scriptum
915 1323 1071 1359 examini
1096 1324 1262 1370 subiecit,
1290 1325 1385 1370 quod
1409 1338 1445 1371 p.
1466 1329 1533 1363 300
1551 1337 1596 1362 ss.
1625 1326 1863 1362 exhibuimus.

225 1381 330 1416 Initio
363 1381 446 1417 anni
478 1381 600 1416 retulit
626 1380 805 1425 Keplerus
834 1381 1043 1416 Conrado
1079 1383 1321 1420 Gerhardo
1357 1384 1537 1430 medico*)
1571 1384 1614 1420 (10
1641 1385 1769 1421 studiis
1804 1386 1889 1431 suis,

89 1440 149 1485 qui
167 1441 430 1475 Donauverdae
450 1440 643 1476 Novembri
661 1440 867 1484 respondit:
894 1440 1038 1475 Literae
1055 1445 1139 1477 tuae
1158 1442 1180 1476 J
1184 1443 1330 1478 anuario
1349 1442 1458 1487 hujus
1477 1443 1560 1478 anni
1578 1442 1682 1478 datae
1701 1447 1736 1478 et
1754 1443 1889 1479 alterae

89 1505 171 1535 ante
203 1499 386 1534 biennium
420 1499 577 1544 scriptae
610 1499 696 1533 mihi
728 1498 883 1534 fideliter
914 1503 999 1535 sunt
1038 1499 1213 1537 redditae.
1270 1501 1500 1547 Quapropter
1532 1512 1573 1536 ea
1609 1505 1645 1536 te
1681 1513 1766 1537 cura
1792 1513 1887 1538 nunc

86 1558 218 1604 libero,
252 1569 357 1602 quam
393 1558 436 1592 de
461 1559 724 1604 interceptione
758 1557 795 1593 in
828 1557 1002 1603 proximis
1037 1558 1150 1594 literis
1186 1560 1350 1605 gerebas.
1399 1562 1454 1595 De
1487 1561 1749 1596 restauratione
1777 1561 1887 1596 totius

86 1617 325 1652 astronomiae
352 1616 449 1662 quod
476 1617 613 1661 scribis,
639 1616 871 1651 vehementer
894 1615 1034 1660 placuit
1060 1620 1096 1651 et
1120 1627 1218 1663 rogo,
1246 1628 1376 1663 pergas
1401 1619 1608 1655 inchoatum
1627 1630 1717 1664 opus
1743 1619 1787 1654 ad
1807 1630 1887 1664 per-

86 1675 278 1711 fectionem
304 1676 482 1711 deducere
507 1686 627 1718 suam,
662 1675 842 1720 despectis
877 1676 922 1710 ab
948 1675 1021 1710 alto
1049 1675 1196 1720 ceteris,
1225 1677 1254 1711 si
1280 1677 1341 1721 qui
1366 1677 1423 1712 vel
1447 1677 1491 1712 ab
1518 1677 1602 1712 aula
1627 1677 1685 1713 vel
1709 1688 1729 1712 a
1753 1687 1887 1722 genere

84 1734 374 1779 praedecessoris
399 1735 463 1769 tibi
490 1734 626 1770 obicem
653 1743 788 1778 ponere
813 1733 990 1768 nituntur.
1033 1734 1146 1770 Nemo
1172 1745 1322 1779 magnus
1348 1736 1424 1771 sine
1450 1736 1582 1772 invidia
1606 1737 1724 1772 factus
1751 1741 1806 1772 est
1822 1749 1887 1772 un-

85 1803 203 1837 quam.
252 1793 433 1829 Provocas
458 1803 514 1828 me
539 1797 729 1838 praeterea
754 1793 790 1828 in
815 1803 961 1828 arenam
987 1796 1023 1828 et
1041 1797 1224 1829 certamen
1243 1793 1350 1829 offers
1369 1793 1413 1829 de
1432 1794 1647 1829 certitudine
1666 1795 1752 1830 artis
1771 1799 1888 1830 astro-

82 1851 222 1885 nomiae
249 1855 283 1886 et
311 1851 482 1896 chymiae.
508 1853 581 1886 sive
609 1852 715 1886 etiam
733 1851 932 1886 medicinae
936 1877 1054 1886 .....
1103 1851 1209 1887 Mitte
1234 1852 1320 1886 mihi
1346 1862 1457 1897 opera
1482 1856 1545 1888 tua
1571 1853 1699 1898 omnia,
1724 1853 1886 1898 inprimis

82 1918 171 1942 aveo
197 1908 317 1943 videre
342 1910 611 1954 prognosticum
644 1914 747 1945 tuum
778 1910 815 1945 in
840 1913 974 1946 annum
1006 1909 1178 1946 futurum.
1226 1910 1344 1955 Hujus
1370 1911 1463 1945 enim
1489 1911 1573 1947 anni
1602 1912 1886 1957 prognosticum,

82 1966 179 2011 quod
203 1966 289 2001 1111111
314 1967 491 2012 principio
518 1969 602 2003 anni
629 1969 794 2014 miseras,
830 1969 874 2004 ob
912 1974 1029 2006 certas
1056 1975 1312 2016 tempestatum
1344 1971 1608 2016 praedictiones
1642 1981 1729 2016 prae
1755 1970 1884 2006 ceteris

82 2025 246 2061 omnibus
278 2026 365 2061 mihi
396 2027 547 2072 placuit3
584 2028 714 2074 quodsi
744 2028 857 2064 futuri
888 2031 972 2065 anni
999 2030 1071 2066 tale
1107 2032 1192 2077 erit,
1225 2035 1434 2068 veteranum
1459 2034 1495 2066 te
1520 2029 1630 2065 facies
1657 2033 1692 2065 et
1719 2029 1883 2064 Caesium

84 2083 267 2118 novitium.

217 2143 419 2180 Praemissa
444 2155 488 2180 ex
515 2145 678 2190 epistolis
705 2146 751 2182 ad
768 2146 965 2192 Keplerum
991 2146 1084 2183 datis
1110 2147 1275 2182 dcsumta
1300 2146 1516 2182 'adumbrant
1540 2146 1803 2192 quadamtenus
1830 2157 1882 2190 ea,

81 2212 172 2246 quac
205 2203 275 2238 hoc
300 2205 393 2238 anno
419 2203 456 2238 in
481 2204 609 2239 studiis
635 2205 790 2250 profecit
815 2209 852 2241 et
877 2216 948 2251 quo
975 2206 1034 2241 alii
1066 2206 1185 2251 ipsum
1217 2205 1395 2242 coluerint
1426 2216 1547 2241 amore
1582 2205 1637 2241 vel
1670 2206 1881 2241 reverentia.

79 2261 120 2295 In
138 2261 312 2306 epistolis,
339 2272 431 2305 quae
450 2267 654 2307 supersunt,
680 2263 724 2298 ab
750 2263 829 2309 ipso
855 2263 924 2299 hoc
949 2274 1043 2299 anno
1062 2264 1217 2309 seriptis,
1243 2265 1333 2300 haee
1351 2268 1544 2300 occurrunt
1560 2269 1688 2301 notatu
1707 2265 1881 2310 digniora.

81 2320 168 2354 Cum
191 2319 337 2355 Fabri
352 2319 424 2354 cio
448 2321 617 2355 tractavit
641 2322 768 2357 Martis
794 2321 986 2368 theoriam,
1012 2323 1125 2367 magis
1149 2323 1336 2367 magisque
1354 2335 1424 2368 quo
1443 2324 1561 2359 exitus
1586 2326 1710 2368 pateat
1734 2334 1881 2367 cognos-

79 2386 163 2411 cens
196 2379 264 2418 (cfr.
302 2389 423 2411 annum
452 2382 541 2414 1603
575 2386 606 2412 et
637 2383 702 2414 vol.
729 2383 787 2415 111.
822 2394 855 2424 p.
882 2384 925 2415 87
953 2381 1029 2427 ss.);
1065 2380 1182 2425 qualis
1212 2381 1283 2426 ipsi
1316 2382 1424 2417 fuerit
1455 2381 1547 2417 ratio
1584 2392 1664 2417 cum
1698 2382 1879 2427 Tychonis

78 2435 307 2480 haeredibus,
334 2436 388 2471 his
414 2436 543 2473 refert:
572 2435 839 2487 Tengnaglius
871 2438 1013 2488 accipit
1044 2439 1252 2487 quotannis
1283 2437 1409 2488 111111ος
1442 2438 1505 2476 1110
1537 2437 1667 2486 vellet,
1701 2449 1761 2476 me
1783 2439 1877 2475 meis

216 2559 246 2600 *)
273 2561 473 2600 Gerhardus,
500 2562 844 2603 Wiirttembergensis,
871 2575 945 2595 cum
971 2565 1114 2606 Keplcro
1141 2566 1310 2605 Tubingae
1336 2565 1452 2596 literas
1479 2566 1651 2603 traetavit3
1684 2574 1701 2595 a
1725 2565 1877 2606 principe

79 2607 327 2638 Kirebheinium
354 2612 385 2637 ct
410 2608 569 2639 Teckium
596 2613 732 2640 vocatus
760 2614 791 2641 et
816 2612 950 2643 thermis
976 2612 1091 2643 Bollae
1115 2613 1303 2653 praefectus
1329 2616 1389 2644 est.
1423 2611 1530 2643 Simul
1557 2612 1720 2650 chymiam
1747 2610 1877 2642 colebat

78 2664 176 2695 quani
198 2655 239 2684 ob
258 2664 325 2684 rem
343 2653 576 2692 Stnttgartiam
593 2658 768 2688 arcessitus
788 2662 846 2695 051,
878 2662 934 2697 „ut
951 2660 1095 2698 adesset,
1124 2668 1187 2698 quo
1206 2661 1381 2700 praecipue
1398 2660 1433 2689 in
1452 2658 1610 2699 chymicis
1636 2659 1789 2698 princeps
1814 2668 1874 2699 pro

79 2701 268 2731 consiliario
295 2701 461 2731 uteretur“
490 2703 758 2739 (1598—1603).
795 2703 878 2734 Cum
904 2705 1082 2746 Theologis
1111 2706 1491 2744 Wiirtteinbergensibus
1518 2705 1558 2734 eb
1584 2703 1683 2734 fidem
1701 2709 1875 2745 suspectus

79 2751 174 2787 esset,
202 2748 355 2788 princeps
383 2757 419 2777 co
446 2747 582 2778 adactus
608 2752 666 2783 est„
694 2754 728 2779 ut
754 2759 827 2780 eum
853 2752 895 2781 ab
923 2750 1031 2782 officio
1051 2762 1108 2782 suo
1135 2756 1327 2785 removeret.
1358 2750 1499 2792 Keplero
1519 2751 1651 2791 scripsit
1667 2760 1754 2781 anno
1775 2753 1874 2791 1603,

77 2797 208 2833 petens,
248 2798 303 2832 „ut
330 2797 456 2823 tantum
490 2796 590 2824 veteri
625 2798 754 2826 nostrae
788 2798 955 2827 amicitiae
986 2799 1113 2828 tribuas
1147 2802 1178 2827 et
1204 2799 1358 2838 nuncies,
1393 2798 1421 2828 si
1446 2806 1566 2827 munus
1599 2796 1717 2827 medici
1744 2797 1874 2839 Pragae

77 2844 209 2870 vacaret
234 2844 289 2870 aut
314 2841 492 2880 imperator
517 2841 679 2871 medicum
714 2842 917 2874 desideraret
950 2848 1112 2874 versatum
1144 2845 1178 2874 in
1214 2845 1310 2875 rebus
1347 2844 1516 2882 chymicis.
1566 2842 1682 2884 Neque
1708 2843 1874 2876 illibenter

76 2885 133 2916 tali
161 2888 193 2916 in
219 2886 292 2917 1000
319 2896 433 2923 essem,
463 2888 521 2917 ubi
547 2888 581 2917 in
606 2886 765 2925 religione
792 2888 883 2919 nulla
908 2894 1057 2920 movetur
1083 2889 1298 2922 difficultas&
1340 2890 1444 2920 Paulo
1470 2892 1547 2930 post
1564 2891 1700 2920 nunciat
1717 2891 1872 2934 Keplero,

77 2943 110 2963 se
136 2934 386 2964 Douauwerdae
411 2934 615 2964 functionem
640 2934 761 2965 medici
787 2940 999 2966 consecutum
1024 2946 1105 2968 esse.
1138 2937 1255 2974 Qualis
1280 2937 1380 2967 fuerit
1404 2937 1584 2975 chymicus,
1602 2945 1640 2966 ex
1659 2936 1709 2966 1115
1726 2939 1871 2973 patebit:

82 2980 322 3019 „Stuttgartiae
348 2981 461 3010 retulit
486 2980 567 3010 mihi
594 2990 678 3011 unus
705 2991 744 3011 ex
770 2981 1000 3013 laborantibus
1026 2983 1197 3024 principis,
1224 2984 1369 3024 equitem
1393 2981 1610 3013 Malthensem
1635 2981 1792 3014 Millefels
1818 2985 1871 3015 in-

77 3027 205 3056 venisse
230 3027 463 3067 pulvisculum⁷
490 3026 580 3067 quod
599 3029 783 3066 quantitate
802 3029 867 3069 pisi
886 3038 924 3059 ex
946 3031 967 3060 4
987 3031 1104 3060 mareis
1122 3029 1252 3070 plumbi
1276 3030 1419 3060 effecerit
1443 3031 1465 3061 4
1482 3038 1608 3060 mareas
1633 3030 1717 3062 auri.
1758 3028 1871 3062 Habes

76 3073 130 3102 hie
155 3073 386 3103 certitudinem
413 3074 570 3113 ehymffle,
596 3083 683 3115 quae
709 3084 749 3105 ex
774 3077 979 3107 astronomia
1010 3077 1145 3109 refutari
1177 3085 1245 3108 non
1268 3076 1415 3118 potest.“
1464 3076 1645 3109 Joecherus
1670 3077 1767 3109 refert
1792 3077 1871 3110 Ger-

74 3119 212 3165 bardum
239 3129 324 3151 anno
352 3121 441 3153 1616
466 3121 780 3160 Argentoratensem
803 3123 981 3158 medicum.
