2126 3388
179 196 291 244 1020
850 199 933 236 Vita
956 198 979 236 J
981 197 1106 234 oannis
1130 196 1287 244 Kepleri,

176 317 481 369 Paralipomenis
513 317 562 355 ad
595 316 844 356 Vitellionem
876 330 994 366 quam
1025 317 1072 356 de
1102 318 1361 356 astronomiae
1401 320 1510 367 parte
1542 317 1695 368 optica“
1734 323 1815 357 erat
1845 319 1956 358 solli-

178 378 286 414 citus.
351 375 502 426 „Locus
533 376 710 423 imaginis
733 376 825 412 mihi
847 377 1046 425 negotium
1077 375 1314 423 facessebat3
1347 376 1434 415 vici.
1479 375 1626 413 Natura
1656 375 1751 414 lucis
1782 378 1957 416 rimanda

179 435 272 471 suit:
305 433 404 469 hanc
435 434 596 470 tractavi
629 433 883 472 mediocriter.
948 433 1093 471 Oculus
1124 432 1314 472 secundus
1347 438 1447 480 erat,
1481 432 1709 482 perlustravi
1741 440 1955 474 anatomos.

177 492 438 529 Retractiones
470 490 710 528 metiendae:
742 491 804 529 hic
834 492 984 531 haereo.
1035 491 1141 529 Deus
1172 491 1295 528 bone!
1329 489 1454 538 Quam
1486 491 1637 528 occulta
1668 493 1810 529 ratio!“
1845 493 1955 531 Haec

178 561 223 586 ex
256 547 418 597 epistola
449 547 496 584 ad
527 547 768 586 Herwartum
802 549 892 587 data
923 561 1053 587 mense
1085 549 1191 597 Majo
1227 552 1347 586 1603.
1380 560 1567 586 summam
1600 548 1781 587 exhibent
1813 561 1955 597 eorum,

179 617 276 654 quae
309 606 505 642 continent
536 608 662 655 capita
695 606 856 646 I.-—VI.
891 606 1052 657 Opticae
1084 605 1254 656 Kepleri,
1289 607 1415 655 capita
1447 606 1670 644 VIL—XI.
1703 610 1958 647 astronomica

176 668 354 706 tractant,
389 675 488 711 quae
521 675 566 700 ex
600 668 705 713 parte
732 665 815 713 jam
847 676 946 703 anno
972 656 1104 703 1598.
1136 668 1262 702 mente
1294 671 1531 714 conceperat.

314 720 370 756 Ex
402 732 516 770 opere
547 723 631 771 ipso
652 722 749 760 haec
770 722 1007 773 excerpenda
1028 724 1245 760 censuimus
1268 724 1404 771 partim
1425 733 1539 768 nova,
1573 723 1709 771 partim
1740 724 1959 772 antiquiora

175 779 213 815 in
244 777 380 815 melius
412 790 523 816 versa
555 779 617 817 vel
647 781 809 829 primum
832 782 901 818 rite
925 780 1197 818 demonstrata.
1242 779 1495 817 Definitiones
1521 779 1626 825 lucis,
1660 780 1809 827 coloris,
1834 783 1956 831 opaci,

176 835 361 886 pellucidi
393 840 463 873 etc.
498 836 546 874 ad
577 839 731 875 modum
763 839 952 885 Euclidis,
996 839 1126 875 Pisani
1160 837 1220 875 vel
1257 838 1477 875 Vitellionis
1508 833 1671 887 <majore
1704 850 1748 876 ex
1779 845 1888 888 parte
1919 841 1956 876 in

179 894 484 943 propositionum
517 895 637 932 forma
669 907 752 933 cum
787 895 1195 945 demonstrationibus)
1225 897 1539 944 praemittuntur;
1583 896 1657 933 luci
1690 897 1868 933 tribuitur
1898 898 1959 933 in-

175 952 281 988 finita
303 950 497 999 celeritas;
530 952 699 990 densitas
721 954 816 991 lucis
839 956 875 991 in
898 955 1087 992 contraria
1110 959 1167 991 est
1188 955 1335 991 ratione
1356 953 1640 1003 sphaericarum
1661 953 1957 1004 superficierum,

176 1009 314 1056 quibus
347 1010 452 1057 origo
483 1009 579 1048 lucis
612 1017 780 1048 centrum
805 1018 873 1051 est.
921 1013 1209 1050 Demonstratio
1242 1011 1508 1049 theorematis:
1546 1023 1816 1061 „repercussus
1846 1012 1887 1049 fit
1909 1013 1957 1050 ad

177 1065 359 1115 aequales
391 1067 555 1116 angulos
578 1069 625 1106 ad
648 1069 750 1107 latus
772 1070 959 1108 alterum“
993 1069 1208 1108 absolvitur
1229 1069 1493 1118 componendo
1517 1075 1661 1106 motum
1694 1071 1729 1105 in
1754 1070 1958 1120 perpendi-

177 1124 343 1162 cularem
367 1130 403 1162 et
424 1126 662 1176 parallelum,
696 1127 869 1166 adhibito
901 1132 1027 1165 motus
1059 1127 1208 1176 globuli
1240 1139 1380 1176 aquam
1404 1126 1558 1175 oblique
1579 1128 1749 1165 ferientis
1772 1128 1959 1178 exemplo,

174 1183 420 1220 sicut''etiam
454 1183 571 1231 libra,
614 1186 679 1222 ubi
713 1186 1031 1236 deprehendimus
1064 1187 1174 1234 quasi
1207 1185 1608 1235 parallelogrammum
1642 1187 1801 1233 virium,
1844 1186 1959 1235 quale

174 1239 288 1278 hodie
320 1242 359 1276 in
391 1253 462 1278 usu
496 1247 553 1280 est
583 1243 766 1293 physicis.

313 1299 494 1347 Figuram
535 1300 632 1338 lucis
666 1300 766 1338 Solis
800 1313 867 1351 per
907 1301 1065 1349 aliquod
1106 1301 1276 1339 foramen
1315 1301 1352 1337 in
1393 1300 1520 1338 locum
1563 1300 1807 1338 obscuratum
1839 1302 1961 1339 intro-

180 1357 320 1394 missae
353 1368 573 1405 aggressus,
614 1371 636 1396 a
667 1361 818 1397 nemine
851 1358 942 1396 dicit
973 1359 1165 1409 Keplerus
1205 1359 1376 1408 legitime
1409 1358 1711 1397 demonstratum
1751 1370 1854 1406 esse,
1895 1371 1961 1397 cur

174 1414 240 1452 ille
275 1413 455 1462 „radius“
501 1416 674 1453 circulari
715 1418 836 1454 forma
868 1422 1062 1467 appareat.
1126 1417 1290 1454 Causam
1333 1416 1448 1465 hujus
1485 1417 1733 1466 apparentiae
1765 1418 1961 1466 inquirens

174 1471 247 1510 hoc
279 1473 536 1522 experimento
569 1486 660 1512 usus
692 1480 761 1513 est.
804 1476 860 1512 Ex
883 1475 1036 1524 angulis
1066 1475 1152 1512 libri
1176 1476 1289 1527 („qui
1312 1479 1413 1512 esset
1443 1474 1529 1511 loco
1560 1474 1723 1512 lucentis
1750 1472 1962 1527 corporis“)

173 1529 238 1566 fila
269 1542 335 1579 per
364 1531 534 1569 foramen
567 1533 849 1582 multangulum
881 1535 917 1569 in
950 1534 1211 1583 pavimentum
1235 1534 1335 1570 circa
1366 1533 1562 1570 foraminis
1596 1533 1777 1570 terminos
1799 1535 1962 1570 circum-

176 1587 303 1637 duxit3
344 1589 497 1637 singula
538 1589 602 1627 fila
641 1603 685 1628 ex
718 1591 869 1640 angulis
911 1590 997 1628 libri
1039 1590 1154 1629 ducta
1189 1591 1440 1628 imitabantur
1477 1592 1514 1626 in
1544 1591 1766 1640 pavimento
1798 1590 1959 1639 figuram

175 1646 385 1693 foraminis,
420 1649 547 1685 omnia
578 1659 669 1686 vero
702 1650 817 1686 simul
849 1654 975 1686 sumta
1005 1648 1167 1698 figuram
1189 1649 1289 1688 libri.
1334 1649 1467 1686 Patuit
1488 1649 1629 1696 itaque,
1664 1659 1887 1686 concurrere
1908 1649 1958 1687 ad

176 1703 377 1751 problema
400 1705 740 1744 demonstrandum
763 1707 924 1756 figuram
946 1707 1109 1744 lucentis
1132 1708 1313 1756 corporiS,
1337 1708 1374 1742 in
1398 1705 1488 1743 Sole
1511 1708 1641 1754 itaque
1663 1706 1959 1755 rotunditatem3

171 1762 247 1799 tale
270 1762 359 1810 quid
380 1764 524 1811 priores
549 1770 787 1802 astronomos
812 1766 1039 1802 observasse
1060 1767 1096 1801 in
1116 1765 1215 1802 Solis
1239 1764 1461 1810 defectibus,
1476 1764 1602 1813 specie
1623 1763 1724 1801 Solis
1747 1763 1959 1802 deficientis

172 1831 237 1868 per
258 1827 460 1868 angustum
491 1822 659 1859 foramen
681 1827 845 1873 recepta.
894 1823 1206 1869 „Demonstratio
1230 1834 1321 1859 vero
1344 1822 1458 1870 hujus
1491 1822 1736 1858 theorematis
1759 1833 1844 1859 cum
1865 1834 1960 1860 auc-

172 1883 273 1914 tores
300 1879 457 1928 sugeret,
489 1879 632 1917 factum
664 1886 741 1927 est,
774 1885 815 1918 ut
847 1880 1070 1918 theoremati
1103 1882 1185 1918 sine
1216 1879 1446 1918 limitatione
1478 1879 1674 1917 credentes
1706 1881 1743 1915 in
1774 1891 1956 1928 magnum

171 1947 334 1974 errorem
365 1937 611 1975 inciderent.“
656 1937 954 1976 Observationes
987 1941 1087 1976 enim
1116 1938 1314 1989 eclipsium
1340 1949 1423 1975 cum
1456 1937 1563 1974 coelo
1595 1948 1669 1974 non
1703 1939 1958 1976 consensisse.

173 1992 297 2041 Quam
320 1995 368 2031 ob
409 2007 565 2032 causam
597 1996 787 2046 Keplerus
820 1997 1183 2034 demonstrationem
1221 1996 1431 2045 legitimam
1463 1996 1648 2041 instituit,
1681 2006 1905 2044 progressus
1936 2009 1960 2034 a

170 2051 320 2090 lucente
342 2059 482 2102 puncto
515 2059 551 2092 et
582 2054 748 2092 fenestra
766 2055 982 2103 majuscula
1002 2054 1049 2091 ad
1072 2054 1231 2103 figuram
1253 2055 1417 2092 lucentis
1439 2055 1607 2103 corporis
1629 2064 1898 2102 quamcunque
1921 2059 1959 2092 et

171 2110 373 2147 fenestram
405 2112 443 2147 in
476 2117 655 2161 puuctum
689 2117 919 2162 permutans.
964 2111 1113 2160 Quibus
1144 2114 1215 2150 rite
1243 2111 1510 2150 demonstratis
1543 2110 1753 2148 concludit:
1789 2111 1959 2163 „Figura

171 2167 266 2204 radii
288 2169 324 2203 in
355 2169 500 2218 pariete
533 2170 776 2207 confunditur
796 2182 841 2207 ex
872 2170 1034 2208 lucentis
1067 2172 1220 2208 inversa
1253 2175 1290 2207 et
1310 2170 1498 2208 fenestrae
1521 2168 1664 2206 directa
1693 2169 1854 2216 figura.“
1897 2169 1958 2206 Ad

175 2225 334 2274 figuram
367 2228 507 2276 speciei
540 2228 675 2265 solaris
707 2229 744 2264 in
777 2228 985 2278 eclipsibus
1016 2230 1204 2266 transiens
1237 2228 1491 2266 demonstrat:
1537 2237 1707 2275 „cornua
1738 2237 1813 2263 non
1845 2232 1887 2264 ut
1918 2229 1957 2264 in

174 2284 282 2321 coelo
315 2290 439 2328 acuta,
472 2285 539 2323 sed
572 2288 607 2322 in
641 2286 821 2324 obtusum
845 2285 1001 2324 reducta
1023 2283 1234 2335 apparent“
1269 2292 1323 2323 et:
1360 2285 1571 2337 „diameter
1592 2284 1726 2322 Lunae
1757 2285 1794 2321 in
1817 2284 1956 2333 hujus-

172 2341 276 2379 modi
306 2342 413 2379 radio
445 2341 602 2394 (specie)
635 2345 757 2381 minor
788 2349 960 2393 apparet,
993 2344 1103 2393 digiti
1135 2343 1300 2394 ecliptici
1332 2344 1554 2393 pauciores,
1588 2354 1704 2391 quam
1735 2343 1773 2378 in
1806 2342 1952 2381 coelo.“

171 2398 242 2436 His
281 2400 469 2438 immiscet
508 2401 697 2451 Keplerus
739 2401 1102 2439 demonstrationem
1140 2403 1449 2452 apparentiarum
1491 2402 1528 2437 in
1574 2411 1752 2452 „camera
1793 2397 1951 2438 clausa“

173 2457 379 2503 Portae,
415 2470 556 2507 „quam
589 2464 707 2496 artem
739 2461 770 2496 is
801 2461 962 2509 primus,
1006 2459 1108 2509 quod
1141 2461 1276 2507 sciam,
1320 2458 1476 2497 tradidit
1507 2458 1740 2506 Magiaeque
1772 2457 1958 2496 naturalis

170 2526 245 2552 non
286 2517 481 2554 minimam
514 2523 658 2566 partem
689 2518 790 2555 fecit.
852 2517 927 2555 Sed
967 2519 1200 2568 experientia
1237 2522 1439 2556 contentus
1478 2516 1842 2554 demonstrationem
1879 2527 1955 2553 non

172 2571 358 2610 addidit.“

307 2631 351 2667 In
397 2631 679 2680 „fundamentis
718 2632 1012 2682 Catoptr·icae“,
1055 2645 1170 2682 quam
1213 2634 1338 2682 capite
1376 2632 1447 2672 ΙΙΙ.
1490 2631 1710 2680 aggreditur
1751 2630 1956 2681 Keplerus,

173 2690 354 2736 queritur,
387 2690 489 2737 quod
523 2692 640 2739 optici
671 2702 694 2728 a
725 2702 838 2728 sensu
871 2696 1016 2740 petant,
1050 2690 1153 2738 quod
1185 2696 1222 2729 et
1253 2693 1377 2740 ipsum
1401 2688 1738 2729 demonstrandum
1761 2690 1821 2735 sit,
1854 2689 1956 2727 unde

171 2747 280 2782 multi
311 2758 454 2784 errores
486 2749 639 2785 trahant
671 2749 870 2797 originem.
926 2748 1199 2800 „Supplendus
1231 2750 1347 2797 igitur
1379 2754 1416 2786 et
1446 2749 1508 2785 hic
1538 2747 1658 2793 locus,
1692 2746 1954 2796 dispellendae

171 2804 352 2850 nebulae,
393 2810 435 2842 ut
467 2805 532 2842 Sol
577 2807 749 2843 veritatis
791 2807 930 2843 clarius
971 2807 1203 2845 elucescat.“
1267 2806 1377 2854 Quae
1409 2805 1587 2844 Euclides
1629 2816 1792 2853 eumque
1833 2805 1956 2842 secuti

175 2861 395 2899 Alhazenus
428 2868 465 2900 et
498 2863 656 2901 Vitellio
688 2864 734 2901 de
766 2864 923 2914 speculo
956 2863 1071 2912 plano
1105 2865 1265 2913 ejusque
1307 2864 1506 2902 effectibus
1539 2864 1749 2912 proferant,
1788 2873 1834 2899 ea
1870 2873 1955 2900 esse

172 2921 307 2967 partim
337 2920 451 2969 plane
484 2921 593 2967 falsa,
626 2923 762 2971 partim
795 2923 907 2959 nimis
941 2923 1102 2959 obseura
1135 2922 1330 2959 contendit
1361 2922 1563 2972 Keplerus.
1605 2920 1664 2957 Ad
1699 2930 1855 2967 „veram
1888 2919 1957 2957 de-

173 2976 512 3014 monstrationem“
539 2981 748 3028 praemittit
768 2981 1050 3029 propositiones
1073 2982 1221 3029 (potius
1244 2980 1502 3028 definitiones)
1527 2979 1572 3016 de
1594 2979 1771 3026 imagine,
1806 2978 1955 3014 visione

175 3039 212 3070 et
243 3034 375 3080 oculo,
409 3047 504 3083 quas
537 3038 661 3086 capite
694 3037 739 3075 V.
771 3040 908 3086 repetit
940 3042 977 3074 et
1007 3038 1179 3087 pluribus
1218 3037 1406 3087 explicat3
1438 3037 1526 3074 hinc
1557 3037 1691 3073 transit
1721 3034 1770 3071 ad
1800 3036 1958 3083 specula

174 3089 300 3139 plana,
333 3092 534 3141 sphaerica
566 3105 741 3131 convexa
771 3100 809 3132 et
842 3106 1026 3141 concava,
1061 3107 1160 3143 quae
1192 3096 1310 3133 verbo
1334 3100 1483 3132 tantum
1509 3094 1673 3140 attingit,
1707 3091 1856 3129 dicens:
1894 3094 1956 3137 „in

175 3150 353 3186 concavis
385 3149 485 3188 idem
518 3152 579 3198 (ut
608 3153 646 3189 in
679 3151 878 3203 convexis)
923 3152 1203 3191 demonstratur
1239 3154 1276 3190 in
1310 3154 1552 3191 contrarium.
1615 3150 1712 3188 Nam
1743 3152 1957 3189 contrario-
