2126 3388
924 138 1024 178 1619.
1788 141 1871 187 871

78 258 275 299 recideret.
337 258 440 309 Quin
480 260 557 299 imo
599 259 753 299 dabitur
783 259 879 298 mihi
909 260 1220 311 intelligendum,
1264 260 1567 300 renunciandum
1597 261 1693 300 mihi
1723 261 1874 312 profes-

79 320 179 356 sioni
211 320 514 367 astronomicae,
555 323 763 369 postquam
796 319 880 368 jam
911 319 989 358 sere
1021 321 1206 359 consenui
1245 321 1283 357 in
1315 320 1431 369 hujus
1462 320 1655 369 dogmatis
1687 319 1874 367 doctrina,

78 377 229 415 nemine
270 381 348 414 tam
381 376 447 415 diu
479 377 786 423 contradicente,
829 376 1064 426 tandemque
1096 377 1397 417 renunciandum
1429 380 1502 428 ipsi
1533 379 1758 428 provinciae
1788 378 1874 416 Au-

78 437 214 483 striae,
247 436 279 472 si
311 436 349 472 in
381 447 427 474 ea
458 447 534 474 non
566 438 615 473 sit
647 436 797 473 futurus
828 435 936 474 locus
968 435 1137 474 libertati
1179 436 1519 486 philosophicae..
1544 465 1552 474 .
1578 467 1585 474 .
1637 436 1876 476 Harmonica

79 494 242 543 paginas
266 497 317 531 83
351 493 562 532 habebunt.
611 493 898 543 Typographus
918 494 1266 542 Francosurtensis,
1300 496 1365 544 qui
1397 500 1548 533 sumtus
1580 494 1674 532 mihi
1695 494 1875 541 refundit,

78 553 259 590 aestimat
288 552 481 602 exemplar
514 549 595 603 2¹s,
628 552 782 590 florenis
813 552 1067 591 Francosurti.
1130 553 1282 591 Desunt
1313 554 1405 591 mihi
1445 552 1573 591 adhuc
1603 552 1760 602 pauculi
1793 554 1878 604 typi

79 609 268 648 inserendi
275 638 414 649 .....
478 609 578 658 Quia
600 610 802 659 Copernici
834 612 1027 649 sententia
1048 610 1264 650 defenditur
1285 611 1516 649 alternative
1543 611 1657 660 juxta
1677 611 1878 662 Tychoni-

79 680 175 715 cam,
212 674 249 706 et
281 670 372 718 quia
403 669 577 717 superior
611 668 767 706 Austria
790 680 855 707 rea
877 670 1015 718 agitur,
1050 670 1088 705 in
1120 669 1230 718 quus
1261 671 1419 708 servitio
1450 668 1615 719 perduro
1646 671 1877 717 necessario,

79 728 171 775 quia
200 737 314 764 nemo
347 729 553 775 quicquam
576 732 775 775 praeterea
797 726 916 764 solvit
947 726 1048 765 unde
1083 728 1234 764 vivam:
1279 727 1338 765 his
1372 727 1419 766 de
1450 728 1577 765 causis
1608 727 1755 774 dubito,
1785 739 1878 766 num

80 785 239 822 offeram
271 785 467 834 exemplar
503 784 716 834 (archiduei
746 784 978 835 Leopoldo).
1044 784 1191 833 Quodsi
1231 787 1386 823 omnino
1429 784 1688 833 offerendum,
1732 797 1877 835 quaero

81 850 210 881 utrum
241 854 328 881 cum
362 842 625 890 dedicatione,
669 854 768 892 quae
809 843 902 880 mihi
936 843 1089 880 demum
1121 848 1179 880 est
1210 843 1473 892 exspectanda
1504 843 1758 882 Francofurto
1791 856 1878 883 cum

78 903 173 951 ipsis
205 902 322 939 etiam
353 903 455 952 typis
488 902 642 948 aeneis,
686 913 802 949 quam
836 900 980 939 audisti
1012 913 1058 939 ex
1092 907 1182 939 voto
1214 901 1295 939 fieri
1334 903 1415 951 regi
1448 901 1636 950 Angliae,
1669 913 1717 940 an
1748 903 1879 952 potius

79 961 231 997 mittam
271 961 354 998 sine
394 958 470 997 ea?
524 959 747 1009 Ephemeris
789 961 1036 1009 imprimitur,
1081 959 1251 997 nondum
1296 959 1382 1010 plus
1419 971 1497 998 una
1538 960 1683 1010 pagina
1723 961 1879 1000 confec-

80 1026 160 1056 tum
192 1022 264 1056 est.

216 1085 376 1119 Remus
403 1084 604 1128 rescripsit,
643 1094 714 1118 non
746 1094 826 1119 esse
859 1084 955 1128 quod
988 1085 1057 1120 sibi
1091 1085 1215 1119 timeat
1241 1084 1421 1129 Keplerus
1454 1094 1520 1119 nec
1550 1084 1586 1119 in
1611 1084 1718 1120 Italia
1750 1085 1878 1121 necin

80 1143 235 1186 Austria,
271 1142 398 1185 „modo
434 1153 472 1177 se
504 1143 598 1178 iutra
624 1142 754 1177 limites
790 1153 874 1177 suos
900 1143 1084 1179 contineat
1108 1147 1143 1177 et
1170 1142 1361 1178 affectibus
1391 1142 1549 1187 propriis
1579 1143 1764 1188 imperet“.
1793 1143 1883 1187 (Cfr.

79 1202 148 1238 vol.
175 1201 236 1237 VI.
262 1214 297 1246 p.
324 1203 398 1246 60.)
447 1201 648 1246 Responsio
674 1201 819 1245 Kepleri
845 1201 892 1245 (d.
921 1200 952 1235 d.
981 1201 1038 1237 31.
1065 1202 1176 1246 Aug.)
1203 1201 1292 1236 haec
1318 1201 1450 1237 habet:

223 1291 359 1302 .....
395 1263 524 1300 Editio
558 1262 825 1313 Ephemeridis
856 1261 942 1312 plus
975 1262 1069 1300 mihi
1102 1262 1470 1313 typographicorum
1504 1262 1662 1302 exhibet
1691 1262 1880 1310 laborum,

81 1333 197 1371 quam
229 1321 484 1372 typographis
516 1322 623 1371 ipsis,
658 1322 836 1369 quamvis
868 1325 982 1370 typos
1014 1322 1190 1371 proprios
1229 1320 1424 1359 habebam
1456 1320 1560 1359 domi
1589 1333 1710 1362 meae.
1760 1321 1882 1374 ‘Alter

79 1380 189 1418 labor
221 1381 391 1418 extrusio
425 1379 700 1429 exemplarium
732 1379 1047 1426 Francofurtum,
1093 1379 1204 1428 cujus
1244 1391 1363 1417 causa
1393 1380 1573 1430 praemisi
1608 1385 1685 1418 tres
1718 1381 1881 1430 paginas

79 1444 118 1478 et
148 1438 334 1488 postridie
366 1439 541 1476 summisi
573 1442 751 1487 quartam
783 1442 821 1475 et
853 1448 938 1475 cum
970 1439 1007 1474 in
1038 1448 1179 1475 navem
1212 1438 1404 1476 venissem
1437 1437 1589 1476 duobus
1619 1437 1762 1477 abhinc
1791 1438 1882 1476 mil-

78 1498 240 1534 liaribus
281 1498 594 1545 invenissemque
636 1496 830 1545 baptisata
869 1507 956 1533 mea
992 1495 1227 1545 exemplaria
1269 1508 1292 1533 a
1322 1501 1510 1534 nocturno
1548 1495 1670 1543 Jove,
1712 1496 1882 1535 triduum

80 1554 261 1593 siccando
294 1554 585 1603 inserendisque
628 1555 779 1604 paginis
823 1555 1002 1601 insumsi‚
1047 1553 1137 1592 dum
1177 1555 1330 1592 interim
1361 1554 1600 1592 Aschavium
1635 1559 1883 1597 (Aschachinm)

81 1619 239 1652 ventum
244 1642 385 1654 .....
419 1613 661 1661 Prognostici
694 1612 877 1650 ordinarii
908 1614 998 1650 anni
1036 1616 1164 1659 1619,
1198 1613 1425 1651 Decembris
1457 1613 1669 1662 penultima
1698 1612 1882 1659 absoluti,

82 1674 183 1710 intra
214 1672 296 1709 dies
329 1676 351 1709 ὃ
385 1673 538 1709 suerunt
571 1672 701 1709 omnia
731 1669 966 1721 exemplaria
998 1670 1181 1709 distracta
1187 1698 1363 1710 ......
1424 1670 1573 1709 Juvare
1610 1681 1671 1708 me
1702 1674 1812 1720 potes
1845 1675 1883 1710 et

82 1735 164 1769 arte
194 1736 232 1768 et
262 1729 622 1779 intercessionibus3
665 1728 731 1767 sed
772 1730 821 1766 ab
853 1734 935 1767 arte
967 1729 1020 1766 nil
1052 1734 1163 1778 peto,
1206 1734 1247 1766 at
1278 1730 1553 1768 intercessione
1595 1732 1727 1778 potes,
1770 1730 1804 1767 si
1835 1727 1883 1768 de

84 1801 169 1827 meo
202 1787 327 1826 aulico
359 1788 513 1834 salario,
547 1799 616 1825 seu
646 1788 725 1837 jam
759 1787 888 1825 debito
921 1798 989 1825 seu
1020 1786 1148 1825 adhue
1179 1792 1354 1825 currente
1386 1787 1516 1837 (nemo
1540 1788 1641 1825 enim
1661 1787 1882 1836 renunciat)

83 1852 233 1886 tantum
264 1848 357 1884 mihi
389 1852 633 1893 numeretur,
675 1845 776 1884 unde
809 1844 1091 1895 Gringalletum
1124 1857 1272 1892 meum,
1301 1846 1384 1894 jam
1416 1844 1562 1883 dudum
1593 1844 1803 1883 demissum
1833 1845 1883 1884 ob

84 1906 351 1944 difficultatem
384 1910 598 1955 temporum
630 1909 666 1942 et
696 1903 844 1942 nullum
875 1903 1078 1950 salarium,
1112 1903 1350 1952 postliminio
1381 1908 1618 1949 revocatum,
1651 1906 1884 1949 sustentare,

86 1964 187 2002 unde
220 1964 420 2014 Epitomes
452 1970 600 2013 partem
643 1962 854 2000 theoricam
894 1963 996 2012 typis
1036 1961 1225 2000 excudere
1262 1964 1420 2013 possim.
1483 1961 1542 1999 Tu
1574 1962 1605 1999 si
1638 1960 1761 2000 multa
1790 1961 1885 1999 mihi

85 2021 319 2072 exemplaria
350 2023 477 2072 operis
510 2021 734 2059 Harmonici
766 2020 990 2058 distraxeris
1021 2018 1126 2071 (nam
1152 2024 1231 2058 100
1255 2020 1349 2057 mihi
1371 2019 1638 2070 typographus
1660 2030 1728 2069 pro
1750 2019 1885 2059 labore

86 2081 273 2130 reliquit),
307 2092 367 2118 res
398 2092 504 2118 meas
537 2080 770 2117 domesticas
800 2078 1028 2117 sublevabis
1062 2089 1200 2127 meque
1232 2080 1270 2115 in
1293 2078 1383 2117 dote
1404 2078 1506 2117 filiae
1529 2074 1767 2131 (Susannae)
1799 2089 1886 2116 cor-

85 2139 260 2188 roganda
290 2139 511 2188 adjuvabis,
545 2149 646 2187 quae
680 2137 825 2175 dudum
857 2136 1020 2175 occultis
1052 2147 1238 2174 annorum
1271 2138 1502 2175 currentium
1535 2135 1886 2174 machinationibus

86 2198 343 2248 hymenaeum
365 2199 488 2234 invita
520 2198 634 2235 etiam
670 2207 715 2233 ex
747 2200 853 2245 parte
889 2197 983 2232 citat
1013 2196 1263 2243 arcessitque,
1296 2196 1452 2234 nisime
1483 2194 1582 2233 fallit
1603 2195 1786 2244 suspicio.
1813 2226 1820 2233 .
1844 2225 1852 2235 .
1877 2226 1883 2232 .

86 2256 178 2294 dam
210 2261 302 2306 puto
337 2267 516 2293 excusam
550 2254 832 2293 dedicationem
865 2265 950 2291 cum
990 2252 1101 2290 titulo
1141 2252 1312 2301 generali
1317 2281 1485 2294 ......
1548 2251 1772 2303 Exemplar,
1813 2253 1887 2291 etsi

87 2313 258 2352 nondum
291 2319 349 2352 est
379 2313 627 2364 completum,
659 2314 769 2350 mitto
802 2317 951 2356 tamen,
984 2309 1214 2348 tradendum
1245 2310 1446 2362 Leopoldo
1479 2310 1701 2349 Archiduci.
1763 2310 1805 2348 Si
1836 2310 1885 2348 D.

87 2373 220 2411 Abbas
253 2385 276 2410 a
308 2372 613 2410 Cremsmiinster
643 2375 776 2420 posset
807 2368 973 2420 impelli,
1017 2374 1059 2407 ut
1090 2381 1150 2407 me
1192 2375 1343 2418 urgeret
1378 2371 1416 2406 in
1458 2368 1628 2407 editione
1670 2369 1883 2419 Epitomes,

84 2437 234 2470 sumtus
267 2432 350 2480 ipse
381 2430 526 2468 locaret
557 2428 606 2468 ad
629 2433 708 2467 200
731 2429 973 2474 florenorum,
1006 2426 1045 2465 id
1076 2433 1179 2465 recte
1211 2434 1249 2466 et
1280 2440 1326 2466 ex
1358 2427 1560 2466 commodo
1592 2438 1678 2466 meo
1709 2427 1829 2466 fieret.

224 2498 360 2533 Remus
387 2496 575 2541 respondit
601 2497 634 2532 4.
662 2495 762 2532 Oct.:
799 2495 932 2530 Juvare
961 2495 1038 2539 jam
1069 2498 1105 2530 te
1131 2494 1189 2529 vix
1214 2494 1297 2528 licet
1328 2498 1478 2539 propter
1511 2493 1595 2528 belli
1621 2497 1761 2529 sumtus
1785 2493 1887 2528 innu-

87 2567 222 2600 meros;
247 2556 306 2590 vix
332 2555 466 2600 aliquid
492 2564 536 2589 ex
562 2564 641 2589 mea
665 2553 870 2598 provisione
895 2552 1017 2597 habui,
1044 2563 1089 2588 ex
1117 2553 1294 2588 Caesarea
1317 2552 1425 2596 plane
1450 2551 1549 2586 nihil.
1599 2552 1746 2594 Loquar
1769 2554 1888 2585 tamen

87 2627 166 2650 cum
192 2615 234 2649 D.
262 2614 305 2649 de
333 2614 489 2649 Meckau
514 2618 576 2647 tuo
603 2612 758 2655 nomine,
785 2611 928 2646 locutus
955 2610 1062 2645 etiam
1088 2621 1165 2645 sum
1191 2622 1271 2646 cum
1296 2611 1340 2646 D.
1365 2610 1614 2653 Moschinger‚
1641 2608 1702 2652 qui
1726 2607 1891 2653 promisit

88 2677 228 2708 omnem
255 2681 410 2715 operam.
451 2671 496 2705 D.
522 2670 645 2705 Abbas
672 2669 715 2704 de
735 2670 1020 2704 Cremsmi'mster
1045 2668 1232 2713 pollicitus
1259 2672 1314 2703 est
1333 2677 1473 2702 omnem
1491 2676 1646 2710 operam,
1674 2669 1714 2701 ut
1736 2664 1888 2710 petiisti3

90 2731 207 2767 scribe
233 2730 314 2775 ipsi,
339 2730 417 2774 ipse
444 2728 543 2763 dabit
568 2727 793 2763 occasionem
811 2732 855 2768 =et
873 2726 993 2761 omnia
1017 2726 1192 2771 requisita
1217 2730 1253 2760 et
1277 2725 1432 2761 modum.
1453 2745 1495 2750 --
1515 2725 1580 2760 His
1598 2723 1698 2759 addit
1715 2724 1771 2758 11.
1791 2722 1888 2758 Oct.:

88 2791 222 2835 Magno
248 2788 378 2832 gaudio
414 2786 521 2821 hodie
546 2784 709 2821 intellexi
734 2795 779 2819 ex
806 2784 969 2828 catalogo
995 2784 1252 2827 nundinarum,
1289 2788 1387 2818 tuum
1414 2782 1544 2818 librum
1569 2781 1782 2817 cometicurn
1806 2791 1888 2826 pro-

91 2847 199 2882 diisse
225 2847 421 2890 Augustae.

229 2903 378 2948 Kepleri
402 2900 606 2946 responsio,
635 2899 665 2934 d.
693 2909 723 2934 c.
751 2897 857 2932 finem
882 2898 1065 2942 Octobris,
1092 2897 1182 2933 haec
1207 2897 1331 2933 habet:
1375 2895 1423 2932 D.
1463 2906 1486 2932 a
1524 2893 1690 2933 Meckau
1734 2893 1888 2932 locutus

93 2972 178 2999 sum
209 2959 272 2997 hic
302 2961 340 2996 in
372 2958 556 3003 transitu3
589 2961 631 2993 ut
651 2955 823 3003 loquaris
844 2955 919 3004 ipsi
944 2953 990 2992 de
1012 2953 1152 2992 studiis
1174 2955 1282 2999 meis,
1314 2964 1390 2990 non
1410 2964 1596 3003 repugno,
1627 2964 1717 2990 nam
1739 2952 1889 2990 otiosae

94 3018 372 3068 professiones,
414 3014 540 3065 qualis
570 3013 667 3052 haec
697 3024 784 3051 mea
814 3011 990 3058 videtur,
1033 3010 1298 3062 periclitantur
1337 3011 1384 3048 de
1424 3012 1551 3060 gratia
1591 3021 1726 3060 regum
1756 3011 1795 3047 in
1825 3009 1887 3048 his

95 3076 283 3115 bellorum
315 3072 624 3114 necessitatibus.
686 3071 738 3109 At
770 3075 812 3109 ut
842 3071 1060 3121 importune
1092 3068 1196 3120 apud
1227 3070 1354 3119 ipsum
1383 3069 1504 3108 instes
1536 3067 1583 3107 de
1614 3068 1809 3120 pecuniis,
1849 3066 1889 3106 id
