<?xml version="1.0" encoding="UTF-8"?>
<!DOCTYPE html PUBLIC "-//W3C//DTD XHTML 1.0 Transitional//EN"
    "http://www.w3.org/TR/xhtml1/DTD/xhtml1-transitional.dtd">
<html xmlns="http://www.w3.org/1999/xhtml" xml:lang="en" lang="en">
 <head>
  <title>
</title>
<meta http-equiv="Content-Type" content="text/html;charset=utf-8" />
  <meta name='ocr-system' content='tesseract 3.04.00' />
  <meta name='ocr-capabilities' content='ocr_page ocr_carea ocr_par ocr_line ocrx_word'/>
</head>
<body>
  <div class='ocr_page' id='page_1' title='image "./p2operaomniaedid08kepluoft_0472.png"; bbox 0 0 2126 3388; ppageno 0'>
   <div class='ocr_carea' id='block_1_1' title="bbox 177 174 1281 223">
    <p class='ocr_par' dir='ltr' id='par_1_1' title="bbox 177 174 1281 223">
     <span class='ocr_line' id='line_1_1' title="bbox 177 174 1281 223; baseline -0.005 -4"><span class='ocrx_word' id='word_1_1' title='bbox 177 174 288 220; x_wconf 83' lang='lat'>1018</span> <span class='ocrx_word' id='word_1_2' title='bbox 847 177 929 213; x_wconf 87' lang='lat' dir='ltr'><strong>Vita</strong></span> <span class='ocrx_word' id='word_1_3' title='bbox 952 176 1103 214; x_wconf 82' lang='lat' dir='ltr'><strong>Joannis</strong></span> <span class='ocrx_word' id='word_1_4' title='bbox 1124 177 1281 223; x_wconf 86' lang='lat' dir='ltr'><strong>Kepleri.</strong></span> 
     </span>
    </p>
   </div>
   <div class='ocr_carea' id='block_1_2' title="bbox 171 294 1962 3182">
    <p class='ocr_par' dir='ltr' id='par_1_2' title="bbox 172 294 1959 2373">
     <span class='ocr_line' id='line_1_2' title="bbox 176 294 1948 347; baseline 0 -12"><span class='ocrx_word' id='word_1_5' title='bbox 176 309 222 335; x_wconf 88' lang='lat' dir='ltr'><strong>ea</strong></span> <span class='ocrx_word' id='word_1_6' title='bbox 258 296 370 333; x_wconf 90' lang='lat' dir='ltr'><strong>novis</strong></span> <span class='ocrx_word' id='word_1_7' title='bbox 409 294 721 343; x_wconf 83' lang='lat' dir='ltr'><strong>inquisitionibus</strong></span> <span class='ocrx_word' id='word_1_8' title='bbox 761 294 939 333; x_wconf 91' lang='lat' dir='ltr'><strong>inductus</strong></span> <span class='ocrx_word' id='word_1_9' title='bbox 980 307 1065 333; x_wconf 90' lang='lat' dir='ltr'><strong>eam</strong></span> <span class='ocrx_word' id='word_1_10' title='bbox 1102 296 1177 334; x_wconf 90' lang='lat' dir='ltr'><strong>sibi</strong></span> <span class='ocrx_word' id='word_1_11' title='bbox 1217 297 1397 345; x_wconf 79' lang='lat' dir='ltr'><strong>proponit</strong></span> <span class='ocrx_word' id='word_1_12' title='bbox 1427 297 1710 345; x_wconf 85' lang='lat' dir='ltr'><strong>quaestionem,</strong></span> <span class='ocrx_word' id='word_1_13' title='bbox 1753 296 1948 347; x_wconf 86' lang='lat' dir='ltr'><strong>quomodo</strong></span> 
     </span>
     <span class='ocr_line' id='line_1_3' title="bbox 175 352 1948 404; baseline 0.001 -12"><span class='ocrx_word' id='word_1_14' title='bbox 175 355 340 392; x_wconf 85' lang='lat' dir='ltr'><strong>numeris</strong></span> <span class='ocrx_word' id='word_1_15' title='bbox 372 365 395 390; x_wconf 89' lang='lat' dir='ltr'><strong>a</strong></span> <span class='ocrx_word' id='word_1_16' title='bbox 425 352 609 401; x_wconf 85' lang='lat' dir='ltr'><strong>Tychone</strong></span> <span class='ocrx_word' id='word_1_17' title='bbox 640 354 825 399; x_wconf 90' lang='lat' dir='ltr'><strong>inventis,</strong></span> <span class='ocrx_word' id='word_1_18' title='bbox 858 354 908 390; x_wconf 86' lang='lat' dir='ltr'><strong>ab</strong></span> <span class='ocrx_word' id='word_1_19' title='bbox 939 354 1023 402; x_wconf 91' lang='lat' dir='ltr'><strong>ipso</strong></span> <span class='ocrx_word' id='word_1_20' title='bbox 1055 355 1250 401; x_wconf 88' lang='lat' dir='ltr'><strong>correctis,</strong></span> <span class='ocrx_word' id='word_1_21' title='bbox 1290 353 1340 391; x_wconf 89' lang='lat' dir='ltr'><strong>ad</strong></span> <span class='ocrx_word' id='word_1_22' title='bbox 1369 353 1607 404; x_wconf 82' lang='lat' dir='ltr'><strong>probandam</strong></span> <span class='ocrx_word' id='word_1_23' title='bbox 1638 366 1747 392; x_wconf 88' lang='lat' dir='ltr'><strong>suam</strong></span> <span class='ocrx_word' id='word_1_24' title='bbox 1780 355 1826 393; x_wconf 89' lang='lat' dir='ltr'><strong>de</strong></span> <span class='ocrx_word' id='word_1_25' title='bbox 1857 356 1948 393; x_wconf 89' lang='lat' dir='ltr'><strong>har-</strong></span> 
     </span>
     <span class='ocr_line' id='line_1_4' title="bbox 174 409 1948 463; baseline 0 -13"><span class='ocrx_word' id='word_1_26' title='bbox 174 414 302 450; x_wconf 88' lang='lat' dir='ltr'><strong>monia</strong></span> <span class='ocrx_word' id='word_1_27' title='bbox 331 409 462 446; x_wconf 89' lang='lat' dir='ltr'><strong>mundi</strong></span> <span class='ocrx_word' id='word_1_28' title='bbox 495 410 714 458; x_wconf 83' lang='lat' dir='ltr'><strong>opinionem</strong></span> <span class='ocrx_word' id='word_1_29' title='bbox 746 412 889 460; x_wconf 87' lang='lat' dir='ltr'><strong>optime</strong></span> <span class='ocrx_word' id='word_1_30' title='bbox 919 411 1043 461; x_wconf 83' lang='lat' dir='ltr'><strong>possit</strong></span> <span class='ocrx_word' id='word_1_31' title='bbox 1073 412 1141 451; x_wconf 83' lang='lat' dir='ltr'><strong>uti.</strong></span> <span class='ocrx_word' id='word_1_32' title='bbox 1191 412 1327 460; x_wconf 89' lang='lat' dir='ltr'><strong>Itaque</strong></span> <span class='ocrx_word' id='word_1_33' title='bbox 1359 423 1476 460; x_wconf 88' lang='lat' dir='ltr'><strong>quum</strong></span> <span class='ocrx_word' id='word_1_34' title='bbox 1506 423 1530 449; x_wconf 89' lang='lat' dir='ltr'><strong>a</strong></span> <span class='ocrx_word' id='word_1_35' title='bbox 1560 412 1820 462; x_wconf 85' lang='lat' dir='ltr'><strong>compluribus</strong></span> <span class='ocrx_word' id='word_1_36' title='bbox 1842 415 1948 463; x_wconf 89' lang='lat' dir='ltr'><strong>prin-</strong></span> 
     </span>
     <span class='ocr_line' id='line_1_5' title="bbox 176 467 1948 519; baseline 0.001 -12"><span class='ocrx_word' id='word_1_37' title='bbox 176 470 284 519; x_wconf 88' lang='lat' dir='ltr'><strong>cipiis</strong></span> <span class='ocrx_word' id='word_1_38' title='bbox 325 468 455 504; x_wconf 88' lang='lat' dir='ltr'><strong>liceret</strong></span> <span class='ocrx_word' id='word_1_39' title='bbox 492 467 671 514; x_wconf 80' lang='lat' dir='ltr'><strong>exordiri,</strong></span> <span class='ocrx_word' id='word_1_40' title='bbox 715 480 761 505; x_wconf 88' lang='lat' dir='ltr'><strong>ea</strong></span> <span class='ocrx_word' id='word_1_41' title='bbox 791 470 920 506; x_wconf 84' lang='lat' dir='ltr'><strong>onmia</strong></span> <span class='ocrx_word' id='word_1_42' title='bbox 958 470 1211 516; x_wconf 80' lang='lat' dir='ltr'><strong>examinavit,</strong></span> <span class='ocrx_word' id='word_1_43' title='bbox 1252 471 1285 506; x_wconf 91' lang='lat' dir='ltr'><strong>si</strong></span> <span class='ocrx_word' id='word_1_44' title='bbox 1317 469 1421 518; x_wconf 91' lang='lat' dir='ltr'><strong>quod</strong></span> <span class='ocrx_word' id='word_1_45' title='bbox 1459 480 1589 507; x_wconf 90' lang='lat' dir='ltr'><strong>eorum</strong></span> <span class='ocrx_word' id='word_1_46' title='bbox 1629 481 1743 519; x_wconf 89' lang='lat' dir='ltr'><strong>quam</strong></span> <span class='ocrx_word' id='word_1_47' title='bbox 1783 473 1948 509; x_wconf 79' lang='lat' dir='ltr'><strong>maxime</strong></span> 
     </span>
     <span class='ocr_line' id='line_1_6' title="bbox 175 526 1949 576; baseline 0.002 -13"><span class='ocrx_word' id='word_1_48' title='bbox 175 527 331 563; x_wconf 89' lang='lat' dir='ltr'><strong>idoneas</strong></span> <span class='ocrx_word' id='word_1_49' title='bbox 362 526 627 573; x_wconf 78' lang='lat' dir='ltr'><strong>proportiones</strong></span> <span class='ocrx_word' id='word_1_50' title='bbox 648 526 924 574; x_wconf 81' lang='lat' dir='ltr'><strong>suppeditaret.</strong></span> <span class='ocrx_word' id='word_1_51' title='bbox 971 526 1162 575; x_wconf 86' lang='lat' dir='ltr'><strong>Tempora</strong></span> <span class='ocrx_word' id='word_1_52' title='bbox 1185 527 1408 564; x_wconf 82' lang='lat' dir='ltr'><strong>circuituum</strong></span> <span class='ocrx_word' id='word_1_53' title='bbox 1428 526 1668 576; x_wconf 89' lang='lat' dir='ltr'><strong>planetarum</strong></span> <span class='ocrx_word' id='word_1_54' title='bbox 1701 529 1802 566; x_wconf 90' lang='lat' dir='ltr'><strong>circa</strong></span> <span class='ocrx_word' id='word_1_55' title='bbox 1821 528 1949 566; x_wconf 89' lang='lat' dir='ltr'><strong>Solem</strong></span> 
     </span>
     <span class='ocr_line' id='line_1_7' title="bbox 174 583 1949 635; baseline 0.002 -15"><span class='ocrx_word' id='word_1_56' title='bbox 174 595 248 621; x_wconf 84' lang='lat' dir='ltr'><strong>non</strong></span> <span class='ocrx_word' id='word_1_57' title='bbox 280 583 520 620; x_wconf 81' lang='lat' dir='ltr'><strong>harmonicas</strong></span> <span class='ocrx_word' id='word_1_58' title='bbox 560 584 745 632; x_wconf 82' lang='lat' dir='ltr'><strong>praebent</strong></span> <span class='ocrx_word' id='word_1_59' title='bbox 783 585 1068 634; x_wconf 86' lang='lat' dir='ltr'><strong>proportiones,</strong></span> <span class='ocrx_word' id='word_1_60' title='bbox 1115 584 1320 622; x_wconf 85' lang='lat' dir='ltr'><strong>distantiae</strong></span> <span class='ocrx_word' id='word_1_61' title='bbox 1351 597 1374 622; x_wconf 91' lang='lat' dir='ltr'><strong>a</strong></span> <span class='ocrx_word' id='word_1_62' title='bbox 1404 584 1515 632; x_wconf 88' lang='lat' dir='ltr'><strong>Sole,</strong></span> <span class='ocrx_word' id='word_1_63' title='bbox 1557 590 1684 623; x_wconf 90' lang='lat' dir='ltr'><strong>motus</strong></span> <span class='ocrx_word' id='word_1_64' title='bbox 1724 585 1949 635; x_wconf 84' lang='lat' dir='ltr'><strong>quotidiani,</strong></span> 
     </span>
     <span class='ocr_line' id='line_1_8' title="bbox 176 641 1950 691; baseline 0.001 -13"><span class='ocrx_word' id='word_1_65' title='bbox 176 643 355 690; x_wconf 85' lang='lat' dir='ltr'><strong>temporis</strong></span> <span class='ocrx_word' id='word_1_66' title='bbox 387 642 525 690; x_wconf 83' lang='lat' dir='ltr'><strong>spatia,</strong></span> <span class='ocrx_word' id='word_1_67' title='bbox 558 641 697 689; x_wconf 87' lang='lat' dir='ltr'><strong>quibus</strong></span> <span class='ocrx_word' id='word_1_68' title='bbox 729 653 839 679; x_wconf 88' lang='lat' dir='ltr'><strong>arcus</strong></span> <span class='ocrx_word' id='word_1_69' title='bbox 872 642 1044 690; x_wconf 89' lang='lat' dir='ltr'><strong>ejusdem</strong></span> <span class='ocrx_word' id='word_1_70' title='bbox 1075 642 1348 691; x_wconf 83' lang='lat' dir='ltr'><strong>magnitudinis</strong></span> <span class='ocrx_word' id='word_1_71' title='bbox 1381 644 1621 690; x_wconf 88' lang='lat' dir='ltr'><strong>emetiuntur,</strong></span> <span class='ocrx_word' id='word_1_72' title='bbox 1654 654 1729 681; x_wconf 87' lang='lat' dir='ltr'><strong>non</strong></span> <span class='ocrx_word' id='word_1_73' title='bbox 1762 646 1950 681; x_wconf 87' lang='lat' dir='ltr'><strong>constanti</strong></span> 
     </span>
     <span class='ocr_line' id='line_1_9' title="bbox 174 698 1951 750; baseline 0.002 -14"><span class='ocrx_word' id='word_1_74' title='bbox 174 705 262 736; x_wconf 87' lang='lat' dir='ltr'><strong>sunt</strong></span> <span class='ocrx_word' id='word_1_75' title='bbox 292 698 574 746; x_wconf 86' lang='lat' dir='ltr'><strong>magnitudine,</strong></span> <span class='ocrx_word' id='word_1_76' title='bbox 607 698 674 736; x_wconf 88' lang='lat' dir='ltr'><strong>sed</strong></span> <span class='ocrx_word' id='word_1_77' title='bbox 706 701 845 748; x_wconf 83' lang='lat' dir='ltr'><strong>quovis</strong></span> <span class='ocrx_word' id='word_1_78' title='bbox 878 702 1059 750; x_wconf 88' lang='lat' dir='ltr'><strong>temporis</strong></span> <span class='ocrx_word' id='word_1_79' title='bbox 1091 705 1283 738; x_wconf 89' lang='lat' dir='ltr'><strong>momento</strong></span> <span class='ocrx_word' id='word_1_80' title='bbox 1314 706 1510 738; x_wconf 89' lang='lat' dir='ltr'><strong>mutantur</strong></span> <span class='ocrx_word' id='word_1_81' title='bbox 1540 700 1705 750; x_wconf 89' lang='lat' dir='ltr'><strong>ideoque</strong></span> <span class='ocrx_word' id='word_1_82' title='bbox 1736 701 1833 738; x_wconf 90' lang='lat' dir='ltr'><strong>nulli</strong></span> <span class='ocrx_word' id='word_1_83' title='bbox 1863 706 1951 739; x_wconf 86' lang='lat' dir='ltr'><strong>sunt</strong></span> 
     </span>
     <span class='ocr_line' id='line_1_10' title="bbox 173 758 1952 809; baseline 0.001 -15"><span class='ocrx_word' id='word_1_84' title='bbox 173 758 280 804; x_wconf 81' lang='lat' dir='ltr'><strong>usui3</strong></span> <span class='ocrx_word' id='word_1_85' title='bbox 313 767 380 793; x_wconf 88' lang='lat' dir='ltr'><strong>eae</strong></span> <span class='ocrx_word' id='word_1_86' title='bbox 412 761 542 794; x_wconf 89' lang='lat' dir='ltr'><strong>autem</strong></span> <span class='ocrx_word' id='word_1_87' title='bbox 573 758 819 805; x_wconf 85' lang='lat' dir='ltr'><strong>quaestiones</strong></span> <span class='ocrx_word' id='word_1_88' title='bbox 851 770 981 796; x_wconf 85' lang='lat' dir='ltr'><strong>omnes</strong></span> <span class='ocrx_word' id='word_1_89' title='bbox 1003 760 1289 808; x_wconf 87' lang='lat' dir='ltr'><strong>comparatione</strong></span> <span class='ocrx_word' id='word_1_90' title='bbox 1311 770 1553 796; x_wconf 89' lang='lat' dir='ltr'><strong>numerorum</strong></span> <span class='ocrx_word' id='word_1_91' title='bbox 1575 758 1648 799; x_wconf 85' lang='lat' dir='ltr'><strong>huc</strong></span> <span class='ocrx_word' id='word_1_92' title='bbox 1668 761 1952 809; x_wconf 86' lang='lat' dir='ltr'><strong>pertinentium,</strong></span> 
     </span>
     <span class='ocr_line' id='line_1_11' title="bbox 172 814 1953 866; baseline 0.002 -14"><span class='ocrx_word' id='word_1_93' title='bbox 172 816 237 864; x_wconf 89' lang='lat' dir='ltr'><strong>qui</strong></span> <span class='ocrx_word' id='word_1_94' title='bbox 268 815 375 852; x_wconf 88' lang='lat' dir='ltr'><strong>vario</strong></span> <span class='ocrx_word' id='word_1_95' title='bbox 407 814 521 852; x_wconf 92' lang='lat' dir='ltr'><strong>modo</strong></span> <span class='ocrx_word' id='word_1_96' title='bbox 554 815 847 863; x_wconf 86' lang='lat' dir='ltr'><strong>conjunguntur,</strong></span> <span class='ocrx_word' id='word_1_97' title='bbox 880 818 1035 866; x_wconf 87' lang='lat' dir='ltr'><strong>copiose</strong></span> <span class='ocrx_word' id='word_1_98' title='bbox 1058 817 1307 854; x_wconf 85' lang='lat' dir='ltr'><strong>illustrantur.</strong></span> <span class='ocrx_word' id='word_1_99' title='bbox 1349 816 1497 862; x_wconf 87' lang='lat' dir='ltr'><strong>Restat,</strong></span> <span class='ocrx_word' id='word_1_100' title='bbox 1530 821 1571 854; x_wconf 94' lang='lat' dir='ltr'><strong>ut</strong></span> <span class='ocrx_word' id='word_1_101' title='bbox 1591 818 1758 854; x_wconf 85' lang='lat' dir='ltr'><strong>rationes</strong></span> <span class='ocrx_word' id='word_1_102' title='bbox 1778 822 1953 855; x_wconf 89' lang='lat' dir='ltr'><strong>motuum</strong></span> 
     </span>
     <span class='ocr_line' id='line_1_12' title="bbox 172 872 1952 923; baseline 0.002 -14"><span class='ocrx_word' id='word_1_103' title='bbox 172 873 426 922; x_wconf 87' lang='lat' dir='ltr'><strong>planetarum,</strong></span> <span class='ocrx_word' id='word_1_104' title='bbox 459 872 594 921; x_wconf 89' lang='lat' dir='ltr'><strong>quales</strong></span> <span class='ocrx_word' id='word_1_105' title='bbox 617 885 639 910; x_wconf 92' lang='lat' dir='ltr'><strong>a</strong></span> <span class='ocrx_word' id='word_1_106' title='bbox 661 874 751 912; x_wconf 84' lang='lat' dir='ltr'><strong>Sole</strong></span> <span class='ocrx_word' id='word_1_107' title='bbox 774 874 1048 923; x_wconf 86' lang='lat' dir='ltr'><strong>contemplanti</strong></span> <span class='ocrx_word' id='word_1_108' title='bbox 1069 886 1110 912; x_wconf 89' lang='lat' dir='ltr'><strong>se</strong></span> <span class='ocrx_word' id='word_1_109' title='bbox 1133 874 1351 921; x_wconf 89' lang='lat' dir='ltr'><strong>ostendunt,</strong></span> <span class='ocrx_word' id='word_1_110' title='bbox 1384 876 1660 914; x_wconf 76' lang='lat' dir='ltr'><strong>examinentur.</strong></span> <span class='ocrx_word' id='word_1_111' title='bbox 1707 874 1793 913; x_wconf 90' lang='lat' dir='ltr'><strong>Hac</strong></span> <span class='ocrx_word' id='word_1_112' title='bbox 1824 880 1952 913; x_wconf 79' lang='lat' dir='ltr'><strong>autem</strong></span> 
     </span>
     <span class='ocr_line' id='line_1_13' title="bbox 175 920 1952 984; baseline 0.002 -17"><span class='ocrx_word' id='word_1_113' title='bbox 175 932 401 979; x_wconf 81' lang='lat' dir='ltr'><strong>quaestione</strong></span> <span class='ocrx_word' id='word_1_114' title='bbox 433 920 601 979; x_wconf 74' lang='lat' dir='ltr'><strong>Keplero</strong></span> <span class='ocrx_word' id='word_1_115' title='bbox 635 931 730 969; x_wconf 86' lang='lat' dir='ltr'><strong>haec</strong></span> <span class='ocrx_word' id='word_1_116' title='bbox 763 932 897 969; x_wconf 90' lang='lat' dir='ltr'><strong>confici</strong></span> <span class='ocrx_word' id='word_1_117' title='bbox 930 933 1126 970; x_wconf 89' lang='lat' dir='ltr'><strong>videntur:</strong></span> <span class='ocrx_word' id='word_1_118' title='bbox 1163 937 1199 970; x_wconf 86' lang='lat'><strong>1.</strong></span> <span class='ocrx_word' id='word_1_119' title='bbox 1235 932 1319 984; x_wconf 83' lang='lat' dir='ltr'><strong>„his</strong></span> <span class='ocrx_word' id='word_1_120' title='bbox 1343 940 1516 969; x_wconf 91' lang='lat' dir='ltr'><strong>motuum</strong></span> <span class='ocrx_word' id='word_1_121' title='bbox 1548 933 1862 981; x_wconf 85' lang='lat' dir='ltr'><strong>proportionibus</strong></span> <span class='ocrx_word' id='word_1_122' title='bbox 1883 945 1952 972; x_wconf 85' lang='lat' dir='ltr'><strong>ex-</strong></span> 
     </span>
     <span class='ocr_line' id='line_1_14' title="bbox 172 988 1953 1040; baseline 0.002 -15"><span class='ocrx_word' id='word_1_123' title='bbox 172 1000 303 1037; x_wconf 87' lang='lat' dir='ltr'><strong>pressa</strong></span> <span class='ocrx_word' id='word_1_124' title='bbox 335 1000 418 1026; x_wconf 88' lang='lat' dir='ltr'><strong>esse</strong></span> <span class='ocrx_word' id='word_1_125' title='bbox 449 1000 589 1036; x_wconf 84' lang='lat' dir='ltr'><strong>genera</strong></span> <span class='ocrx_word' id='word_1_126' title='bbox 621 994 755 1027; x_wconf 86' lang='lat' dir='ltr'><strong>cautus</strong></span> <span class='ocrx_word' id='word_1_127' title='bbox 787 990 915 1027; x_wconf 89' lang='lat' dir='ltr'><strong>mollis</strong></span> <span class='ocrx_word' id='word_1_128' title='bbox 947 995 985 1028; x_wconf 88' lang='lat' dir='ltr'><strong>et</strong></span> <span class='ocrx_word' id='word_1_129' title='bbox 1015 988 1137 1028; x_wconf 82' lang='lat' dir='ltr'><strong>du1·i.“</strong></span> <span class='ocrx_word' id='word_1_130' title='bbox 1202 994 1237 1028; x_wconf 78' lang='lat'><strong>2.</strong></span> <span class='ocrx_word' id='word_1_131' title='bbox 1269 990 1401 1027; x_wconf 88' lang='lat' dir='ltr'><strong>Motus</strong></span> <span class='ocrx_word' id='word_1_132' title='bbox 1433 991 1679 1038; x_wconf 87' lang='lat' dir='ltr'><strong>quotidianos</strong></span> <span class='ocrx_word' id='word_1_133' title='bbox 1710 990 1953 1040; x_wconf 87' lang='lat' dir='ltr'><strong>planetarum</strong></span> 
     </span>
     <span class='ocr_line' id='line_1_15' title="bbox 172 1046 1953 1098; baseline 0.002 -15"><span class='ocrx_word' id='word_1_134' title='bbox 172 1049 209 1083; x_wconf 87' lang='lat' dir='ltr'><strong>in</strong></span> <span class='ocrx_word' id='word_1_135' title='bbox 242 1046 404 1095; x_wconf 87' lang='lat' dir='ltr'><strong>apheliis</strong></span> <span class='ocrx_word' id='word_1_136' title='bbox 443 1051 480 1084; x_wconf 89' lang='lat' dir='ltr'><strong>et</strong></span> <span class='ocrx_word' id='word_1_137' title='bbox 511 1047 704 1095; x_wconf 88' lang='lat' dir='ltr'><strong>periheliis</strong></span> <span class='ocrx_word' id='word_1_138' title='bbox 745 1047 1028 1096; x_wconf 88' lang='lat' dir='ltr'><strong>quodammodo</strong></span> <span class='ocrx_word' id='word_1_139' title='bbox 1071 1048 1232 1097; x_wconf 86' lang='lat' dir='ltr'><strong>singulis</strong></span> <span class='ocrx_word' id='word_1_140' title='bbox 1264 1047 1476 1085; x_wconf 89' lang='lat' dir='ltr'><strong>intervallis</strong></span> <span class='ocrx_word' id='word_1_141' title='bbox 1506 1049 1663 1086; x_wconf 88' lang='lat' dir='ltr'><strong>musicis</strong></span> <span class='ocrx_word' id='word_1_142' title='bbox 1698 1048 1953 1098; x_wconf 82' lang='lat' dir='ltr'><strong>respondere3</strong></span> 
     </span>
     <span class='ocr_line' id='line_1_16' title="bbox 173 1105 1953 1155; baseline 0.001 -13"><span class='ocrx_word' id='word_1_143' title='bbox 173 1105 337 1142; x_wconf 88' lang='lat' dir='ltr'><strong>Saturno</strong></span> <span class='ocrx_word' id='word_1_144' title='bbox 370 1105 502 1142; x_wconf 87' lang='lat' dir='ltr'><strong>tribuit</strong></span> <span class='ocrx_word' id='word_1_145' title='bbox 533 1107 644 1153; x_wconf 89' lang='lat' dir='ltr'><strong>quasi</strong></span> <span class='ocrx_word' id='word_1_146' title='bbox 675 1107 825 1143; x_wconf 84' lang='lat' dir='ltr'><strong>tertiam</strong></span> <span class='ocrx_word' id='word_1_147' title='bbox 858 1106 1054 1154; x_wconf 89' lang='lat' dir='ltr'><strong>majorem,</strong></span> <span class='ocrx_word' id='word_1_148' title='bbox 1086 1106 1181 1144; x_wconf 85' lang='lat' dir='ltr'><strong>Jovi</strong></span> <span class='ocrx_word' id='word_1_149' title='bbox 1211 1107 1362 1144; x_wconf 87' lang='lat' dir='ltr'><strong>tertiam</strong></span> <span class='ocrx_word' id='word_1_150' title='bbox 1394 1107 1592 1152; x_wconf 87' lang='lat' dir='ltr'><strong>minorem,</strong></span> <span class='ocrx_word' id='word_1_151' title='bbox 1625 1106 1743 1144; x_wconf 89' lang='lat' dir='ltr'><strong>Marti</strong></span> <span class='ocrx_word' id='word_1_152' title='bbox 1766 1108 1953 1155; x_wconf 90' lang='lat' dir='ltr'><strong>quintam,</strong></span> 
     </span>
     <span class='ocr_line' id='line_1_17' title="bbox 172 1163 1952 1211; baseline 0.002 -11"><span class='ocrx_word' id='word_1_153' title='bbox 172 1163 313 1200; x_wconf 84' lang='lat' dir='ltr'><strong>Terrae</strong></span> <span class='ocrx_word' id='word_1_154' title='bbox 358 1163 619 1211; x_wconf 86' lang='lat' dir='ltr'><strong>semitonium,</strong></span> <span class='ocrx_word' id='word_1_155' title='bbox 667 1163 808 1201; x_wconf 89' lang='lat' dir='ltr'><strong>Veneri</strong></span> <span class='ocrx_word' id='word_1_156' title='bbox 855 1163 998 1211; x_wconf 85' lang='lat' dir='ltr'><strong>diesin,</strong></span> <span class='ocrx_word' id='word_1_157' title='bbox 1050 1164 1242 1203; x_wconf 87' lang='lat' dir='ltr'><strong>Mercurio</strong></span> <span class='ocrx_word' id='word_1_158' title='bbox 1289 1169 1467 1202; x_wconf 86' lang='lat' dir='ltr'><strong>octavam</strong></span> <span class='ocrx_word' id='word_1_159' title='bbox 1515 1176 1600 1202; x_wconf 91' lang='lat' dir='ltr'><strong>cum</strong></span> <span class='ocrx_word' id='word_1_160' title='bbox 1645 1165 1759 1202; x_wconf 85' lang='lat' dir='ltr'><strong>tertia</strong></span> <span class='ocrx_word' id='word_1_161' title='bbox 1801 1166 1952 1204; x_wconf 90' lang='lat' dir='ltr'><strong>minori.</strong></span> 
     </span>
     <span class='ocr_line' id='line_1_18' title="bbox 173 1220 1954 1272; baseline 0 -12"><span class='ocrx_word' id='word_1_162' title='bbox 173 1226 208 1260; x_wconf 86' lang='lat'><strong>3.</strong></span> <span class='ocrx_word' id='word_1_163' title='bbox 241 1220 368 1268; x_wconf 84' lang='lat' dir='ltr'><strong>Quum</strong></span> <span class='ocrx_word' id='word_1_164' title='bbox 399 1225 528 1258; x_wconf 89' lang='lat' dir='ltr'><strong>autem</strong></span> <span class='ocrx_word' id='word_1_165' title='bbox 559 1221 598 1258; x_wconf 87' lang='lat' dir='ltr'><strong>hi</strong></span> <span class='ocrx_word' id='word_1_166' title='bbox 629 1226 755 1259; x_wconf 88' lang='lat' dir='ltr'><strong>motus</strong></span> <span class='ocrx_word' id='word_1_167' title='bbox 786 1233 862 1258; x_wconf 91' lang='lat' dir='ltr'><strong>non</strong></span> <span class='ocrx_word' id='word_1_168' title='bbox 895 1222 1029 1260; x_wconf 87' lang='lat' dir='ltr'><strong>eodem</strong></span> <span class='ocrx_word' id='word_1_169' title='bbox 1062 1228 1233 1271; x_wconf 89' lang='lat' dir='ltr'><strong>tempore</strong></span> <span class='ocrx_word' id='word_1_170' title='bbox 1265 1221 1380 1268; x_wconf 90' lang='lat' dir='ltr'><strong>fiant,</strong></span> <span class='ocrx_word' id='word_1_171' title='bbox 1420 1233 1504 1260; x_wconf 90' lang='lat' dir='ltr'><strong>cum</strong></span> <span class='ocrx_word' id='word_1_172' title='bbox 1543 1226 1753 1272; x_wconf 85' lang='lat' dir='ltr'><strong>systemate</strong></span> <span class='ocrx_word' id='word_1_173' title='bbox 1793 1224 1954 1268; x_wconf 88' lang='lat' dir='ltr'><strong>musico,</strong></span> 
     </span>
     <span class='ocr_line' id='line_1_19' title="bbox 173 1278 1957 1329; baseline 0.001 -13"><span class='ocrx_word' id='word_1_174' title='bbox 173 1278 275 1327; x_wconf 88' lang='lat' dir='ltr'><strong>quod</strong></span> <span class='ocrx_word' id='word_1_175' title='bbox 307 1279 520 1327; x_wconf 84' lang='lat' dir='ltr'><strong>quaeritur,</strong></span> <span class='ocrx_word' id='word_1_176' title='bbox 552 1290 686 1328; x_wconf 89' lang='lat' dir='ltr'><strong>parum</strong></span> <span class='ocrx_word' id='word_1_177' title='bbox 718 1285 943 1328; x_wconf 84' lang='lat' dir='ltr'><strong>congruunt.</strong></span> <span class='ocrx_word' id='word_1_178' title='bbox 1005 1279 1098 1318; x_wconf 87' lang='lat' dir='ltr'><strong>Ideo</strong></span> <span class='ocrx_word' id='word_1_179' title='bbox 1129 1285 1256 1318; x_wconf 91' lang='lat' dir='ltr'><strong>motus</strong></span> <span class='ocrx_word' id='word_1_180' title='bbox 1294 1279 1536 1329; x_wconf 88' lang='lat' dir='ltr'><strong>planetarum</strong></span> <span class='ocrx_word' id='word_1_181' title='bbox 1568 1282 1828 1329; x_wconf 86' lang='lat' dir='ltr'><strong>proximorum</strong></span> <span class='ocrx_word' id='word_1_182' title='bbox 1858 1282 1957 1319; x_wconf 89' lang='lat' dir='ltr'><strong>inter</strong></span> 
     </span>
     <span class='ocr_line' id='line_1_20' title="bbox 173 1336 1955 1386; baseline -0.001 -11"><span class='ocrx_word' id='word_1_183' title='bbox 173 1349 214 1375; x_wconf 88' lang='lat' dir='ltr'><strong>se</strong></span> <span class='ocrx_word' id='word_1_184' title='bbox 246 1336 493 1386; x_wconf 87' lang='lat' dir='ltr'><strong>comparandi</strong></span> <span class='ocrx_word' id='word_1_185' title='bbox 526 1343 562 1375; x_wconf 87' lang='lat' dir='ltr'><strong>et</strong></span> <span class='ocrx_word' id='word_1_186' title='bbox 593 1336 641 1374; x_wconf 86' lang='lat' dir='ltr'><strong>ad</strong></span> <span class='ocrx_word' id='word_1_187' title='bbox 674 1337 877 1375; x_wconf 88' lang='lat' dir='ltr'><strong>intervalla</strong></span> <span class='ocrx_word' id='word_1_188' title='bbox 918 1339 1065 1377; x_wconf 88' lang='lat' dir='ltr'><strong>musica</strong></span> <span class='ocrx_word' id='word_1_189' title='bbox 1095 1337 1281 1376; x_wconf 87' lang='lat' dir='ltr'><strong>referendi</strong></span> <span class='ocrx_word' id='word_1_190' title='bbox 1310 1342 1412 1377; x_wconf 88' lang='lat' dir='ltr'><strong>sunt.</strong></span> <span class='ocrx_word' id='word_1_191' title='bbox 1473 1338 1548 1376; x_wconf 87' lang='lat' dir='ltr'><strong>Sed</strong></span> <span class='ocrx_word' id='word_1_192' title='bbox 1579 1339 1772 1377; x_wconf 88' lang='lat' dir='ltr'><strong>rarissime</strong></span> <span class='ocrx_word' id='word_1_193' title='bbox 1803 1338 1955 1385; x_wconf 89' lang='lat' dir='ltr'><strong>accidit,</strong></span> 
     </span>
     <span class='ocr_line' id='line_1_21' title="bbox 173 1395 1957 1445; baseline 0.001 -12"><span class='ocrx_word' id='word_1_194' title='bbox 173 1399 215 1433; x_wconf 90' lang='lat' dir='ltr'><strong>ut</strong></span> <span class='ocrx_word' id='word_1_195' title='bbox 246 1395 341 1442; x_wconf 91' lang='lat' dir='ltr'><strong>duo,</strong></span> <span class='ocrx_word' id='word_1_196' title='bbox 373 1396 495 1432; x_wconf 91' lang='lat' dir='ltr'><strong>rarius</strong></span> <span class='ocrx_word' id='word_1_197' title='bbox 527 1399 568 1432; x_wconf 91' lang='lat' dir='ltr'><strong>ut</strong></span> <span class='ocrx_word' id='word_1_198' title='bbox 612 1399 686 1433; x_wconf 87' lang='lat' dir='ltr'><strong>tres</strong></span> <span class='ocrx_word' id='word_1_199' title='bbox 717 1396 897 1445; x_wconf 87' lang='lat' dir='ltr'><strong>planetae</strong></span> <span class='ocrx_word' id='word_1_200' title='bbox 929 1396 1064 1434; x_wconf 88' lang='lat' dir='ltr'><strong>eodem</strong></span> <span class='ocrx_word' id='word_1_201' title='bbox 1095 1402 1266 1445; x_wconf 89' lang='lat' dir='ltr'><strong>tempore</strong></span> <span class='ocrx_word' id='word_1_202' title='bbox 1299 1397 1336 1432; x_wconf 91' lang='lat' dir='ltr'><strong>in</strong></span> <span class='ocrx_word' id='word_1_203' title='bbox 1370 1395 1524 1445; x_wconf 88' lang='lat' dir='ltr'><strong>aphelio</strong></span> <span class='ocrx_word' id='word_1_204' title='bbox 1556 1400 1623 1433; x_wconf 88' lang='lat' dir='ltr'><strong>aut</strong></span> <span class='ocrx_word' id='word_1_205' title='bbox 1652 1396 1837 1445; x_wconf 89' lang='lat' dir='ltr'><strong>perihelio</strong></span> <span class='ocrx_word' id='word_1_206' title='bbox 1867 1408 1957 1435; x_wconf 89' lang='lat' dir='ltr'><strong>ver-</strong></span> 
     </span>
     <span class='ocr_line' id='line_1_22' title="bbox 173 1452 1957 1504; baseline 0.001 -13"><span class='ocrx_word' id='word_1_207' title='bbox 173 1458 320 1501; x_wconf 83' lang='lat' dir='ltr'><strong>sentur3</strong></span> <span class='ocrx_word' id='word_1_208' title='bbox 354 1457 517 1501; x_wconf 90' lang='lat' dir='ltr'><strong>quatuor</strong></span> <span class='ocrx_word' id='word_1_209' title='bbox 548 1452 725 1501; x_wconf 88' lang='lat' dir='ltr'><strong>planetae</strong></span> <span class='ocrx_word' id='word_1_210' title='bbox 760 1454 923 1501; x_wconf 87' lang='lat' dir='ltr'><strong>seculis,</strong></span> <span class='ocrx_word' id='word_1_211' title='bbox 957 1455 1126 1503; x_wconf 89' lang='lat' dir='ltr'><strong>quinque</strong></span> <span class='ocrx_word' id='word_1_212' title='bbox 1153 1453 1390 1504; x_wconf 87' lang='lat' dir='ltr'><strong>myriadibus</strong></span> <span class='ocrx_word' id='word_1_213' title='bbox 1425 1453 1578 1492; x_wconf 89' lang='lat' dir='ltr'><strong>demum</strong></span> <span class='ocrx_word' id='word_1_214' title='bbox 1614 1466 1800 1492; x_wconf 87' lang='lat' dir='ltr'><strong>annorum</strong></span> <span class='ocrx_word' id='word_1_215' title='bbox 1836 1455 1957 1492; x_wconf 88' lang='lat' dir='ltr'><strong>inter-</strong></span> 
     </span>
     <span class='ocr_line' id='line_1_23' title="bbox 172 1511 1957 1564; baseline 0.001 -16"><span class='ocrx_word' id='word_1_216' title='bbox 172 1513 308 1560; x_wconf 89' lang='lat' dir='ltr'><strong>positis</strong></span> <span class='ocrx_word' id='word_1_217' title='bbox 340 1522 385 1549; x_wconf 91' lang='lat' dir='ltr'><strong>eo</strong></span> <span class='ocrx_word' id='word_1_218' title='bbox 417 1513 668 1559; x_wconf 83' lang='lat' dir='ltr'><strong>perveniunt3</strong></span> <span class='ocrx_word' id='word_1_219' title='bbox 701 1516 743 1549; x_wconf 92' lang='lat' dir='ltr'><strong>ut</strong></span> <span class='ocrx_word' id='word_1_220' title='bbox 776 1523 865 1550; x_wconf 89' lang='lat' dir='ltr'><strong>vero</strong></span> <span class='ocrx_word' id='word_1_221' title='bbox 898 1523 1030 1550; x_wconf 90' lang='lat' dir='ltr'><strong>omnes</strong></span> <span class='ocrx_word' id='word_1_222' title='bbox 1061 1525 1128 1550; x_wconf 85' lang='lat' dir='ltr'><strong>sex</strong></span> <span class='ocrx_word' id='word_1_223' title='bbox 1158 1514 1214 1551; x_wconf 85' lang='lat' dir='ltr'><strong>sic</strong></span> <span class='ocrx_word' id='word_1_224' title='bbox 1236 1513 1480 1558; x_wconf 87' lang='lat' dir='ltr'><strong>conveniant,</strong></span> <span class='ocrx_word' id='word_1_225' title='bbox 1512 1511 1551 1549; x_wconf 88' lang='lat' dir='ltr'><strong>id</strong></span> <span class='ocrx_word' id='word_1_226' title='bbox 1585 1512 1845 1564; x_wconf 81' lang='lat' dir='ltr'><strong>„longissimis</strong></span> <span class='ocrx_word' id='word_1_227' title='bbox 1868 1514 1957 1551; x_wconf 85' lang='lat' dir='ltr'><strong>aevi</strong></span> 
     </span>
     <span class='ocr_line' id='line_1_24' title="bbox 172 1569 1958 1620; baseline 0 -13"><span class='ocrx_word' id='word_1_228' title='bbox 172 1571 307 1618; x_wconf 89' lang='lat' dir='ltr'><strong>spatiis</strong></span> <span class='ocrx_word' id='word_1_229' title='bbox 339 1570 587 1617; x_wconf 88' lang='lat' dir='ltr'><strong>interseptum</strong></span> <span class='ocrx_word' id='word_1_230' title='bbox 619 1574 656 1607; x_wconf 93' lang='lat' dir='ltr'><strong>et</strong></span> <span class='ocrx_word' id='word_1_231' title='bbox 687 1571 835 1617; x_wconf 88' lang='lat' dir='ltr'><strong>nescio,</strong></span> <span class='ocrx_word' id='word_1_232' title='bbox 879 1581 925 1608; x_wconf 89' lang='lat' dir='ltr'><strong>an</strong></span> <span class='ocrx_word' id='word_1_233' title='bbox 958 1572 1111 1619; x_wconf 84' lang='lat' dir='ltr'><strong>penitus</strong></span> <span class='ocrx_word' id='word_1_234' title='bbox 1142 1569 1383 1620; x_wconf 90' lang='lat' dir='ltr'><strong>impossibile</strong></span> <span class='ocrx_word' id='word_1_235' title='bbox 1423 1571 1494 1616; x_wconf 87' lang='lat' dir='ltr'><strong>sit,</strong></span> <span class='ocrx_word' id='word_1_236' title='bbox 1537 1570 1597 1607; x_wconf 93' lang='lat' dir='ltr'><strong>bis</strong></span> <span class='ocrx_word' id='word_1_237' title='bbox 1639 1572 1858 1619; x_wconf 86' lang='lat' dir='ltr'><strong>contingere</strong></span> <span class='ocrx_word' id='word_1_238' title='bbox 1889 1582 1958 1620; x_wconf 90' lang='lat' dir='ltr'><strong>per</strong></span> 
     </span>
     <span class='ocr_line' id='line_1_25' title="bbox 174 1627 1958 1678; baseline 0.001 -13"><span class='ocrx_word' id='word_1_239' title='bbox 174 1632 347 1665; x_wconf 85' lang='lat' dir='ltr'><strong>exactam</strong></span> <span class='ocrx_word' id='word_1_240' title='bbox 380 1627 660 1675; x_wconf 88' lang='lat' dir='ltr'><strong>evolutionem,</strong></span> <span class='ocrx_word' id='word_1_241' title='bbox 703 1630 909 1677; x_wconf 86' lang='lat' dir='ltr'><strong>potiusque</strong></span> <span class='ocrx_word' id='word_1_242' title='bbox 939 1630 1167 1678; x_wconf 89' lang='lat' dir='ltr'><strong>principium</strong></span> <span class='ocrx_word' id='word_1_243' title='bbox 1208 1627 1403 1677; x_wconf 86' lang='lat' dir='ltr'><strong>quoddam</strong></span> <span class='ocrx_word' id='word_1_244' title='bbox 1441 1629 1624 1676; x_wconf 88' lang='lat' dir='ltr'><strong>temporis</strong></span> <span class='ocrx_word' id='word_1_245' title='bbox 1656 1628 1901 1676; x_wconf 87' lang='lat' dir='ltr'><strong>demonstret,</strong></span> <span class='ocrx_word' id='word_1_246' title='bbox 1933 1640 1958 1666; x_wconf 90' lang='lat' dir='ltr'><strong>a</strong></span> 
     </span>
     <span class='ocr_line' id='line_1_26' title="bbox 174 1685 1956 1734; baseline 0.001 -11"><span class='ocrx_word' id='word_1_247' title='bbox 174 1697 249 1734; x_wconf 91' lang='lat' dir='ltr'><strong>quo</strong></span> <span class='ocrx_word' id='word_1_248' title='bbox 281 1686 404 1723; x_wconf 92' lang='lat' dir='ltr'><strong>omnis</strong></span> <span class='ocrx_word' id='word_1_249' title='bbox 434 1685 565 1722; x_wconf 89' lang='lat' dir='ltr'><strong>mundi</strong></span> <span class='ocrx_word' id='word_1_250' title='bbox 597 1690 706 1723; x_wconf 89' lang='lat' dir='ltr'><strong>aetas</strong></span> <span class='ocrx_word' id='word_1_251' title='bbox 738 1685 978 1725; x_wconf 84' lang='lat' dir='ltr'><strong>defluxerit“.</strong></span> <span class='ocrx_word' id='word_1_252' title='bbox 1021 1687 1140 1724; x_wconf 90' lang='lat' dir='ltr'><strong>Vario</strong></span> <span class='ocrx_word' id='word_1_253' title='bbox 1172 1692 1301 1724; x_wconf 88' lang='lat' dir='ltr'><strong>autem</strong></span> <span class='ocrx_word' id='word_1_254' title='bbox 1332 1685 1448 1723; x_wconf 91' lang='lat' dir='ltr'><strong>modo</strong></span> <span class='ocrx_word' id='word_1_255' title='bbox 1482 1687 1657 1724; x_wconf 89' lang='lat' dir='ltr'><strong>instituta</strong></span> <span class='ocrx_word' id='word_1_256' title='bbox 1688 1686 1762 1724; x_wconf 84' lang='lat' dir='ltr'><strong>hac</strong></span> <span class='ocrx_word' id='word_1_257' title='bbox 1783 1691 1956 1724; x_wconf 87' lang='lat' dir='ltr'><strong>motuum</strong></span> 
     </span>
     <span class='ocr_line' id='line_1_27' title="bbox 173 1744 1956 1793; baseline 0.002 -13"><span class='ocrx_word' id='word_1_258' title='bbox 173 1744 412 1792; x_wconf 87' lang='lat' dir='ltr'><strong>planetarum</strong></span> <span class='ocrx_word' id='word_1_259' title='bbox 453 1745 740 1793; x_wconf 87' lang='lat' dir='ltr'><strong>comparatione</strong></span> <span class='ocrx_word' id='word_1_260' title='bbox 780 1744 928 1791; x_wconf 79' lang='lat' dir='ltr'><strong>colligit</strong></span> <span class='ocrx_word' id='word_1_261' title='bbox 967 1744 1073 1792; x_wconf 89' lang='lat' dir='ltr'><strong>inde,</strong></span> <span class='ocrx_word' id='word_1_262' title='bbox 1121 1745 1389 1793; x_wconf 84' lang='lat' dir='ltr'><strong>„planetarum</strong></span> <span class='ocrx_word' id='word_1_263' title='bbox 1429 1748 1557 1782; x_wconf 88' lang='lat' dir='ltr'><strong>motus</strong></span> <span class='ocrx_word' id='word_1_264' title='bbox 1597 1749 1789 1783; x_wconf 84' lang='lat' dir='ltr'><strong>extremos</strong></span> <span class='ocrx_word' id='word_1_265' title='bbox 1829 1756 1956 1793; x_wconf 88' lang='lat' dir='ltr'><strong>neque</strong></span> 
     </span>
     <span class='ocr_line' id='line_1_28' title="bbox 174 1802 1957 1851; baseline 0.001 -13"><span class='ocrx_word' id='word_1_266' title='bbox 174 1813 307 1839; x_wconf 91' lang='lat' dir='ltr'><strong>omnes</strong></span> <span class='ocrx_word' id='word_1_267' title='bbox 339 1802 386 1839; x_wconf 86' lang='lat' dir='ltr'><strong>ad</strong></span> <span class='ocrx_word' id='word_1_268' title='bbox 418 1813 535 1839; x_wconf 89' lang='lat' dir='ltr'><strong>uuum</strong></span> <span class='ocrx_word' id='word_1_269' title='bbox 569 1806 740 1851; x_wconf 88' lang='lat' dir='ltr'><strong>systema</strong></span> <span class='ocrx_word' id='word_1_270' title='bbox 769 1802 943 1840; x_wconf 87' lang='lat' dir='ltr'><strong>naturale</strong></span> <span class='ocrx_word' id='word_1_271' title='bbox 985 1814 1052 1840; x_wconf 89' lang='lat' dir='ltr'><strong>seu</strong></span> <span class='ocrx_word' id='word_1_272' title='bbox 1092 1802 1237 1840; x_wconf 87' lang='lat' dir='ltr'><strong>scalam</strong></span> <span class='ocrx_word' id='word_1_273' title='bbox 1268 1803 1455 1840; x_wconf 87' lang='lat' dir='ltr'><strong>musicam</strong></span> <span class='ocrx_word' id='word_1_274' title='bbox 1493 1802 1770 1851; x_wconf 85' lang='lat' dir='ltr'><strong>perfectissime</strong></span> <span class='ocrx_word' id='word_1_275' title='bbox 1802 1814 1957 1840; x_wconf 91' lang='lat' dir='ltr'><strong>accom-</strong></span> 
     </span>
     <span class='ocr_line' id='line_1_29' title="bbox 172 1859 1956 1910; baseline 0.001 -13"><span class='ocrx_word' id='word_1_276' title='bbox 172 1859 348 1897; x_wconf 87' lang='lat' dir='ltr'><strong>modatos</strong></span> <span class='ocrx_word' id='word_1_277' title='bbox 380 1871 487 1905; x_wconf 87' lang='lat' dir='ltr'><strong>esse,</strong></span> <span class='ocrx_word' id='word_1_278' title='bbox 524 1871 664 1907; x_wconf 90' lang='lat' dir='ltr'><strong>neque,</strong></span> <span class='ocrx_word' id='word_1_279' title='bbox 709 1861 774 1908; x_wconf 90' lang='lat' dir='ltr'><strong>qui</strong></span> <span class='ocrx_word' id='word_1_280' title='bbox 804 1859 853 1897; x_wconf 89' lang='lat' dir='ltr'><strong>ad</strong></span> <span class='ocrx_word' id='word_1_281' title='bbox 884 1864 1055 1910; x_wconf 85' lang='lat' dir='ltr'><strong>systema</strong></span> <span class='ocrx_word' id='word_1_282' title='bbox 1086 1862 1270 1898; x_wconf 87' lang='lat' dir='ltr'><strong>tensionis</strong></span> <span class='ocrx_word' id='word_1_283' title='bbox 1313 1860 1485 1909; x_wconf 89' lang='lat' dir='ltr'><strong>ejusdem</strong></span> <span class='ocrx_word' id='word_1_284' title='bbox 1523 1860 1806 1898; x_wconf 89' lang='lat' dir='ltr'><strong>accommodati</strong></span> <span class='ocrx_word' id='word_1_285' title='bbox 1836 1865 1956 1907; x_wconf 83' lang='lat' dir='ltr'><strong>erant,</strong></span> 
     </span>
     <span class='ocr_line' id='line_1_30' title="bbox 174 1917 1958 1957; baseline 0 -1"><span class='ocrx_word' id='word_1_286' title='bbox 174 1930 305 1956; x_wconf 90' lang='lat' dir='ltr'><strong>omnes</strong></span> <span class='ocrx_word' id='word_1_287' title='bbox 336 1917 424 1955; x_wconf 88' lang='lat' dir='ltr'><strong>illos</strong></span> <span class='ocrx_word' id='word_1_288' title='bbox 454 1917 541 1955; x_wconf 84' lang='lat' dir='ltr'><strong>loca</strong></span> <span class='ocrx_word' id='word_1_289' title='bbox 579 1917 680 1955; x_wconf 90' lang='lat' dir='ltr'><strong>illius</strong></span> <span class='ocrx_word' id='word_1_290' title='bbox 711 1918 878 1955; x_wconf 89' lang='lat' dir='ltr'><strong>naturali</strong></span> <span class='ocrx_word' id='word_1_291' title='bbox 918 1920 1065 1957; x_wconf 90' lang='lat' dir='ltr'><strong>ratione</strong></span> <span class='ocrx_word' id='word_1_292' title='bbox 1105 1917 1284 1957; x_wconf 85' lang='lat' dir='ltr'><strong>divisisse</strong></span> <span class='ocrx_word' id='word_1_293' title='bbox 1327 1930 1394 1956; x_wconf 88' lang='lat' dir='ltr'><strong>seu</strong></span> <span class='ocrx_word' id='word_1_294' title='bbox 1433 1919 1716 1956; x_wconf 85' lang='lat' dir='ltr'><strong>successionem</strong></span> <span class='ocrx_word' id='word_1_295' title='bbox 1748 1919 1958 1957; x_wconf 89' lang='lat' dir='ltr'><strong>concinno-</strong></span> 
     </span>
     <span class='ocr_line' id='line_1_31' title="bbox 172 1974 1956 2025; baseline 0 -12"><span class='ocrx_word' id='word_1_296' title='bbox 172 1988 254 2013; x_wconf 90' lang='lat' dir='ltr'><strong>rum</strong></span> <span class='ocrx_word' id='word_1_297' title='bbox 286 1975 574 2013; x_wconf 86' lang='lat' dir='ltr'><strong>intervallorum</strong></span> <span class='ocrx_word' id='word_1_298' title='bbox 604 1976 817 2013; x_wconf 86' lang='lat' dir='ltr'><strong>naturalem</strong></span> <span class='ocrx_word' id='word_1_299' title='bbox 850 1976 1033 2025; x_wconf 87' lang='lat' dir='ltr'><strong>effecisse,</strong></span> <span class='ocrx_word' id='word_1_300' title='bbox 1067 1976 1345 2025; x_wconf 87' lang='lat' dir='ltr'><strong>deprehensum</strong></span> <span class='ocrx_word' id='word_1_301' title='bbox 1374 1974 1467 2013; x_wconf 80' lang='lat' dir='ltr'><strong>sit“.</strong></span> <span class='ocrx_word' id='word_1_302' title='bbox 1527 1976 1678 2014; x_wconf 88' lang='lat' dir='ltr'><strong>Deinde</strong></span> <span class='ocrx_word' id='word_1_303' title='bbox 1712 1981 1749 2017; x_wconf 83' lang='lat'><strong>4.</strong></span> <span class='ocrx_word' id='word_1_304' title='bbox 1780 1977 1956 2015; x_wconf 89' lang='lat' dir='ltr'><strong>binorum</strong></span> 
     </span>
     <span class='ocr_line' id='line_1_32' title="bbox 172 2033 1959 2083; baseline 0.001 -13"><span class='ocrx_word' id='word_1_305' title='bbox 172 2034 411 2083; x_wconf 87' lang='lat' dir='ltr'><strong>planetarum</strong></span> <span class='ocrx_word' id='word_1_306' title='bbox 434 2038 560 2071; x_wconf 90' lang='lat' dir='ltr'><strong>motus</strong></span> <span class='ocrx_word' id='word_1_307' title='bbox 583 2045 667 2071; x_wconf 90' lang='lat' dir='ltr'><strong>cum</strong></span> <span class='ocrx_word' id='word_1_308' title='bbox 690 2033 898 2071; x_wconf 86' lang='lat' dir='ltr'><strong>harmoniis</strong></span> <span class='ocrx_word' id='word_1_309' title='bbox 921 2035 1177 2082; x_wconf 86' lang='lat' dir='ltr'><strong>conferuntur,</strong></span> <span class='ocrx_word' id='word_1_310' title='bbox 1209 2046 1419 2082; x_wconf 89' lang='lat' dir='ltr'><strong>eorumque</strong></span> <span class='ocrx_word' id='word_1_311' title='bbox 1442 2035 1716 2083; x_wconf 87' lang='lat' dir='ltr'><strong>contemplatio</strong></span> <span class='ocrx_word' id='word_1_312' title='bbox 1739 2035 1800 2072; x_wconf 88' lang='lat' dir='ltr'><strong>his</strong></span> <span class='ocrx_word' id='word_1_313' title='bbox 1830 2034 1959 2072; x_wconf 89' lang='lat' dir='ltr'><strong>finitur</strong></span> 
     </span>
     <span class='ocr_line' id='line_1_33' title="bbox 173 2091 1958 2141; baseline 0.001 -12"><span class='ocrx_word' id='word_1_314' title='bbox 173 2093 321 2130; x_wconf 88' lang='lat' dir='ltr'><strong>verbis:</strong></span> <span class='ocrx_word' id='word_1_315' title='bbox 367 2096 571 2141; x_wconf 84' lang='lat' dir='ltr'><strong>„apparet,</strong></span> <span class='ocrx_word' id='word_1_316' title='bbox 618 2092 716 2129; x_wconf 90' lang='lat' dir='ltr'><strong>hanc</strong></span> <span class='ocrx_word' id='word_1_317' title='bbox 758 2097 928 2129; x_wconf 88' lang='lat' dir='ltr'><strong>mutuam</strong></span> <span class='ocrx_word' id='word_1_318' title='bbox 971 2094 1183 2131; x_wconf 89' lang='lat' dir='ltr'><strong>cessionem</strong></span> <span class='ocrx_word' id='word_1_319' title='bbox 1224 2105 1308 2131; x_wconf 90' lang='lat' dir='ltr'><strong>esse</strong></span> <span class='ocrx_word' id='word_1_320' title='bbox 1350 2091 1464 2130; x_wconf 90' lang='lat' dir='ltr'><strong>valde</strong></span> <span class='ocrx_word' id='word_1_321' title='bbox 1511 2092 1696 2132; x_wconf 79' lang='lat' dir='ltr'><strong>bonam“.</strong></span> <span class='ocrx_word' id='word_1_322' title='bbox 1755 2093 1958 2130; x_wconf 87' lang='lat' dir='ltr'><strong>Postremo</strong></span> 
     </span>
     <span class='ocr_line' id='line_1_34' title="bbox 175 2150 1958 2199; baseline 0 -11"><span class='ocrx_word' id='word_1_323' title='bbox 175 2154 211 2190; x_wconf 75' lang='grc' dir='ltr'><strong>ὃ,</strong></span> <span class='ocrx_word' id='word_1_324' title='bbox 244 2150 425 2188; x_wconf 87' lang='lat' dir='ltr'><strong>adhibitis</strong></span> <span class='ocrx_word' id='word_1_325' title='bbox 457 2150 688 2198; x_wconf 82' lang='lat' dir='ltr'><strong>&#39;corporibus</strong></span> <span class='ocrx_word' id='word_1_326' title='bbox 730 2150 970 2198; x_wconf 82' lang='lat' dir='ltr'><strong>regularibus</strong></span> <span class='ocrx_word' id='word_1_327' title='bbox 1003 2156 1039 2189; x_wconf 90' lang='lat' dir='ltr'><strong>ct</strong></span> <span class='ocrx_word' id='word_1_328' title='bbox 1070 2151 1155 2199; x_wconf 86' lang='lat' dir='ltr'><strong>lege</strong></span> <span class='ocrx_word' id='word_1_329' title='bbox 1188 2150 1234 2189; x_wconf 90' lang='lat' dir='ltr'><strong>de</strong></span> <span class='ocrx_word' id='word_1_330' title='bbox 1258 2151 1465 2188; x_wconf 86' lang='lat' dir='ltr'><strong>distantiae</strong></span> <span class='ocrx_word' id='word_1_331' title='bbox 1497 2155 1613 2199; x_wconf 87' lang='lat' dir='ltr'><strong>atque</strong></span> <span class='ocrx_word' id='word_1_332' title='bbox 1647 2152 1826 2188; x_wconf 89' lang='lat' dir='ltr'><strong>circuitus</strong></span> <span class='ocrx_word' id='word_1_333' title='bbox 1858 2156 1958 2188; x_wconf 89' lang='lat' dir='ltr'><strong>tem-</strong></span> 
     </span>
     <span class='ocr_line' id='line_1_35' title="bbox 173 2208 1954 2258; baseline 0 -12"><span class='ocrx_word' id='word_1_334' title='bbox 173 2211 277 2258; x_wconf 92' lang='lat' dir='ltr'><strong>poris</strong></span> <span class='ocrx_word' id='word_1_335' title='bbox 308 2208 534 2254; x_wconf 86' lang='lat' dir='ltr'><strong>rationibus,</strong></span> <span class='ocrx_word' id='word_1_336' title='bbox 567 2209 713 2246; x_wconf 87' lang='lat' dir='ltr'><strong>numeri</strong></span> <span class='ocrx_word' id='word_1_337' title='bbox 746 2208 832 2245; x_wconf 87' lang='lat' dir='ltr'><strong>inde</strong></span> <span class='ocrx_word' id='word_1_338' title='bbox 865 2209 1027 2246; x_wconf 87' lang='lat' dir='ltr'><strong>confecti</strong></span> <span class='ocrx_word' id='word_1_339' title='bbox 1055 2220 1142 2246; x_wconf 90' lang='lat' dir='ltr'><strong>cum</strong></span> <span class='ocrx_word' id='word_1_340' title='bbox 1171 2209 1381 2247; x_wconf 87' lang='lat' dir='ltr'><strong>harmoniis</strong></span> <span class='ocrx_word' id='word_1_341' title='bbox 1403 2212 1684 2257; x_wconf 81' lang='lat' dir='ltr'><strong>comparantur.</strong></span> <span class='ocrx_word' id='word_1_342' title='bbox 1737 2209 1785 2245; x_wconf 82' lang='lat' dir='ltr'><strong>Et</strong></span> <span class='ocrx_word' id='word_1_343' title='bbox 1816 2220 1954 2257; x_wconf 84' lang='lat' dir='ltr'><strong>quam-</strong></span> 
     </span>
     <span class='ocr_line' id='line_1_36' title="bbox 174 2265 1958 2316; baseline 0.001 -12"><span class='ocrx_word' id='word_1_344' title='bbox 174 2279 288 2316; x_wconf 88' lang='lat' dir='ltr'><strong>quam</strong></span> <span class='ocrx_word' id='word_1_345' title='bbox 320 2278 367 2303; x_wconf 90' lang='lat' dir='ltr'><strong>ne</strong></span> <span class='ocrx_word' id='word_1_346' title='bbox 399 2266 495 2303; x_wconf 90' lang='lat' dir='ltr'><strong>haec</strong></span> <span class='ocrx_word' id='word_1_347' title='bbox 526 2265 679 2313; x_wconf 88' lang='lat' dir='ltr'><strong>quidem</strong></span> <span class='ocrx_word' id='word_1_348' title='bbox 711 2268 947 2314; x_wconf 88' lang='lat' dir='ltr'><strong>comparatio</strong></span> <span class='ocrx_word' id='word_1_349' title='bbox 979 2266 1094 2316; x_wconf 89' lang='lat' dir='ltr'><strong>plane</strong></span> <span class='ocrx_word' id='word_1_350' title='bbox 1127 2279 1174 2306; x_wconf 84' lang='lat' dir='ltr'><strong>ex</strong></span> <span class='ocrx_word' id='word_1_351' title='bbox 1205 2272 1297 2305; x_wconf 92' lang='lat' dir='ltr'><strong>voto</strong></span> <span class='ocrx_word' id='word_1_352' title='bbox 1330 2266 1443 2313; x_wconf 87' lang='lat' dir='ltr'><strong>cedit,</strong></span> <span class='ocrx_word' id='word_1_353' title='bbox 1477 2271 1606 2305; x_wconf 88' lang='lat' dir='ltr'><strong>tamen</strong></span> <span class='ocrx_word' id='word_1_354' title='bbox 1638 2278 1685 2304; x_wconf 90' lang='lat' dir='ltr'><strong>ea</strong></span> <span class='ocrx_word' id='word_1_355' title='bbox 1714 2270 1826 2315; x_wconf 89' lang='lat' dir='ltr'><strong>putat</strong></span> <span class='ocrx_word' id='word_1_356' title='bbox 1846 2266 1958 2316; x_wconf 89' lang='lat' dir='ltr'><strong>Kep-</strong></span> 
     </span>
     <span class='ocr_line' id='line_1_37' title="bbox 173 2323 1072 2373; baseline 0 -11"><span class='ocrx_word' id='word_1_357' title='bbox 173 2325 274 2364; x_wconf 89' lang='lat' dir='ltr'><strong>lerus</strong></span> <span class='ocrx_word' id='word_1_358' title='bbox 307 2323 451 2369; x_wconf 86' lang='lat' dir='ltr'><strong>confici,</strong></span> <span class='ocrx_word' id='word_1_359' title='bbox 486 2323 626 2371; x_wconf 90' lang='lat' dir='ltr'><strong>quibus</strong></span> <span class='ocrx_word' id='word_1_360' title='bbox 660 2325 904 2372; x_wconf 88' lang='lat' dir='ltr'><strong>acquiescere</strong></span> <span class='ocrx_word' id='word_1_361' title='bbox 936 2326 1072 2373; x_wconf 78' lang='lat' dir='ltr'><strong>possit.</strong></span> 
     </span>
    </p>

    <p class='ocr_par' dir='ltr' id='par_1_3' title="bbox 171 2381 1962 3067">
     <span class='ocr_line' id='line_1_38' title="bbox 313 2381 1958 2431; baseline 0 -12"><span class='ocrx_word' id='word_1_362' title='bbox 313 2382 475 2431; x_wconf 86' lang='lat' dir='ltr'><strong>„Itaque</strong></span> <span class='ocrx_word' id='word_1_363' title='bbox 506 2393 643 2418; x_wconf 89' lang='lat' dir='ltr'><strong>maneo</strong></span> <span class='ocrx_word' id='word_1_364' title='bbox 675 2383 799 2430; x_wconf 89' lang='lat' dir='ltr'><strong>inquit</strong></span> <span class='ocrx_word' id='word_1_365' title='bbox 828 2383 867 2418; x_wconf 90' lang='lat' dir='ltr'><strong>in</strong></span> <span class='ocrx_word' id='word_1_366' title='bbox 899 2382 1035 2431; x_wconf 84' lang='lat' dir='ltr'><strong>politia</strong></span> <span class='ocrx_word' id='word_1_367' title='bbox 1064 2382 1288 2421; x_wconf 86' lang='lat' dir='ltr'><strong>harmonica</strong></span> <span class='ocrx_word' id='word_1_368' title='bbox 1320 2385 1493 2419; x_wconf 90' lang='lat' dir='ltr'><strong>motuum</strong></span> <span class='ocrx_word' id='word_1_369' title='bbox 1525 2381 1588 2418; x_wconf 92' lang='lat' dir='ltr'><strong>hic</strong></span> <span class='ocrx_word' id='word_1_370' title='bbox 1611 2386 1796 2431; x_wconf 88' lang='lat' dir='ltr'><strong>usurpata</strong></span> <span class='ocrx_word' id='word_1_371' title='bbox 1817 2386 1854 2419; x_wconf 88' lang='lat' dir='ltr'><strong>et</strong></span> <span class='ocrx_word' id='word_1_372' title='bbox 1875 2385 1958 2419; x_wconf 91' lang='lat' dir='ltr'><strong>toto</strong></span> 
     </span>
     <span class='ocr_line' id='line_1_39' title="bbox 172 2436 1960 2489; baseline 0 -12"><span class='ocrx_word' id='word_1_373' title='bbox 172 2441 246 2479; x_wconf 85' lang='lat' dir='ltr'><strong>hoc</strong></span> <span class='ocrx_word' id='word_1_374' title='bbox 277 2441 402 2488; x_wconf 89' lang='lat' dir='ltr'><strong>capite</strong></span> <span class='ocrx_word' id='word_1_375' title='bbox 434 2436 680 2477; x_wconf 79' lang='lat' dir='ltr'><strong>confirmata.&#39;</strong></span> <span class='ocrx_word' id='word_1_376' title='bbox 711 2440 971 2477; x_wconf 85' lang='lat' dir='ltr'><strong>Veruntamen</strong></span> <span class='ocrx_word' id='word_1_377' title='bbox 1003 2440 1076 2478; x_wconf 90' lang='lat' dir='ltr'><strong>hoc</strong></span> <span class='ocrx_word' id='word_1_378' title='bbox 1109 2440 1284 2489; x_wconf 88' lang='lat' dir='ltr'><strong>exemplo</strong></span> <span class='ocrx_word' id='word_1_379' title='bbox 1317 2451 1398 2486; x_wconf 92' lang='lat' dir='ltr'><strong>vos,</strong></span> <span class='ocrx_word' id='word_1_380' title='bbox 1432 2443 1624 2487; x_wconf 85' lang='lat' dir='ltr'><strong>quotquot</strong></span> <span class='ocrx_word' id='word_1_381' title='bbox 1654 2441 1693 2476; x_wconf 87' lang='lat' dir='ltr'><strong>in</strong></span> <span class='ocrx_word' id='word_1_382' title='bbox 1724 2439 1840 2488; x_wconf 86' lang='lat' dir='ltr'><strong>hujus</strong></span> <span class='ocrx_word' id='word_1_383' title='bbox 1871 2439 1960 2477; x_wconf 88' lang='lat' dir='ltr'><strong>libri</strong></span> 
     </span>
     <span class='ocr_line' id='line_1_40' title="bbox 171 2496 1956 2547; baseline -0.001 -12"><span class='ocrx_word' id='word_1_384' title='bbox 171 2499 375 2536; x_wconf 86' lang='lat' dir='ltr'><strong>lectionem</strong></span> <span class='ocrx_word' id='word_1_385' title='bbox 406 2496 582 2534; x_wconf 87' lang='lat' dir='ltr'><strong>incidetis</strong></span> <span class='ocrx_word' id='word_1_386' title='bbox 614 2497 895 2536; x_wconf 88' lang='lat' dir='ltr'><strong>mathematicis</strong></span> <span class='ocrx_word' id='word_1_387' title='bbox 928 2498 1140 2547; x_wconf 88' lang='lat' dir='ltr'><strong>disciplinis</strong></span> <span class='ocrx_word' id='word_1_388' title='bbox 1170 2503 1208 2536; x_wconf 88' lang='lat' dir='ltr'><strong>et</strong></span> <span class='ocrx_word' id='word_1_389' title='bbox 1238 2508 1410 2535; x_wconf 89' lang='lat' dir='ltr'><strong>summae</strong></span> <span class='ocrx_word' id='word_1_390' title='bbox 1441 2496 1713 2546; x_wconf 86' lang='lat' dir='ltr'><strong>philosophiae</strong></span> <span class='ocrx_word' id='word_1_391' title='bbox 1736 2498 1956 2547; x_wconf 82' lang='lat' dir='ltr'><strong>cognitione</strong></span> 
     </span>
     <span class='ocr_line' id='line_1_41' title="bbox 175 2555 1954 2605; baseline -0.001 -12"><span class='ocrx_word' id='word_1_392' title='bbox 175 2557 324 2602; x_wconf 80' lang='lat' dir='ltr'><strong>imbuti,</strong></span> <span class='ocrx_word' id='word_1_393' title='bbox 359 2567 490 2593; x_wconf 89' lang='lat' dir='ltr'><strong>omnes</strong></span> <span class='ocrx_word' id='word_1_394' title='bbox 521 2566 714 2604; x_wconf 86' lang='lat' dir='ltr'><strong>provoco:</strong></span> <span class='ocrx_word' id='word_1_395' title='bbox 758 2558 862 2604; x_wconf 83' lang='lat' dir='ltr'><strong>agite</strong></span> <span class='ocrx_word' id='word_1_396' title='bbox 893 2558 1050 2602; x_wconf 88' lang='lat' dir='ltr'><strong>strenui,</strong></span> <span class='ocrx_word' id='word_1_397' title='bbox 1085 2556 1147 2594; x_wconf 90' lang='lat' dir='ltr'><strong>vel</strong></span> <span class='ocrx_word' id='word_1_398' title='bbox 1179 2568 1295 2594; x_wconf 90' lang='lat' dir='ltr'><strong>unam</strong></span> <span class='ocrx_word' id='word_1_399' title='bbox 1326 2567 1372 2593; x_wconf 81' lang='lat' dir='ltr'><strong>ex</strong></span> <span class='ocrx_word' id='word_1_400' title='bbox 1404 2555 1616 2592; x_wconf 79' lang='lat' dir='ltr'><strong>harmoniis</strong></span> <span class='ocrx_word' id='word_1_401' title='bbox 1646 2557 1791 2605; x_wconf 88' lang='lat' dir='ltr'><strong>passim</strong></span> <span class='ocrx_word' id='word_1_402' title='bbox 1824 2555 1954 2604; x_wconf 90' lang='lat' dir='ltr'><strong>appli-</strong></span> 
     </span>
     <span class='ocr_line' id='line_1_42' title="bbox 174 2613 1961 2663; baseline -0.001 -11"><span class='ocrx_word' id='word_1_403' title='bbox 174 2616 268 2652; x_wconf 89' lang='lat' dir='ltr'><strong>catis</strong></span> <span class='ocrx_word' id='word_1_404' title='bbox 292 2613 512 2658; x_wconf 85' lang='lat' dir='ltr'><strong>convellite,</strong></span> <span class='ocrx_word' id='word_1_405' title='bbox 545 2624 630 2650; x_wconf 88' lang='lat' dir='ltr'><strong>cum</strong></span> <span class='ocrx_word' id='word_1_406' title='bbox 651 2614 728 2651; x_wconf 90' lang='lat' dir='ltr'><strong>alia</strong></span> <span class='ocrx_word' id='word_1_407' title='bbox 750 2613 883 2661; x_wconf 89' lang='lat' dir='ltr'><strong>aliqua</strong></span> <span class='ocrx_word' id='word_1_408' title='bbox 902 2619 1118 2662; x_wconf 88' lang='lat' dir='ltr'><strong>permutate</strong></span> <span class='ocrx_word' id='word_1_409' title='bbox 1139 2619 1176 2652; x_wconf 91' lang='lat' dir='ltr'><strong>et</strong></span> <span class='ocrx_word' id='word_1_410' title='bbox 1208 2614 1446 2663; x_wconf 82' lang='lat' dir='ltr'><strong>experimini,</strong></span> <span class='ocrx_word' id='word_1_411' title='bbox 1478 2625 1569 2650; x_wconf 91' lang='lat' dir='ltr'><strong>num</strong></span> <span class='ocrx_word' id='word_1_412' title='bbox 1590 2617 1669 2650; x_wconf 89' lang='lat' dir='ltr'><strong>tam</strong></span> <span class='ocrx_word' id='word_1_413' title='bbox 1691 2625 1811 2662; x_wconf 88' lang='lat' dir='ltr'><strong>prope</strong></span> <span class='ocrx_word' id='word_1_414' title='bbox 1833 2618 1961 2651; x_wconf 86' lang='lat' dir='ltr'><strong>astro-</strong></span> 
     </span>
     <span class='ocr_line' id='line_1_43' title="bbox 174 2670 1959 2719; baseline -0.001 -10"><span class='ocrx_word' id='word_1_415' title='bbox 174 2674 342 2709; x_wconf 82' lang='lat' dir='ltr'><strong>nomiam</strong></span> <span class='ocrx_word' id='word_1_416' title='bbox 373 2672 563 2709; x_wconf 87' lang='lat' dir='ltr'><strong>accessuri</strong></span> <span class='ocrx_word' id='word_1_417' title='bbox 595 2671 691 2717; x_wconf 88' lang='lat' dir='ltr'><strong>sitis,</strong></span> <span class='ocrx_word' id='word_1_418' title='bbox 724 2671 786 2709; x_wconf 92' lang='lat' dir='ltr'><strong>vel</strong></span> <span class='ocrx_word' id='word_1_419' title='bbox 808 2672 1028 2710; x_wconf 89' lang='lat' dir='ltr'><strong>contendite</strong></span> <span class='ocrx_word' id='word_1_420' title='bbox 1050 2672 1277 2719; x_wconf 87' lang='lat' dir='ltr'><strong>rationibus,</strong></span> <span class='ocrx_word' id='word_1_421' title='bbox 1307 2683 1397 2708; x_wconf 92' lang='lat' dir='ltr'><strong>num</strong></span> <span class='ocrx_word' id='word_1_422' title='bbox 1429 2670 1566 2708; x_wconf 88' lang='lat' dir='ltr'><strong>melius</strong></span> <span class='ocrx_word' id='word_1_423' title='bbox 1599 2676 1637 2709; x_wconf 88' lang='lat' dir='ltr'><strong>et</strong></span> <span class='ocrx_word' id='word_1_424' title='bbox 1668 2672 1959 2709; x_wconf 87' lang='lat' dir='ltr'><strong>convenientius</strong></span> 
     </span>
     <span class='ocr_line' id='line_1_44' title="bbox 175 2729 1958 2779; baseline -0.002 -11"><span class='ocrx_word' id='word_1_425' title='bbox 175 2730 319 2778; x_wconf 83' lang='lat' dir='ltr'><strong>aliquid</strong></span> <span class='ocrx_word' id='word_1_426' title='bbox 356 2729 524 2766; x_wconf 88' lang='lat' dir='ltr'><strong>motibus</strong></span> <span class='ocrx_word' id='word_1_427' title='bbox 565 2729 796 2767; x_wconf 89' lang='lat' dir='ltr'><strong>coelestibus</strong></span> <span class='ocrx_word' id='word_1_428' title='bbox 836 2734 1029 2777; x_wconf 89' lang='lat' dir='ltr'><strong>astruere,</strong></span> <span class='ocrx_word' id='word_1_429' title='bbox 1072 2730 1363 2779; x_wconf 87' lang='lat' dir='ltr'><strong>dispositionem</strong></span> <span class='ocrx_word' id='word_1_430' title='bbox 1406 2740 1496 2766; x_wconf 86' lang='lat' dir='ltr'><strong>vero</strong></span> <span class='ocrx_word' id='word_1_431' title='bbox 1530 2741 1552 2766; x_wconf 89' lang='lat' dir='ltr'><strong>a</strong></span> <span class='ocrx_word' id='word_1_432' title='bbox 1583 2741 1643 2766; x_wconf 89' lang='lat' dir='ltr'><strong>me</strong></span> <span class='ocrx_word' id='word_1_433' title='bbox 1675 2729 1887 2766; x_wconf 87' lang='lat' dir='ltr'><strong>adhibitam</strong></span> <span class='ocrx_word' id='word_1_434' title='bbox 1919 2730 1958 2765; x_wconf 92' lang='lat' dir='ltr'><strong>in</strong></span> 
     </span>
     <span class='ocr_line' id='line_1_45' title="bbox 175 2786 1956 2836; baseline -0.002 -10"><span class='ocrx_word' id='word_1_435' title='bbox 175 2794 282 2836; x_wconf 84' lang='lat' dir='ltr'><strong>parte</strong></span> <span class='ocrx_word' id='word_1_436' title='bbox 315 2788 378 2825; x_wconf 90' lang='lat' dir='ltr'><strong>vel</strong></span> <span class='ocrx_word' id='word_1_437' title='bbox 409 2792 491 2825; x_wconf 84' lang='lat' dir='ltr'><strong>toto</strong></span> <span class='ocrx_word' id='word_1_438' title='bbox 523 2786 718 2825; x_wconf 88' lang='lat' dir='ltr'><strong>destruere</strong></span> <span class='ocrx_word' id='word_1_439' title='bbox 750 2788 919 2836; x_wconf 85' lang='lat' dir='ltr'><strong>possitis.</strong></span> <span class='ocrx_word' id='word_1_440' title='bbox 983 2787 1180 2836; x_wconf 85' lang='lat' dir='ltr'><strong>Quidquid</strong></span> <span class='ocrx_word' id='word_1_441' title='bbox 1212 2787 1261 2826; x_wconf 88' lang='lat' dir='ltr'><strong>ad</strong></span> <span class='ocrx_word' id='word_1_442' title='bbox 1292 2787 1455 2836; x_wconf 86' lang='lat' dir='ltr'><strong>gloriam</strong></span> <span class='ocrx_word' id='word_1_443' title='bbox 1487 2787 1714 2835; x_wconf 87' lang='lat' dir='ltr'><strong>pertinuerit</strong></span> <span class='ocrx_word' id='word_1_444' title='bbox 1736 2786 1956 2824; x_wconf 87' lang='lat' dir='ltr'><strong>Conditoris</strong></span> 
     </span>
     <span class='ocr_line' id='line_1_46' title="bbox 175 2844 1960 2895; baseline 0 -13"><span class='ocrx_word' id='word_1_445' title='bbox 175 2851 212 2882; x_wconf 89' lang='lat' dir='ltr'><strong>et</strong></span> <span class='ocrx_word' id='word_1_446' title='bbox 236 2846 390 2882; x_wconf 88' lang='lat' dir='ltr'><strong>Domini</strong></span> <span class='ocrx_word' id='word_1_447' title='bbox 422 2845 554 2891; x_wconf 90' lang='lat' dir='ltr'><strong>nostri,</strong></span> <span class='ocrx_word' id='word_1_448' title='bbox 587 2844 625 2881; x_wconf 89' lang='lat' dir='ltr'><strong>id</strong></span> <span class='ocrx_word' id='word_1_449' title='bbox 656 2857 779 2894; x_wconf 89' lang='lat' dir='ltr'><strong>aeque</strong></span> <span class='ocrx_word' id='word_1_450' title='bbox 813 2845 922 2882; x_wconf 90' lang='lat' dir='ltr'><strong>vobis</strong></span> <span class='ocrx_word' id='word_1_451' title='bbox 953 2858 1020 2895; x_wconf 88' lang='lat' dir='ltr'><strong>per</strong></span> <span class='ocrx_word' id='word_1_452' title='bbox 1050 2858 1177 2883; x_wconf 90' lang='lat' dir='ltr'><strong>meum</strong></span> <span class='ocrx_word' id='word_1_453' title='bbox 1207 2846 1310 2883; x_wconf 90' lang='lat' dir='ltr'><strong>hunc</strong></span> <span class='ocrx_word' id='word_1_454' title='bbox 1339 2845 1480 2882; x_wconf 91' lang='lat' dir='ltr'><strong>librum</strong></span> <span class='ocrx_word' id='word_1_455' title='bbox 1511 2844 1660 2881; x_wconf 92' lang='lat' dir='ltr'><strong>licitum</strong></span> <span class='ocrx_word' id='word_1_456' title='bbox 1682 2849 1777 2890; x_wconf 81' lang='lat' dir='ltr'><strong>esto,</strong></span> <span class='ocrx_word' id='word_1_457' title='bbox 1810 2854 1855 2882; x_wconf 81' lang='lat' dir='ltr'><strong>ac</strong></span> <span class='ocrx_word' id='word_1_458' title='bbox 1877 2845 1960 2892; x_wconf 89' lang='lat' dir='ltr'><strong>ipse</strong></span> 
     </span>
     <span class='ocr_line' id='line_1_47' title="bbox 175 2902 1962 2952; baseline -0.001 -13"><span class='ocrx_word' id='word_1_459' title='bbox 175 2903 368 2940; x_wconf 88' lang='lat' dir='ltr'><strong>licentiam</strong></span> <span class='ocrx_word' id='word_1_460' title='bbox 401 2903 493 2939; x_wconf 90' lang='lat' dir='ltr'><strong>mihi</strong></span> <span class='ocrx_word' id='word_1_461' title='bbox 524 2903 643 2940; x_wconf 87' lang='lat' dir='ltr'><strong>sumsi</strong></span> <span class='ocrx_word' id='word_1_462' title='bbox 674 2903 723 2940; x_wconf 91' lang='lat' dir='ltr'><strong>ad</strong></span> <span class='ocrx_word' id='word_1_463' title='bbox 754 2903 853 2940; x_wconf 90' lang='lat' dir='ltr'><strong>hanc</strong></span> <span class='ocrx_word' id='word_1_464' title='bbox 885 2903 1017 2941; x_wconf 88' lang='lat' dir='ltr'><strong>horam</strong></span> <span class='ocrx_word' id='word_1_465' title='bbox 1049 2916 1184 2952; x_wconf 88' lang='lat' dir='ltr'><strong>usque,</strong></span> <span class='ocrx_word' id='word_1_466' title='bbox 1216 2902 1390 2941; x_wconf 88' lang='lat' dir='ltr'><strong>mutandi</strong></span> <span class='ocrx_word' id='word_1_467' title='bbox 1413 2902 1558 2950; x_wconf 88' lang='lat' dir='ltr'><strong>passim</strong></span> <span class='ocrx_word' id='word_1_468' title='bbox 1590 2902 1669 2948; x_wconf 89' lang='lat' dir='ltr'><strong>illa,</strong></span> <span class='ocrx_word' id='word_1_469' title='bbox 1702 2913 1801 2949; x_wconf 87' lang='lat' dir='ltr'><strong>quae</strong></span> <span class='ocrx_word' id='word_1_470' title='bbox 1822 2903 1962 2950; x_wconf 89' lang='lat' dir='ltr'><strong>priori-</strong></span> 
     </span>
     <span class='ocr_line' id='line_1_48' title="bbox 176 2959 1959 3011; baseline 0.001 -14"><span class='ocrx_word' id='word_1_471' title='bbox 176 2962 246 2997; x_wconf 92' lang='lat' dir='ltr'><strong>bus</strong></span> <span class='ocrx_word' id='word_1_472' title='bbox 279 2960 413 2998; x_wconf 88' lang='lat' dir='ltr'><strong>diebus</strong></span> <span class='ocrx_word' id='word_1_473' title='bbox 444 2961 625 2998; x_wconf 89' lang='lat' dir='ltr'><strong>oscitanti</strong></span> <span class='ocrx_word' id='word_1_474' title='bbox 656 2972 747 2998; x_wconf 91' lang='lat' dir='ltr'><strong>cura</strong></span> <span class='ocrx_word' id='word_1_475' title='bbox 778 2960 841 2999; x_wconf 93' lang='lat' dir='ltr'><strong>vel</strong></span> <span class='ocrx_word' id='word_1_476' title='bbox 872 2964 1093 3011; x_wconf 87' lang='lat' dir='ltr'><strong>properanti</strong></span> <span class='ocrx_word' id='word_1_477' title='bbox 1132 2961 1266 3000; x_wconf 87' lang='lat' dir='ltr'><strong>ardore</strong></span> <span class='ocrx_word' id='word_1_478' title='bbox 1306 2965 1554 3010; x_wconf 88' lang='lat' dir='ltr'><strong>praepostere</strong></span> <span class='ocrx_word' id='word_1_479' title='bbox 1596 2964 1782 3008; x_wconf 90' lang='lat' dir='ltr'><strong>concepta</strong></span> <span class='ocrx_word' id='word_1_480' title='bbox 1821 2959 1959 3008; x_wconf 90' lang='lat' dir='ltr'><strong>depre-</strong></span> 
     </span>
     <span class='ocr_line' id='line_1_49' title="bbox 176 3017 521 3067; baseline 0 -13"><span class='ocrx_word' id='word_1_481' title='bbox 176 3017 341 3056; x_wconf 88' lang='lat' dir='ltr'><strong>hendere</strong></span> <span class='ocrx_word' id='word_1_482' title='bbox 373 3019 521 3067; x_wconf 80' lang='lat' dir='ltr'><strong>potui.“</strong></span> 
     </span>
    </p>

    <p class='ocr_par' dir='ltr' id='par_1_4' title="bbox 178 3071 1962 3182">
     <span class='ocr_line' id='line_1_50' title="bbox 314 3071 1960 3125; baseline 0.002 -14"><span class='ocrx_word' id='word_1_483' title='bbox 314 3075 357 3111; x_wconf 87' lang='lat' dir='ltr'><strong>In</strong></span> <span class='ocrx_word' id='word_1_484' title='bbox 395 3075 607 3124; x_wconf 89' lang='lat' dir='ltr'><strong>appendice</strong></span> <span class='ocrx_word' id='word_1_485' title='bbox 646 3075 880 3113; x_wconf 88' lang='lat' dir='ltr'><strong>Harmoniae</strong></span> <span class='ocrx_word' id='word_1_486' title='bbox 928 3075 1111 3124; x_wconf 86' lang='lat' dir='ltr'><strong>adjuncta</strong></span> <span class='ocrx_word' id='word_1_487' title='bbox 1150 3075 1342 3125; x_wconf 85' lang='lat' dir='ltr'><strong>Keplerus</strong></span> <span class='ocrx_word' id='word_1_488' title='bbox 1383 3075 1543 3112; x_wconf 87' lang='lat' dir='ltr'><strong>Roberti</strong></span> <span class='ocrx_word' id='word_1_489' title='bbox 1583 3074 1629 3112; x_wconf 89' lang='lat' dir='ltr'><strong>de</strong></span> <span class='ocrx_word' id='word_1_490' title='bbox 1672 3071 1872 3112; x_wconf 89' lang='lat' dir='ltr'><strong>Fluctibus</strong></span> <span class='ocrx_word' id='word_1_491' title='bbox 1913 3074 1960 3114; x_wconf 86' lang='lat' dir='ltr'><strong>de</strong></span> 
     </span>
     <span class='ocr_line' id='line_1_51' title="bbox 178 3131 1962 3182; baseline 0.002 -14"><span class='ocrx_word' id='word_1_492' title='bbox 178 3131 432 3172; x_wconf 88' lang='lat' dir='ltr'><strong>Microcosmo</strong></span> <span class='ocrx_word' id='word_1_493' title='bbox 465 3137 502 3171; x_wconf 87' lang='lat' dir='ltr'><strong>et</strong></span> <span class='ocrx_word' id='word_1_494' title='bbox 533 3133 800 3172; x_wconf 87' lang='lat' dir='ltr'><strong>Macrocosmo</strong></span> <span class='ocrx_word' id='word_1_495' title='bbox 831 3133 971 3172; x_wconf 90' lang='lat' dir='ltr'><strong>librum</strong></span> <span class='ocrx_word' id='word_1_496' title='bbox 1001 3135 1212 3173; x_wconf 88' lang='lat' dir='ltr'><strong>amicorum</strong></span> <span class='ocrx_word' id='word_1_497' title='bbox 1251 3133 1493 3182; x_wconf 88' lang='lat' dir='ltr'><strong>quorundam</strong></span> <span class='ocrx_word' id='word_1_498' title='bbox 1524 3135 1659 3181; x_wconf 87' lang='lat' dir='ltr'><strong>rogatu</strong></span> <span class='ocrx_word' id='word_1_499' title='bbox 1691 3137 1962 3181; x_wconf 87' lang='lat' dir='ltr'><strong>percensuerat</strong></span> 
     </span>
    </p>
   </div>
   <div class='ocr_carea' id='block_1_3' title="bbox 2070 0 2126 3388">
    <p class='ocr_par' dir='ltr' id='par_1_5' title="bbox 2070 0 2126 3388">
     <span class='ocr_line' id='line_1_52' title="bbox 2070 0 2126 3388; baseline 0 0"><span class='ocrx_word' id='word_1_500' title='bbox 2070 0 2126 3388; x_wconf 95' lang='lat' dir='ltr'><strong> </strong></span> 
     </span>
    </p>
   </div>
  </div>
 </body>
</html>
