2126 3388
248 165 332 210 708
919 168 1002 205 Vita
1025 168 1049 205 J
1051 169 1177 206 oannis
1201 168 1363 215 Kepleri.

246 288 327 323 tate
356 284 471 323 rebus
497 284 579 334 jam
610 287 825 335 prostratis,
856 287 965 325 nulla
994 287 1089 325 mihi
1118 289 1194 326 nisi
1224 288 1336 327 valde
1367 286 1566 327 laboriosa
1596 291 1634 326 et
1653 285 1817 325 molesta
1836 286 2034 336 provincia

246 341 469 381 demandari
499 344 658 392 poterit,
704 344 857 394 qualem
889 346 1019 383 forsan
1050 351 1088 384 et
1117 348 1335 397 provisores
1367 347 1487 385 vestri
1518 345 1749 393 detrectant3
1791 346 1852 382 cui
1893 355 2033 394 operae

243 401 278 438 si
308 402 432 438 minus
465 411 536 449 ego
567 406 721 451 propter
751 403 984 453 superbiam,
1017 409 1117 442 certe
1147 409 1302 454 propter
1322 405 1469 453 ingenii
1489 403 1773 443 volubilitatem
1796 407 1834 439 et
1853 401 2030 440 laborum

242 459 522 508 impatientiam
564 461 716 509 ineptus
758 472 862 508 sum,
905 461 973 498 alii
1013 463 1154 500 rectius
1186 462 1485 500 adhibebuntur.
1544 462 1631 501 Non
1671 460 1767 499 latet
1796 461 2031 509 inspectores

241 527 348 554 meos
379 527 439 553 res
469 516 556 563 ista,
590 528 713 567 eoque
744 518 799 566 fit,
831 524 874 557 ut
904 531 950 557 ne
983 519 1139 569 quidem
1171 520 1472 570 cogitationibus
1503 521 1583 558 suis
1614 531 1674 557 me
1697 518 1889 556 destinent
1918 517 2032 555 labo-

239 574 346 611 ribus
377 573 630 612 scholasticis.
692 575 861 626 Cupiunt
891 588 951 615 me
983 579 1040 615 uti
1071 577 1146 616 hoc
1176 580 1256 616 otio
1287 589 1373 616 meo
1405 577 1673 628 philosophico
1705 576 1752 615 ad
1784 574 2031 613 illustrandas

241 630 466 681 disciplinas
496 632 809 680 mathematicas,
854 639 891 673 et
921 636 953 673 si
984 647 1102 686 penes
1133 637 1238 686 ipsos
1278 637 1447 684 steterit,
1492 647 1687 684 nunquam
1719 634 1811 671 mihi
1848 632 2029 671 salarium

239 700 366 727 meum
408 690 671 739 abrogabitur.
733 691 811 731 Sed
841 693 884 730 fit
913 693 1054 742 injuria
1090 698 1326 744 temporum,
1369 698 1411 731 ut
1449 694 1521 731 frui
1559 693 1631 731 hac
1673 694 1843 742 ipsorum
1885 693 2030 741 optima

238 745 438 785 voluntate
470 748 536 786 diu
566 761 644 786 non
675 751 832 800 possim.
895 750 934 789 Si
966 763 1044 801 qua
1075 753 1133 790 vis
1165 764 1212 790 ex
1241 752 1333 790 aula
1362 753 1545 789 ministris
1577 762 1776 801 procerum
1807 750 1961 798 ingruit,
1995 750 2029 787 ei

238 805 312 854 ipsi
344 816 499 855 quoque
538 812 628 844 sunt
666 809 845 860 obnoxii,
886 813 1036 847 tantum
1073 810 1183 848 abest
1225 815 1268 848 ut
1299 821 1359 848 me
1391 809 1608 847 defendant.
1671 809 1729 846 Ex
1759 808 1882 846 altera
1920 811 2029 857 parte

236 867 325 900 sunt
356 864 455 902 inter
485 876 674 915 proceres,
707 868 773 914 qui
805 867 909 916 quod
940 867 1161 906 academias
1192 867 1384 906 adiverint
1415 869 1633 918 opinionem
1664 867 1810 904 habent
1841 865 2029 903 eruditio-

236 921 307 968 nis,
339 922 480 970 quibus
513 922 586 961 hoc
617 929 786 973 praestat
817 924 1028 972 literatura,
1060 931 1102 964 ut
1133 925 1366 964 confidentia
1397 925 1564 976 quadam
1596 930 1753 963 utantur
1784 925 1821 960 in
1855 928 2028 962 contem-

235 978 371 1016 nendis
413 980 518 1018 hisce
559 982 842 1020 mathematicis
879 983 1234 1034 speculationibus3
1276 996 1395 1034 penes
1433 995 1531 1033 quos
1574 995 1660 1021 cum
1698 984 1748 1020 sit
1778 983 1833 1020 rei
1864 993 2025 1029 summa,

234 1037 365 1074 nescio
397 1049 514 1087 quam
547 1039 611 1077 diu
642 1052 702 1078 me
733 1046 906 1079 tutatura
935 1043 986 1080 sit
1015 1044 1276 1092 inspectorum
1317 1043 1527 1080 auctoritas
1569 1046 1703 1079 contra
1739 1040 1892 1078 illorum
1923 1040 2027 1076 invi-

235 1092 350 1142 diam,
385 1097 451 1144 qui
483 1102 616 1136 contra
647 1110 706 1136 me
741 1099 941 1137 clamitant
971 1099 1035 1138 vel
1066 1105 1166 1138 certe
1197 1101 1415 1148 mussitant,
1448 1111 1524 1137 non
1553 1099 1634 1148 jam
1664 1104 1816 1148 tempus
1839 1109 1922 1136 esse
1945 1097 2026 1135 dis-

235 1152 357 1199 cendi,
390 1153 459 1191 sed
490 1155 757 1204 belligerandi,
791 1159 884 1196 irem
906 1159 1036 1207 potius
1067 1160 1106 1195 in
1129 1157 1389 1204 Germaniam,
1425 1169 1524 1206 quae
1555 1168 1632 1195 non
1664 1158 1719 1194 ita
1739 1161 1934 1206 prematur
1964 1157 2026 1192 in-

235 1212 477 1250 cursionibus
510 1213 682 1252 Turcicis
689 1243 829 1254 .....
883 1215 1030 1264 Quare,
1075 1228 1160 1254 cum
1202 1228 1279 1254 non
1321 1217 1446 1266 possit
1477 1227 1560 1253 esse
1593 1215 1773 1253 diuturna
1814 1215 1909 1252 haec
1938 1225 2026 1252 mea

233 1268 424 1317 conditio,
467 1272 645 1309 omnibus
683 1272 808 1311 modis
840 1285 863 1311 a
894 1279 931 1312 te
963 1279 1076 1323 peto,
1120 1279 1162 1312 ut
1203 1286 1317 1323 super
1357 1274 1430 1312 hac
1461 1285 1547 1312 mea
1587 1285 1773 1323 perquam
1807 1273 2027 1311 necessaria

233 1326 516 1367 consultatione
548 1330 641 1367 mihi
673 1332 792 1368 animi
824 1333 881 1369 tui
911 1344 1026 1370 sensa
1057 1333 1230 1381 aperias:
1264 1337 1438 1370 tutumne
1470 1334 1520 1369 sit
1552 1336 1589 1369 et
1621 1331 1842 1381 expeditum
1874 1334 1912 1369 et
1941 1342 2027 1368 cum

231 1396 300 1434 spe
320 1388 575 1434 promotionis
596 1388 779 1436 futurum,
812 1391 844 1426 si
866 1389 1086 1440 Tubingam
1106 1402 1166 1428 me
1199 1391 1405 1437 conferam,
1439 1401 1487 1427 an
1508 1395 1680 1439 praestet
1701 1391 1737 1426 in
1760 1389 1878 1427 aliam
1900 1393 2028 1426 trans-

230 1443 285 1481 ire
316 1444 587 1483 academiam?
637 1446 676 1484 Si
709 1449 834 1485 minus
867 1454 994 1486 cetera
1025 1448 1101 1486 huc
1131 1449 1313 1486 facientia
1343 1448 1393 1486 ad
1424 1460 1484 1486 me
1517 1449 1576 1486 vis
1611 1448 1858 1497 perscribere,
1891 1451 1930 1484 at
1960 1446 2028 1484 illa

231 1500 409 1550 vulgaria
440 1504 576 1551 scribe,
611 1505 714 1553 quod
744 1506 910 1555 pretium
941 1507 1033 1554 vini,
1067 1507 1257 1553 frumenti,
1292 1508 1357 1555 qui
1390 1510 1628 1544 commeatus
1662 1505 1906 1555 cupediarius
1937 1502 2027 1556 (non

231 1560 331 1597 enim
363 1563 536 1599 assuevit
567 1573 664 1601 uxor
696 1575 783 1602 mea
802 1564 902 1602 fabis
925 1565 1130 1613 victitare),
1163 1566 1229 1614 qui
1250 1564 1386 1603 modus
1414 1563 1751 1603 conducendarum
1783 1563 1955 1610 aedium,
1990 1567 2028 1600 et

230 1617 269 1654 in
299 1629 440 1668 genere
474 1625 618 1668 quanto
650 1627 779 1660 sumtu
811 1623 894 1660 vita
928 1627 951 1660 4
975 1622 1037 1660 vel
1064 1627 1085 1661 5
1119 1623 1319 1661 hominum
1350 1622 1561 1672 vulgariter
1588 1624 1626 1659 in
1650 1634 1792 1661 annum
1814 1620 2027 1660 toleretur?

366 1685 569 1730 Responsio
593 1686 777 1722 Maestlini
802 1688 847 1722 ad
872 1688 939 1723 has
966 1688 1113 1733 Kepleri
1138 1688 1260 1724 literas
1289 1689 1372 1724 data
1397 1693 1452 1723 est
1478 1688 1535 1723 die
1560 1688 1615 1723 25.
1635 1689 1717 1725 Jan.
1735 1689 1837 1724 1600.
1863 1688 2027 1723 Excusat

236 1741 415 1778 silentium
441 1743 658 1790 diuturnum,
687 1746 782 1789 quod
806 1757 871 1790 pro
898 1756 962 1781 sua
987 1746 1164 1782 tenuitate
1189 1747 1338 1782 aliorum
1356 1759 1377 1782 a
1405 1746 1535 1792 quibus
1562 1746 1773 1781 edoceretur
1797 1745 1945 1781 consilio
1969 1755 2028 1780 ne—

232 1809 331 1836 cesse
360 1800 537 1837 habuerit.
586 1803 663 1837 Hos
693 1804 855 1846 suadere,
883 1808 923 1839 ut
951 1804 1129 1849 Keplerus
1159 1815 1223 1849 per
1250 1805 1412 1840 libellum
1442 1805 1641 1849 supplicem
1675 1804 1801 1839 ducem
1830 1804 2026 1839 Wiirttem-

227 1857 371 1902 bergiae
396 1859 439 1895 de
464 1870 630 1904 regressu
647 1861 816 1897 sollicitet
840 1862 949 1906 inque
969 1873 1009 1898 eo
1034 1862 1252 1897 mentionem
1277 1863 1388 1898 faciat
1412 1863 1597 1897 machinae
1623 1862 1893 1905 astronomicae,
1919 1872 2027 1906 quam

229 1916 410 1951 aurifaber
443 1917 729 1962 Stuttgartianus
762 1919 897 1964 ingenti
933 1920 1049 1965 pretio
1086 1920 1340 1955 aestimaverit.
1406 1920 1532 1954 Finem
1564 1918 1651 1954 facit
1683 1920 1897 1955 Maestlinus
1936 1930 2027 1954 vana

232 1975 492 2021 consolatione,
517 1976 767 2020 Tubingenses
794 1978 993 2023 Styriorum
1018 1983 1150 2014 statum
1177 1979 1365 2023 deplorare
1390 1983 1424 2013 et
1442 1979 1558 2013 Deum
1583 1978 1774 2023 implorare
1798 1989 1864 2023 pro
1883 1977 2027 2012 afflictis

230 2032 372 2067 illorum
397 2034 515 2069 rebus.
566 2035 713 2069 Interim
737 2035 936 2080 Keplerus,
962 2035 1098 2071 frustra
1121 2037 1389 2080 responsionem
1416 2040 1649 2082 exspectans,
1676 2037 1709 2073 d.
1736 2037 1790 2071 22.
1816 2035 2027 2071 Novembris

229 2090 408 2135 prioribus
434 2091 548 2127 addit:
583 2090 876 2129 Provinciarum
908 2103 1040 2141 agens,
1074 2094 1139 2141 qui
1161 2092 1310 2142 Pragae
1334 2094 1417 2141 fuit,
1450 2093 1525 2131 huc
1547 2095 1698 2131 vinctus
1729 2098 1817 2131 ante
1838 2096 2020 2130 semestre

230 2145 393 2195 allatus,
426 2150 616 2197 superiori
646 2160 777 2187 mense
809 2154 931 2187 tortus
964 2155 1033 2188 est.
1083 2150 1322 2189 Secretarius
1354 2151 1568 2201 Styriorum
1604 2152 1782 2200 captivus
1813 2150 2019 2188 detinetur.

228 2203 392 2253 Ferunt,
434 2205 687 2245 deliberatum
731 2207 777 2245 de
819 2207 895 2245 alio
935 2210 1108 2258 principe
1147 2208 1311 2258 ideoque
1351 2209 1509 2259 capitali
1547 2210 1738 2259 supplicio
1769 2207 2018 2258 plectendum

228 2261 339 2299 illum
368 2269 560 2312 agentem.
622 2264 776 2303 Interea
807 2266 952 2315 templa
983 2272 1072 2304 ante
1103 2278 1248 2316 paucos
1280 2279 1402 2305 annos
1434 2266 1638 2305 aedificata
1669 2271 1912 2314 evertuntur,
1953 2267 2018 2315 qui

229 2325 363 2358 contra
382 2322 565 2371 principis
588 2322 772 2361 mandata
793 2325 985 2361 ministros
1009 2325 1180 2362 detinent
1201 2326 1305 2363 cives
1338 2324 1579 2374 oppidorum,
1612 2327 1728 2363 armis
1760 2325 1810 2364 ad
1831 2323 2018 2363 obedien-

229 2378 323 2416 tiam
354 2380 638 2428 protrahuntur,
673 2381 829 2419 vincula
859 2382 1002 2430 injecta
1035 2387 1085 2420 20
1119 2394 1298 2431 numero,
1343 2385 1410 2432 qui
1440 2382 1520 2421 heri
1552 2383 1661 2421 allati
1691 2388 1782 2421 sunt
1812 2384 2019 2432 desperata

228 2448 301 2474 sua
332 2438 470 2477 salute.
532 2438 619 2476 Hoc
650 2438 845 2477 decretum
877 2447 915 2478 et
945 2441 1189 2478 sanctissimo
1217 2441 1438 2490 juramento
1471 2441 1736 2480 confirmatum
1766 2446 1822 2479 est
1842 2441 2016 2491 principi,

229 2494 376 2533 nullum
409 2497 562 2534 omnino
596 2498 810 2535 ministrum
843 2498 1029 2536 ecclesiae
1061 2501 1142 2547 pati
1172 2500 1211 2536 in
1243 2501 1322 2537 suis
1353 2501 1583 2548 provinciis,
1617 2511 1664 2537 ne
1697 2499 1852 2549 quidem
1884 2500 1922 2535 in
1953 2510 2018 2536 ar-

231 2553 351 2591 cibus.
414 2554 530 2592 Cives
562 2554 678 2603 hujus
709 2556 826 2602 urbis,
861 2557 927 2604 qui
958 2568 1102 2594 novum
1129 2557 1391 2605 juramentum
1422 2563 1619 2606 praestare
1651 2569 1692 2596 se
1713 2570 1828 2607 posse
1861 2561 2016 2606 negant,

229 2617 391 2660 agentur
421 2613 459 2649 in
492 2613 671 2661 exilium,
714 2625 786 2651 nec
817 2613 951 2652 licebit
991 2616 1083 2663 ipsis
1115 2616 1185 2652 sub
1227 2616 1377 2654 nobiles
1408 2617 1592 2665 migrare;
1640 2615 1828 2654 decimam
1868 2620 2016 2664 partem

228 2668 417 2707 bonorum
456 2676 545 2720 post
575 2683 616 2709 se
648 2671 878 2721 relinquent.
940 2672 1022 2721 Ego
1055 2684 1186 2711 omnes
1219 2674 1442 2712 occasiones
1474 2675 1607 2720 rimor,
1647 2675 1729 2712 sine
1768 2685 1854 2712 meo
1886 2678 2016 2710 sumtu

229 2726 395 2776 Pragam
425 2729 676 2777 perveniendi
708 2729 757 2766 ad
789 2730 1035 2780 Tychonem,
1075 2731 1163 2770 inde
1196 2743 1240 2769 eo
1274 2733 1357 2770 viso
1389 2731 1481 2769 mihi
1521 2732 1617 2769 sorte
1649 2737 1828 2770 nascetur
1860 2732 2013 2769 occasio

231 2782 468 2825 deliberandi
500 2787 546 2825 de
585 2787 764 2836 eligendo
804 2788 915 2836 loco,
957 2791 1135 2838 quamvis
1176 2801 1288 2828 nemo
1331 2802 1390 2828 me
1423 2789 1629 2838 expelleret
1661 2794 1697 2828 et
1727 2789 2015 2839 prudentissimi

229 2843 373 2892 quique
406 2856 452 2882 ex
484 2845 681 2883 ordinibus
711 2851 841 2885 ament
872 2858 1035 2896 meaque
1066 2847 1262 2898 colloquia
1293 2848 1343 2886 ad
1374 2849 1556 2886 convivia
1587 2848 1718 2886 crebro
1750 2851 1943 2897 expetant.

367 2910 559 2957 Keplerus,
586 2913 748 2956 quamvis
775 2913 984 2948 difficillimo
1009 2924 1129 2949 rerum
1155 2925 1299 2950 suarum
1331 2919 1427 2950 statu
1452 2918 1487 2948 et
1511 2913 1613 2949 malis
1638 2912 1795 2957 undique
1819 2912 2015 2957 ingruenti·

231 2963 298 3000 bus
322 2967 516 3011 plurimum
541 2970 698 3014 agitatus
725 2971 793 3006 hoc
818 2982 923 3014 anno,
949 2972 1061 3006 nihilo
1080 2972 1196 3007 minus
1214 2972 1341 3007 studiis
1361 2974 1433 3009 suis
1452 2973 1618 3008 alacriter
1634 2972 1798 3008 incubuit
1815 2976 1850 3007 et
1866 2972 2014 3016 privatis

231 3026 267 3056 et
290 3025 454 3067 publicis.
495 3027 594 3071 Quae
620 3040 700 3063 cum
717 3029 908 3064 Maestlino
935 3035 970 3064 et
986 3030 1170 3065 Herwarto
1195 3034 1340 3075 praeter
1365 3041 1422 3065 res
1449 3042 1532 3066 suas
1559 3029 1773 3066 domesticas
1797 3029 1834 3064 in
1853 3029 2014 3074 epistolis

229 3081 305 3116 suis
330 3085 451 3127 egerit,
477 3095 586 3130 supra
602 3087 836 3122 indicavimus
854 3087 969 3131 iisque
987 3087 1162 3129 addimus,
1188 3087 1414 3122 continuasse
1432 3088 1552 3124 studia
1569 3087 1823 3131 chronologica
1839 3087 1915 3131 (IV.
1931 3088 2013 3133 70.),

230 3138 414 3178 Herwarto
431 3143 660 3188 respondisse
677 3144 722 3180 ad
734 3145 848 3182 varias
864 3145 1141 3191 quaestioneszJ
1144 3144 1289 3181 aunario
1306 3155 1429 3181 mense
1447 3146 1490 3182 de
1503 3145 1687 3190 eclipsium
1707 3144 2014 3182 observationibus
