2126 3388
989 132 1094 171 1616.
1852 135 1938 182 837

133 248 356 294 respondens
382 247 507 284 Idibus
532 249 668 295 Aprilis
693 250 796 287 1616.
824 249 870 286 ad
895 250 992 286 illius
1018 250 1141 286 literas
1167 249 1200 286 d.
1226 250 1308 286 Jan.
1336 251 1438 296 1615,
1474 251 1583 287 nimia
1607 250 1805 297 Keplerum
1828 252 1938 289 laude

134 311 341 343 onerantes:
374 304 514 354 Video,
548 305 642 344 Exc.
674 305 783 344 Tuae
815 317 876 345 me
909 318 994 345 esse
1026 308 1221 356 ignotum,
1266 305 1493 355 dignitatem
1526 309 1626 346 enim
1658 306 1752 344 mihi
1783 308 1935 357 tribuis,

133 363 199 412 qui
230 361 362 401 literas
393 366 506 403 unice
534 368 670 412 tracto,
703 363 831 403 nullas
853 365 1015 414 politiae
1046 370 1188 415 partes,
1223 365 1327 404 unde
1351 365 1561 413 dignitates
1593 367 1739 416 sperari
1764 371 1937 416 possent,

133 432 302 470 unquam
335 423 458 471 attigi.
508 421 803 461 Humanitatem
836 425 873 460 in
907 425 1043 462 ceteris
1075 423 1172 471 colo,
1207 425 1245 460 in
1277 435 1337 461 me
1370 423 1474 472 quod
1505 424 1567 463 hic
1595 425 1740 474 jactem
1772 435 1849 462 non
1872 426 1934 462 in-

135 480 263 517 venio.
326 479 519 518 Voluntas
551 481 644 518 mihi
674 486 827 530 promta
858 486 927 528 est,
960 482 1206 531 gratificandi
1239 482 1418 519 omnibus
1444 482 1735 532 philosophiam
1766 485 1937 522 amanti-

134 538 218 585 bus,
252 549 524 588 quamcunque
556 539 747 577 fortunam
781 539 856 577 illis
889 540 1135 579 turbulentus
1165 542 1238 578 iste
1271 541 1376 578 vitae
1409 552 1542 578 cursus
1584 541 1788 579 indulserit
1792 571 1935 581 .....

131 596 198 643 Το,
233 598 408 646 quisquis
442 609 494 644 es,
529 608 595 635 oro
627 602 743 646 atque
777 598 956 647 obsecro,
990 604 1070 636 tam
1102 599 1298 648 exquisito
1331 598 1536 636 verborum
1569 605 1784 649 apparatu,
1817 601 1937 638 tantis

131 654 314 693 laudibus
346 656 556 702 abstineas,
589 667 714 705 neque
746 658 957 705 pessimum
992 657 1212 706 exemplum
1244 657 1343 694 inter
1374 657 1630 706 philosophos
1663 662 1833 706 statuas,
1866 659 1937 696 tibi

131 724 222 751 vero
266 713 500 762 persuadeas
534 714 625 763 ipsi,
666 726 726 753 me
768 716 853 753 sive
896 716 1052 754 inferior
1094 716 1166 752 sim
1206 716 1323 752 tantis
1367 717 1570 763 encomiis,
1611 715 1859 754 vehementer
1888 717 1936 755 iis

131 771 287 818 offendi,
320 773 403 810 sive
434 784 504 821 par
536 773 573 809 in
604 773 764 811 minima
792 784 844 820 re,
878 777 1007 812 tamen
1038 773 1087 811 ab
1120 775 1166 811 iis
1188 778 1359 811 metuere
1386 774 1600 811 sinceritati
1632 773 1936 824 philosophandi

130 831 283 879 ipsique
315 829 414 868 adeo
447 831 606 880 pietati,
649 842 696 868 ne
729 831 819 869 dum
849 837 1008 881 propter
1039 833 1303 880 cognitionem
1337 842 1495 880 operum
1530 832 1748 870 divinorum
1781 838 1935 871 nostras

132 890 303 938 ipsorum
336 900 681 927 commemoramus
705 889 961 939 audimusque
993 890 1140 937 laudes,
1174 889 1336 927 laudum
1368 901 1561 938 verarum,
1595 902 1694 939 quae
1726 892 1936 940 sapientis-

129 949 227 985 simo
260 952 454 985 tantorum
488 959 647 996 operum
679 949 829 986 auctori
862 947 1068 995 debentur,
1103 949 1393 987 obliviscamur.
1454 947 1534 985 Res
1566 950 1652 998 ipsa
1686 961 1801 998 quam
1833 951 1934 998 petis

128 1007 159 1043 si
192 1017 278 1044 cum
309 1010 369 1044 tot
399 1005 674 1045 blandimentis
707 1011 961 1056 comparetur,
994 1006 1200 1056 pudendae
1220 1007 1427 1056 parvitatis
1458 1011 1515 1043 est
1538 1012 1611 1046 etc.
1657 1009 1797 1044 Deinde
1822 1009 1933 1045 refert

128 1066 304 1110 Keplerus
330 1065 510 1111 Blancho,
548 1077 640 1111 quae
672 1068 775 1111 annis
800 1068 893 1104 1614
919 1072 954 1103 et
981 1069 1069 1104 1615
1096 1068 1132 1102 in
1164 1067 1415 1103 astronomicis
1441 1067 1650 1114 perfecerit,
1686 1073 1825 1104 aestate
1851 1070 1936 1105 anni

129 1126 230 1161 1614.
257 1136 403 1170 operam
434 1125 645 1161 insumsisse
677 1125 714 1160 in
739 1128 897 1162 motibus
923 1127 1073 1162 Veneris
1106 1126 1360 1171 restituendis,
1398 1127 1599 1162 succesisse
1631 1139 1725 1163 anno
1763 1128 1864 1164 1615.
1898 1128 1935 1164 in

129 1184 319 1229 Mercurio,
345 1183 569 1229 potissimam
594 1195 678 1219 vero
703 1185 787 1220 anni
814 1190 953 1230 partem
980 1191 1203 1221 consumtam
1238 1184 1349 1220 fuisse
1379 1185 1435 1227 „in
1460 1186 1686 1228 geometricis
1714 1186 1933 1231 contempla-

128 1242 286 1278 tionibus
314 1246 350 1277 et
375 1242 646 1287 Stereometria,
686 1248 726 1278 ut
752 1245 1036 1290 typographum,
1075 1244 1136 1290 qui
1170 1254 1296 1278 recens
1330 1243 1401 1278 huc
1428 1244 1603 1288 accessit,
1638 1245 1788 1280 materia.
1821 1246 1936 1289 magis

126 1300 293 1346 populari
324 1301 485 1344 meisque
521 1301 697 1336 sumtibus
727 1301 891 1345 juvarem
926 1306 1097 1347 essetque
1135 1301 1222 1336 mihi
1254 1302 1290 1336 in
1324 1306 1509 1346 posterum
1546 1306 1727 1347 praest0.“
1784 1303 1938 1339 Blanchi

126 1359 240 1394 literis
265 1359 476 1403 instigatum
515 1370 553 1395 se
577 1359 723 1394 lunares
759 1360 1028 1404 speculationes
1060 1360 1296 1403 resumsisse,
1330 1364 1443 1396 totam
1468 1361 1593 1396 Lunae
1626 1362 1846 1408 hypothesin
1872 1362 1939 1397 niti

128 1418 245 1454 causis
269 1418 429 1464 physicis
457 1422 493 1453 et
518 1418 701 1453 minimum
727 1419 771 1454 ab
797 1420 993 1464 hypothesi
1019 1419 1226 1464 Tychonica
1253 1417 1398 1454 differre
1431 1419 1467 1454 in
1494 1420 1636 1455 effectu.
1689 1420 1857 1465 „Duplex
1883 1425 1939 1456 est

126 1477 163 1511 in
188 1477 293 1511 Luna
317 1476 575 1521 inaequalitas:
610 1487 681 1512 una
709 1478 878 1522 suijuris
904 1483 944 1516 uz
967 1479 1004 1513 in
1030 1478 1185 1524 planetis
1212 1477 1362 1523 ceteris,
1398 1477 1511 1513 altera
1536 1482 1741 1522 menstrua,
1769 1489 1873 1524 quae,
1898 1483 1939 1515 ut

126 1535 232 1570 Luna
256 1535 337 1579 ipsa
369 1535 575 1570 incenditur
610 1535 945 1581 exstinguiturque,
981 1537 1033 1572 sic
1064 1537 1144 1582 ipsa
1175 1538 1220 1573 ab
1252 1536 1406 1582 apogaei
1436 1537 1595 1581 nodique
1629 1537 1848 1573 circumactu
1873 1547 1939 1583 per

128 1593 261 1638 phases
286 1594 412 1629 Lunae
437 1593 494 1628 vel
519 1593 698 1629 excitatur
720 1594 777 1628 vel
803 1594 1018 1631 evanescit.“

267 1652 475 1689 Joannes
502 1653 690 1697 Papius,
716 1653 772 1688 die
799 1654 855 1690 30.
874 1653 963 1688 Julii
989 1653 1150 1698 acceptis
1169 1653 1317 1698 Kepleri
1335 1653 1462 1699 literis,
1489 1654 1579 1690 haec
1597 1654 1801 1699 respondit:
1830 1665 1940 1699 „prae

127 1710 257 1754 gaudio
283 1710 544 1755 propemodum
578 1710 707 1745 exsilui
739 1715 889 1756 propter
923 1711 1160 1746 constantiam
1192 1711 1297 1746 amici
1330 1712 1457 1747 summi
1488 1712 1523 1746 in
1557 1723 1613 1747 me
1640 1713 1808 1750 amando,
1858 1713 1940 1749 Una.

127 1773 246 1804 tecum
271 1770 359 1804 mihi
383 1769 641 1815 permolestum
668 1772 741 1813 est,
779 1769 936 1804 divinum
961 1774 1063 1805 tuum
1087 1771 1270 1814 ingenium
1305 1781 1377 1805 non
1401 1771 1437 1806 in
1463 1771 1773 1815 speculationibus
1803 1773 1938 1817 gravis-

130 1828 240 1873 simis,
268 1839 361 1873 quae
386 1832 588 1864 ceterorum
614 1827 690 1862 fere
716 1827 901 1862 hominum
928 1827 1085 1863 omnium
1111 1828 1255 1872 ingenia
1280 1828 1476 1873 excedunt,
1504 1839 1584 1864 esse
1610 1833 1845 1874 occupatum,
1874 1831 1939 1866 sed

129 1887 291 1924 distineri
317 1887 634 1930 calculationibus,
671 1898 763 1932 quae
797 1887 974 1923 industrio
1008 1892 1117 1932 atque
1147 1888 1184 1923 in
1210 1888 1282 1923 tuis
1306 1887 1386 1923 istis
1422 1888 1551 1923 studiis
1584 1888 1811 1923 mediocriter
1837 1899 1938 1924 exer-

130 1947 238 1982 citato
264 1947 398 1982 homini
424 1946 545 1991 potius
573 1947 850 1982 committendae
869 1951 1000 1982 essent.
1035 1947 1317 1992 Chorographia,
1344 1957 1451 1991 quam
1468 1946 1524 1982 111.
1543 1956 1712 1991 proceres
1738 1947 1936 1993 postulant,

130 2007 236 2042 etiam
262 2006 344 2051 plus
369 2006 615 2042 molestiarum
641 2004 752 2041 habet
775 2005 812 2040 in
838 2006 1101 2051 peregrinando
1127 2010 1163 2041 et
1189 2005 1414 2049 delineando,
1443 2006 1535 2041 sicut
1560 2008 1643 2040 ante
1667 2004 1799 2040 multos
1825 2015 1939 2041 annos

130 2065 299 2110 perspexi
333 2069 368 2099 et
401 2064 552 2109 cognovi
578 2073 623 2098 ex
650 2064 683 2099 b.
709 2064 867 2107 Apiano,
902 2075 982 2099 cum
1007 2065 1037 2100 is
1062 2064 1252 2101 Bavariam
1287 2064 1426 2109 ederet,
1462 2073 1553 2107 quae
1588 2062 1631 2097 ab
1659 2062 1823 2098 omnibus
1850 2073 1934 2108 geo-

130 2124 276 2169 graphis
302 2122 449 2158 mirifice
476 2122 682 2157 collaudata
707 2122 785 2157 fuit.
834 2122 941 2157 Faxit
966 2123 1076 2167 Deus,
1104 2127 1143 2157 ut
1168 2122 1246 2167 ejus
1272 2122 1448 2167 ἀκριβειαν
1474 2131 1633 2165 superes.
1685 2119 1845 2156 Gratiam
1869 2120 1935 2156 tibi

130 2183 265 2227 habeo,
292 2182 389 2226 quod
414 2181 587 2227 aperuisti
613 2181 723 2225 viam,
758 2191 829 2226 qua
854 2179 1042 2225 paradoxa
1066 2185 1129 2216 tua
1153 2180 1303 2225 physica
1327 2180 1464 2224 possim
1489 2179 1660 2215 accedere
1665 2205 1787 2216 .....
1835 2179 1935 2215 Deus

130 2240 196 2275 tibi
221 2240 267 2275 ad
293 2240 486 2285 Epitomen
518 2244 618 2274 tuam
645 2239 769 2284 otium,
795 2239 889 2274 vires
916 2239 1078 2284 corporis
1111 2242 1220 2282 atquc
1254 2238 1363 2274 animi
1393 2237 1568 2283 largiatur
1601 2241 1637 2271 et
1669 2236 1715 2271 ad
1738 2236 1936 2282 perfectam

133 2299 299 2344 Opticam
329 2304 437 2343 atque
464 2298 718 2344 Catoptricam.
765 2297 882 2332 Lectu
912 2296 1174 2341 jucundissima
1199 2296 1286 2331 mihi
1318 2295 1479 2339 fuerunt,
1518 2305 1610 2340 quae
1637 2305 1800 2334 exnova
1823 2295 1936 2331 refor-

132 2362 227 2394 mata
252 2363 315 2394 tua
340 2358 491 2404 physica
509 2357 689 2401 addidisti,
716 2355 928 2401 praesertim
956 2355 999 2390 de
1018 2365 1086 2390 usu
1103 2355 1271 2400 partium.
1305 2354 1372 2390 Fel
1397 2358 1432 2389 et
1456 2353 1585 2388 lienem
1604 2364 1676 2387 non
1695 2362 1776 2388 esse
1794 2363 1937 2389 emunc-

133 2417 235 2459 toria,
263 2416 326 2452 sed
353 2415 516 2452 officinas
543 2415 829 2451 necessariorum
855 2413 1166 2459 humorumdfellis
1192 2417 1228 2448 et
1253 2412 1438 2457 sanguinis
1456 2411 1633 2447 arterialis
1659 2414 1744 2448 ante
1765 2412 1806 2448 10
1823 2420 1936 2446 annos

132 2476 168 2510 in
190 2474 334 2520 publica
361 2475 604 2520 disputatione
628 2474 734 2509 docui
759 2478 828 2508 etc.

274 2533 514 2568 Florianus
541 2533 592 2568 Cr
604 2533 730 2568 usius
759 2532 830 2576 (cfr.
860 2535 925 2567 vol.
953 2534 979 2566 1.
1004 2544 1038 2575 p.
1065 2531 1146 2575 660)
1180 2530 1313 2574 gratias
1348 2529 1423 2573 agit
1449 2528 1483 2563 d.
1509 2529 1565 2565 29.
1592 2527 1680 2564 Julii
1708 2537 1793 2572 „pro
1819 2525 1938 2560 missis

134 2593 270 2629 literis“
299 2591 410 2635 (datis
435 2591 558 2627 alteris
585 2592 617 2627 d.
644 2591 699 2627 21.
726 2591 816 2625 Nov.
843 2591 948 2633 1615,
974 2589 1097 2624 alteris
1122 2588 1155 2623 (1.
1179 2588 1233 2623 27.
1262 2586 1368 2621 Febr.
1397 2588 1515 2631 1616).
1566 2585 1692 2621 Refert
1716 2583 1873 2628 Keplero
1899 2592 1939 2618 se

137 2662 182 2686 ex
208 2662 279 2695 qno
303 2650 431 2685 Lincio
458 2649 586 2684 abierit
612 2649 763 2694 (Papius
789 2648 946 2693 Keplero
972 2647 1061 2682 haec
1088 2647 1131 2682 (10
1159 2645 1284 2681 Crusio
1310 2645 1503 2680 retulerat:
1529 2654 1595 2688 pro
1620 2642 1696 2677 filio
1721 2640 1832 2676 habui
1855 2639 1939 2675 Flo-

137 2710 288 2753 rianum,
316 2708 377 2752 qui
400 2707 544 2742 triennii
570 2708 686 2752 spatio
714 2707 810 2743 domi
834 2717 935 2742 meae
959 2705 995 2740 id
1022 2709 1077 2741 est
1103 2708 1336 2749 consecutus,
1373 2702 1470 2747 quod
1496 2698 1662 2737 fortassis
1686 2698 1724 2732 in
1749 2697 1844 2732 omni
1867 2698 1941 2732 vita

139 2779 204 2804 sua
229 2767 366 2812 absque
391 2776 472 2801 mea
495 2765 721 2801 institutione
746 2776 817 2801 non
844 2764 1081 2808 cognovisset.
1130 2761 1297 2806 Improbo
1324 2760 1468 2805 quidem
1500 2758 1578 2803 ejus
1603 2755 1808 2800 consilium,
1841 2755 1940 2800 quod

140 2837 212 2862 non
237 2824 374 2872 aliquid
400 2824 499 2859 dedit
523 2824 676 2868 tempori
701 2828 737 2858 et
762 2834 833 2858 non
860 2822 993 2857 diutius
1020 2825 1259 2857 commoratus
1285 2818 1354 2854 fuit
1377 2817 1526 2861 Lincii),
1552 2814 1796 2855 Ratisbonam,
1823 2813 1941 2858 Ingol-

140 2884 307 2929 stadium,
333 2882 416 2918 inde
433 2882 676 2926 Monachium,
701 2881 904 2925 Augustam
922 2884 957 2915 et
973 2879 1114 2915 Ulmam
1132 2888 1171 2914 se
1189 2877 1398 2919 contulisse,
1424 2877 1552 2919 postea
1569 2871 1770 2915 Tubingam
1787 2870 1940 2916 venisse,

140 2942 201 2978 ubi
225 2945 375 2988 propter
399 2940 583 2976 caritatem
610 2948 773 2974 annonae
800 2942 836 2973 et
860 2937 956 2982 quod
980 2936 1114 2971 nullam
1147 2934 1389 2969 conditionem
1414 2931 1582 2966 manendi
1605 2928 1830 2965 commodam
1854 2939 1941 2964 nan-

142 3001 228 3037 cisci
252 3000 422 3046 potuerit,
447 3000 728 3043 Argentoratum
755 2997 786 3032 d.
810 2998 864 3033 17.
880 2995 969 3031 Julii
995 2993 1213 3030 discesserit.
1250 2993 1338 3035 ⁷‚Hic
1360 2992 1434 3036 jam
1452 2990 1531 3026 vivo
1550 2993 1590 3024 ut
1607 2987 1725 3023 solent
1742 2987 1795 3022 illi
1810 2987 1941 3032 vivere,

143 3060 203 3105 qui
226 3060 263 3094 in
287 3058 387 3102 locis,
412 3058 475 3094 ubi
499 3067 664 3093 annonae
689 3056 819 3092 caritas
844 3055 950 3099 viget,
976 3063 1102 3098 parum
1126 3050 1301 3097 pecuniae
1325 3049 1472 3085 habent.
1520 3046 1642 3083 Nihilo
1668 3046 1783 3082 minus
1809 3049 1942 3091 tamen,

142 3121 184 3153 ut
207 3127 346 3163 mones,
378 3120 523 3153 strenue
549 3118 715 3160 coeptum
740 3113 897 3150 studium
921 3112 1080 3157 urgebo,
1105 3120 1171 3146 1100
1196 3113 1279 3145 ante
1305 3108 1495 3153 desistam,
1528 3116 1636 3152 quam
1660 3115 1810 3152 scopum
1835 3114 1942 3150 quem
