2177 3408
507 159 746 197 Summarium
771 159 955 196 Historiae
978 156 1232 195 Astronomiae
1257 156 1381 194 seculo
1405 157 1503 197 XVI.
1826 159 1910 206 607

106 276 302 314 Taisnerus
327 281 364 313 et
387 287 454 323 pro
479 278 554 313 suis
579 277 794 322 venditavit3
822 276 977 321 denique
1002 276 1157 322 palmam
1182 276 1359 320 quaesivit
1382 276 1544 312 insaniae
1571 276 1711 313 edendo
1737 277 1910 314 immenso

105 336 181 371 fere
207 336 297 371 libro
323 336 367 371 de
395 336 640 372 Chiromantia.
665 340 700 372 et
724 335 930 380 Astrologia
954 335 1102 380 (1562),
1135 335 1195 379 qui
1219 337 1365 380 proprio
1392 346 1437 370 an
1464 335 1581 371 alieno
1606 334 1725 371 Marte
1753 337 1800 371 sit
1826 348 1908 372 con-

108 394 265 439 scriptus
291 395 482 431 nescimuS.

244 454 407 488 Breviter
425 452 773 490 commemorandum
801 462 989 487 censemus
1013 452 1173 488 libellum
1199 452 1373 487 Abdiae
1400 453 1557 488 Wiekn
1570 454 1649 498 eri,
1675 453 1821 490 scholae
1838 454 1909 489 Ro-

104 513 368 558 temburgensis
394 512 440 547 ad
458 512 628 548 Tuberim
653 512 830 556 praefecti
849 512 884 556 (†
904 512 1025 556 1561),
1052 512 1088 547 in
1112 523 1181 556 quo
1207 513 1244 548 in
1269 524 1373 548 usum
1399 514 1638 549 astronomiae
1665 514 1908 549 studiosorum

110 581 318 615 eorumque,
346 571 406 615 qui
431 570 512 606 loca
537 569 725 606 stellarum
751 580 969 614 cognoscere
1002 570 1134 615 velint,
1171 571 1332 614 quamvis
1358 582 1430 606 non
1457 571 1564 616 plane
1590 572 1719 607 imbuti
1743 577 1910 607 astrono-

106 630 197 664 miae
223 630 422 674 mysteriis,
451 640 558 674 quam
583 629 792 664 brevissime
818 628 1046 663 definitiones
1073 630 1333 664 astronomicas
1360 635 1395 664 et
1421 630 1564 665 tabulas
1599 642 1671 665 non
1696 630 1803 675 plane
1830 631 1911 674 reii-

108 688 253 723 ciendas
280 688 480 733 consignat,
509 689 634 723 eadem
661 688 734 722 sere
761 688 911 731 ratione,
938 697 1010 731 qua
1034 686 1142 721 hodie
1167 688 1301 731 passim
1327 691 1471 722 exstant
1497 688 1643 723 tabulae
1669 689 1714 723 ad
1731 689 1910 724 invenien-

108 744 189 780 dam
221 745 446 781 altitudinem
480 746 592 791 Solis⁷
627 746 672 780 ad
703 756 808 780 usum
842 744 1086 789 instrumenti,
1125 755 1229 789 quem
1262 750 1390 780 vocant
1425 749 1626 780 sextantem
1658 747 1811 781 solarem
1842 752 1911 782 etc.

111 802 243 847 (editus
270 808 325 839 est
351 803 408 838 hic
433 803 574 839 libellus
600 814 631 838 a.
657 804 773 848 1561).
800 823 843 828 —
869 803 958 837 Item
984 802 1249 837 Astronomiam
1276 808 1312 837 et
1337 803 1654 847 Cosmographiam
1686 804 1722 839 in
1755 805 1910 839 tironum

108 872 215 896 usum
248 862 462 906 conscripsit
487 862 736 897 Michaelis
761 861 917 896 Neand
931 872 976 896 er
1011 871 1055 896 ex
1090 861 1193 896 Valle
1228 860 1451 895 Joachimica
1476 861 1687 905 inscriptam
1724 863 1913 898 Elementa

107 920 317 965 sphaericae
343 921 546 964 doctrinae,
579 929 643 954 seu
669 920 712 954 de
737 919 852 964 primo
879 924 990 963 motu,
1019 919 1186 954 Basileae
1214 919 1299 954 1561
1334 919 1555 963 impressam.
1606 920 1743 955 Notatu
1768 921 1913 965 dignum

110 982 183 1023 est,
217 977 476 1014 delineationes
501 977 576 1013 fere
603 988 726 1013 omnes
752 978 796 1012 ab
823 982 971 1013 auctore
997 978 1148 1012 omissas
1182 988 1279 1021 esse,
1313 981 1352 1011 ut
1384 976 1526 1012 brevius
1559 982 1595 1012 et
1620 977 1811 1012 dilucidius
1836 990 1911 1013 rem

108 1041 333 1080 pertractare
367 1042 503 1082 posset.
553 1036 641 1071 Cum
666 1036 702 1070 in
728 1036 981 1071 astronomicis
1008 1041 1085 1071 tum
1109 1036 1145 1070 in
1179 1035 1430 1080 geographicis
1455 1035 1703 1071 Ptolemaeum
1739 1037 1912 1081 sequitur.

110 1094 258 1129 Terram
283 1105 355 1130 non
380 1095 514 1130 moveri
549 1094 618 1130 hac
651 1095 791 1129 ratione
816 1094 965 1139 probat:
1004 1094 1219 1129 naturaliter
1249 1094 1371 1139 gravia
1397 1095 1574 1139 tantisper
1601 1096 1768 1131 deorsum
1793 1101 1911 1141 ruunt,

111 1151 225 1187 donec
250 1158 412 1187 centrum
439 1153 595 1188 universi
620 1158 788 1189 assecuta
813 1153 885 1188 sint
912 1157 947 1188 et
973 1153 1120 1188 tandem
1140 1154 1342 1197 quiescunt.
1377 1153 1488 1188 Terra
1513 1164 1598 1198 ergo
1623 1154 1777 1189 maxime
1795 1154 1912 1198 gravis

110 1209 204 1245 circa
230 1216 391 1245 centrum
417 1210 578 1256 collapsa
603 1217 658 1246 est
684 1216 720 1246 et
744 1211 793 1246 ibi
820 1211 943 1255 quieta
968 1217 1089 1246 manet
1115 1212 1158 1246 ob
1186 1217 1352 1246 naturam
1377 1213 1576 1257 gravitatis,
1624 1212 1783 1257 Adjuvat
1808 1215 1914 1248 etiam

110 1268 360 1304 circumflexus
396 1270 503 1315 coeli⁷
543 1271 604 1315 qui
635 1271 769 1306 Terrae
801 1271 931 1306 molem
964 1270 1179 1315 aequalibus
1214 1270 1313 1304 velut
1351 1270 1507 1306 brachiis
1543 1271 1706 1316 attingit,
1744 1271 1847 1306 fulcit
1880 1276 1916 1307 et

110 1328 276 1364 sustinet.
326 1328 466 1364 Deinde
503 1340 573 1373 quo
599 1335 681 1365 ruat
706 1341 779 1365 non
813 1330 936 1366 habet.
986 1330 1121 1364 Versus
1159 1328 1300 1364 eoelum
1333 1329 1427 1362 enim
1452 1329 1643 1364 hincinde
1679 1340 1821 1365 sursum
1848 1334 1914 1375 est,

110 1386 171 1430 qui
194 1386 306 1432 locus,
332 1391 372 1422 ut
398 1397 419 1422 a
442 1387 611 1432 gravibus
637 1388 829 1433 aspiretur,
853 1392 985 1423 natura
1011 1392 1127 1422 cavet.

251 1446 457 1482 Andreas
485 1446 758 1491 Schonerus,
790 1446 943 1482 celebris
978 1446 1156 1482 Johannis
1189 1445 1285 1480 filius
1317 1446 1408 1490 (nat.
1437 1445 1544 1487 1523,
1569 1447 1593 1489 †
1624 1448 1728 1491 1590)
1761 1447 1915 1482 innotuit

109 1514 189 1538 eum
225 1503 330 1540 editis
361 1505 476 1549 patris
511 1506 680 1550 operibus
711 1506 942 1552 quibusdam,
976 1510 1053 1540 tum
1086 1505 1289 1548 conscripto
1330 1514 1438 1549 opere
1473 1505 1515 1539 de
1552 1504 1773 1541 Gnomonica
1799 1507 1914 1551 1562),

109 1561 144 1595 in
171 1572 241 1605 quo
267 1572 339 1597 non
366 1567 507 1597 tantum
534 1574 591 1607 ea,
628 1575 721 1609 quae
747 1566 886 1610 priores
912 1565 949 1600 in
974 1564 1044 1599 hoc
1069 1563 1253 1599 doctrinae
1279 1573 1411 1607 genere
1443 1562 1691 1607 profecerunt,
1720 1568 1916 1601 enumerat,

112 1618 174 1654 sed
200 1620 306 1655 etiam
332 1631 425 1656 nova
451 1622 628 1665 quaedam
652 1623 783 1668 prodit.
836 1624 936 1667 Quae
964 1634 1074 1667 quum
1104 1630 1312 1657 enumerare
1339 1620 1487 1665 longum
1514 1621 1578 1664 sit,
1613 1621 1766 1657 lectores
1793 1632 1915 1657 earum

115 1687 236 1712 rerum
261 1678 424 1714 curiosos
451 1679 659 1723 ablegamus
692 1682 739 1716 ad
763 1681 997 1717 Delambrum
1032 1682 1143 1726 (Hist.
1168 1683 1262 1715 Astr.
1298 1678 1346 1713 du
1380 1689 1510 1724 moyen
1537 1679 1603 1722 age
1627 1690 1665 1723 p.
1694 1679 1759 1715 601
1786 1680 1868 1723 ss).

250 1737 488 1772 Inserendum
514 1738 574 1774 hie
600 1750 787 1775 censemus
814 1740 1042 1775 Johannis
1078 1740 1316 1784 Baptistae
1352 1738 1522 1773 Portae
1556 1749 1647 1782 opus
1673 1738 1914 1783 notissimum,

111 1794 325 1841 inscriptum
350 1798 478 1843 Μαρία
502 1798 713 1843 Naturalis,
741 1799 867 1835 eadem
891 1798 967 1834 fere
992 1797 1166 1842 referens,
1194 1807 1285 1841 quae
1305 1796 1459 1831 Cardani
1484 1795 1565 1830 libri
1592 1796 1636 1830 de
1662 1796 1862 1831 subtilitate
1881 1802 1917 1831 et

110 1863 229 1887 rerum
265 1853 453 1900 varietate,
487 1855 524 1890 in
555 1867 627 1900 quo
659 1868 797 1893 summa
827 1858 930 1893 nobis
963 1857 1112 1893 affertur
1145 1857 1302 1891 omnium
1335 1855 1410 1890 fere
1437 1855 1609 1890 librorum
1649 1867 1731 1890 eum
1755 1860 1915 1890 veterum

111 1917 186 1948 tum
211 1915 464 1959 recentiorum,
492 1917 529 1951 in
555 1917 684 1962 quibus
709 1927 767 1951 res
792 1916 838 1952 ad
863 1917 1062 1963 physicam,
1087 1915 1343 1959 mechanicam,
1370 1914 1538 1959 opticam,
1565 1913 1755 1948 historiam
1773 1919 1917 1948 natura-

109 1970 179 2006 lem
203 1972 425 2016 pertinentes
457 1974 701 2019 inquiruntur.
754 1975 909 2011 Praebet
939 1975 1008 2010 hoc
1034 1975 1164 2010 Portae
1196 1985 1285 2018 opus
1313 1972 1494 2018 specimen
1520 1972 1624 2016 quasi
1657 1982 1796 2014 eorum,
1825 1981 1916 2015 quae

114 2029 157 2065 de
192 2041 310 2065 rerum
344 2037 473 2067 natura
514 2033 584 2068 illis
616 2035 840 2079 temporibus
874 2034 1058 2078 divulgata
1095 2037 1214 2076 erant;
1252 2032 1397 2076 miscet,
1434 2036 1473 2065 ut
1503 2042 1586 2066 vere
1612 2030 1792 2076 Keplerus
1820 2030 1915 2075 dicit,

116 2088 330 2129 „manifeste
361 2090 588 2126 incredibilia
622 2092 890 2138 probabilibus,
922 2103 980 2127 res
1015 2091 1196 2136 graviores
1223 2091 1338 2126 obiter
1362 2094 1504 2125 tantum
1529 2090 1706 2134 attingit.“
1758 2091 1917 2134 Legatur

114 2147 292 2190 praefatio
317 2148 450 2183 Portae
476 2149 522 2184 ad
548 2150 743 2186 editionem
768 2151 854 2186 anni
883 2152 968 2186 1595
993 2150 1073 2194 (vol.
1102 2150 1148 2184 ΙΙ.
1175 2162 1211 2194 p.
1231 2149 1329 2194 402);
1358 2160 1450 2193 quae
1475 2149 1547 2183 illic
1571 2151 1711 2194 profert
1735 2160 1818 2185 vera
1836 2160 1915 2184 esse

117 2204 293 2251 videntur,
319 2218 412 2251 quae
438 2213 596 2245 aetatem
623 2209 779 2246 auctoris
805 2209 961 2244 attinent
988 2220 1058 2252 qua
1084 2208 1213 2243 librum
1240 2219 1344 2243 suum
1374 2207 1599 2251 conscripsit⁷
1625 2217 1710 2242 vera
1734 2212 1854 2242 autem
1880 2211 1915 2241 et

118 2273 171 2308 ea,
198 2275 291 2308 quae
316 2272 531 2313 sequuntur,
559 2269 689 2313 quibus
715 2267 920 2312 aequalium
945 2266 1126 2311 ingenium
1153 2266 1387 2311 significatur.
1436 2266 1484 2300 Iis
1511 2276 1603 2309 quae
1628 2265 1808 2309 Keplerus
1833 2276 1915 2310 pas-

114 2321 180 2355 sim
205 2323 240 2357 in
267 2325 476 2367 praemissis
502 2326 756 2372 voluminibus,
783 2325 976 2371 praecipue
1002 2324 1074 2359 vol.
1099 2325 1145 2369 II,
1173 2335 1217 2359 ex
1242 2325 1310 2359 hoc
1334 2325 1425 2359 libro
1453 2324 1647 2369 excerpsit,
1673 2325 1763 2359 haec
1789 2324 1915 2368 adjun-

115 2380 231 2424 genda
256 2383 478 2429 censuimus,
513 2389 553 2419 ut
577 2384 721 2430 plenius
755 2388 994 2429 cognoscatur
1026 2382 1092 2417 viri
1116 2383 1309 2427 ingenium.
1360 2383 1513 2427 Magnes
1546 2389 1601 2418 est
1626 2383 1756 2418 Portae
1781 2383 1914 2416 mixtus

117 2449 161 2474 ex
188 2438 307 2483 lapide
333 2445 369 2476 et
393 2440 499 2488 ferro,
529 2444 655 2487 „quasi
679 2444 817 2479 ferrens
844 2443 938 2488 lapis
965 2442 1021 2477 vel
1046 2441 1180 2476 ferrum
1204 2440 1427 2486 lapideum“,
1463 2442 1519 2477 cui
1550 2442 1632 2486 plus
1670 2442 1755 2477 insit
1785 2440 1914 2485 lapidis

116 2508 223 2542 quam
248 2499 352 2544 1erri3
392 2500 553 2546 „lapides
585 2514 658 2538 non
689 2503 816 2548 trahit,
843 2501 928 2545 quia
951 2501 994 2535 iis
1019 2511 1092 2535 non
1117 2499 1271 2545 indiget,
1308 2511 1417 2544 quum
1444 2501 1531 2536 satis
1564 2501 1610 2535 sit
1634 2500 1670 2534 in
1697 2510 1739 2534 eo
1765 2499 1913 2543 lapidis3

117 2557 186 2592 etsi
219 2569 366 2602 magnes
400 2566 603 2604 magnetem
635 2562 764 2607 trahitf,
801 2572 873 2596 non
907 2561 1018 2595 trahit
1052 2561 1097 2595 ob
1131 2559 1304 2603 lapidem,
1341 2561 1405 2596 sed
1438 2562 1482 2596 ob
1508 2560 1642 2594 ferrum
1668 2558 1778 2604 lapidi
1803 2557 1914 2592 inclu-

116 2625 205 2650 sum.
254 2615 365 2652 Polus
391 2617 461 2652 vim
486 2629 588 2654 suam
619 2621 655 2654 in
682 2621 805 2655 orbem
830 2620 998 2656 diffundit
1031 2619 1122 2654 sicut
1154 2620 1275 2654 lumen
1309 2619 1480 2655 candelae
1513 2618 1695 2663 spargitur
1731 2616 1913 2651 undecun-

116 2685 186 2718 que
224 2678 259 2709 et
292 2679 426 2718 quanto
462 2675 506 2710 ab
541 2687 583 2712 ea
609 2677 750 2721 longius
781 2679 994 2724 recesseris,
1030 2689 1071 2713 eo
1104 2677 1308 2722 languidius
1345 2677 1546 2722 splendet“.
1603 2675 1782 2710 Virtutem
1818 2684 1914 2719 mag-

116 2732 208 2767 netis
240 2732 339 2767 nullo
373 2733 474 2768 obice
506 2733 691 2778 impediri,
721 2741 923 2779 magnetem
951 2737 1047 2772 intra
1081 2736 1221 2771 virtutis
1255 2746 1340 2770 suae
1373 2736 1496 2770 orbem
1528 2734 1604 2767 sine
1636 2737 1804 2767 contactu
1837 2743 1914 2767 eam

118 2790 330 2837 diffundere,
360 2791 484 2836 „cujus
510 2793 676 2827 metimur
700 2794 867 2829 virtutem
892 2794 985 2830 libra
1009 2798 1045 2829 et
1069 2794 1289 2838 ponderibus
1314 2793 1408 2827 lanei
1432 2791 1641 2835 impositis“.
1681 2791 1813 2826 Porro:
1845 2791 1914 2826 fer-

117 2860 196 2884 rum
220 2850 256 2884 in
283 2853 366 2885 aere
391 2849 590 2894 pendulum
615 2850 693 2885 fieri
718 2857 839 2895 potest
865 2853 941 2887 sine
967 2852 1040 2887 ullo
1065 2853 1241 2896 magnetis
1260 2854 1440 2895 contactu,
1467 2850 1658 2885 dummodo
1683 2852 1728 2885 ab
1752 2850 1916 2886 inferiori

117 2913 220 2951 parte
246 2909 347 2944 tenui
371 2908 432 2943 filo
459 2913 620 2953 cogatur,
646 2919 692 2943 ne
717 2920 860 2945 sursum
885 2911 1068 2946 ascendat.
1110 2910 1213 2945 Ferri
1237 2914 1273 2944 et
1298 2909 1474 2954 magnetis
1500 2913 1645 2944 mutuus
1670 2920 1770 2944 amor
1794 2909 1914 2945 effica-

118 2966 192 3001 cior
217 2966 396 3012 longeque
430 2967 580 3001 validior
616 2972 689 3012 est,
728 2978 835 3012 quam
871 2969 1047 3013 magnetis
1080 2980 1161 3003 cum
1195 2971 1374 3012 magnete.
1421 2967 1717 3003 Animadversum
1745 2967 1821 3011 jam
1854 2968 1914 3002 diu

118 3035 139 3059 a
167 3025 300 3061 nostris
337 3030 410 3071 est,
445 3026 599 3063 ferream
632 3027 817 3071 cuspidem
850 3028 1006 3072 magneti
1036 3028 1224 3063 adfrictam
1258 3038 1331 3061 non
1367 3037 1510 3071 semper
1541 3037 1649 3071 super
1681 3027 1913 3061 meridianam

119 3083 250 3119 lineam
275 3086 550 3131 conquiescere,
577 3087 641 3123 sed
667 3087 841 3122 orientem
866 3097 990 3122 versus
1017 3088 1055 3123 9⁰
1081 3086 1125 3122 ab
1151 3097 1194 3121 ea
1217 3085 1312 3121 linea
1337 3080 1535 3128 declinare,
1560 3095 1627 3120 nec
1653 3085 1786 3129 ubique
1811 3084 1912 3119 loco-
