2126 3388
870 187 1111 225 1621—1623.
1786 187 1875 234 833

72 318 152 342 cum
177 307 332 342 Henrico
358 317 379 342 a
405 306 645 350 Stralendorf,
671 303 838 350 praeside
862 305 897 338 in
923 304 1137 340 consistorio
1162 303 1350 349 imperiali,
1377 303 1420 340 de
1445 304 1671 350 logarithmis
1696 305 1769 350 egit
1793 306 1879 342 scri-

72 366 177 401 bens:
215 377 300 410 „per
323 366 477 401 hiemem
503 366 686 401 solennem
712 364 765 398 rei
790 363 1132 399 demonstrationem
1157 373 1236 397 sum
1269 366 1498 407 aggressus“.
1546 364 1595 400 Ut
1618 363 1772 410 primum
1796 375 1878 410 per-

71 422 166 458 fecta
196 423 264 458 fuit
292 424 445 468 chilias,
479 423 692 459 transmissa
727 425 781 457 est
806 421 932 456 Lincio
966 421 1011 459 ad
1045 421 1273 466 Philippum,
1307 421 1461 457 Hassiae
1485 422 1762 468 Landgravium,
1793 423 1878 467 „sed

72 492 136 526 per
172 482 339 526 ambages
377 483 560 526 itinerum,
598 482 633 516 in
672 480 803 525 quibus
840 479 986 515 libellus
1023 479 1143 515 haesit
1176 479 1213 514 in
1246 479 1392 515 tertium
1425 492 1557 517 annum
1594 484 1747 527 usque“.
1808 482 1878 518 Re-

73 540 211 575 ferente
239 541 459 576 Schickardo
485 540 719 585 Maestlinus,
759 539 817 574 cui
842 539 1106 583 inspiciendum
1134 538 1301 584 dederat,
1337 549 1484 584 segnem
1515 551 1554 576 se
1585 540 1752 586 praebuit
1776 541 1880 577 resti-

73 601 221 635 tuendo,
270 601 396 634 Mense
414 599 529 644 Aprili
553 598 653 634 finita
680 602 735 633 est
759 597 943 642 inquisitio
973 598 1048 639 „De
1074 596 1219 641 Origine
1246 597 1435 633 Gentium“
1465 600 1556 643 (VII.
1582 600 1650 636 788
1668 600 1739 645 ss),
1768 600 1881 636 conti-

74 663 206 692 nuatae
232 658 503 692 observationes
529 657 620 692 aeris
647 667 782 701 eaeque
808 667 924 700 usque
956 656 992 690 in
1018 656 1222 700 Augustum
1248 660 1284 691 et
1310 656 1458 693 Octobri
1491 662 1526 692 et
1550 658 1740 695 Decembri
1765 659 1881 694 Lincii

75 716 230 761 habitae,
259 716 458 761 Septembri
484 716 578 749 inter
604 716 767 750 Lincium
794 719 830 749 et
855 715 1081 755 Passavium,
1108 714 1306 750 Novembri
1333 715 1459 760 Styrae
1486 721 1521 751 et
1548 717 1689 753 Velsae.
1731 719 1881 754 Aestate

77 775 195 809 studia
223 775 463 810 astronomica
492 774 720 808 continuata:
754 783 876 807 mense
902 773 1011 807 Junio
1048 773 1091 807 de
1118 774 1371 817 praecessione
1397 774 1723 819 aequinoctiorum,
1755 775 1799 811 de
1825 786 1881 813 ec-

77 834 301 868 centricitate
330 834 422 867 Solis
449 833 494 867 ad
519 838 684 876 tempora
709 832 857 875 antiqua
885 836 920 866 et
946 831 989 866 de
1015 830 1238 875 longitudine
1264 832 1348 867 anni
1372 833 1520 878 tropici;
1547 833 1590 869 de
1608 834 1708 870 Jovis
1734 834 1881 880 epochis

77 891 355 933 constituendis,
392 891 489 925 Julio
518 895 553 926 et
579 891 744 935 Augusto
778 889 937 924 calculus
964 893 1125 924 motuum
1151 890 1268 934 Jovis,
1306 890 1438 925 calculi
1470 892 1559 926 varii
1593 891 1637 928 de
1667 892 1881 939 eclipsibus;

78 949 279 994 Septembri
314 949 517 984 observatio
554 947 776 983 macularum
807 948 953 992 Lunae,
994 948 1142 983 Octobri
1174 948 1297 983 itidem
1334 949 1463 985 calculi
1498 955 1659 985 motuum
1683 950 1802 994 Jovis,
1837 951 1882 987 de

79 1009 226 1053 epochis
254 1009 397 1043 Saturni
424 1008 468 1041 ad
495 1008 644 1051 antiqua
663 1012 841 1051 tempor-213
868 1006 1063 1040 Novembri
1082 1010 1116 1040 et
1133 1005 1323 1040 Decembri
1350 1006 1393 1041 de
1416 1008 1759 1053 „Prosthaphaeresi
1785 1009 1882 1045 orbis

78 1067 230 1110 magni&
265 1070 457 1111 praecepta
491 1065 722 1110 computandi
755 1064 835 1099 loca
867 1064 1095 1108 planetarum
1122 1065 1185 1109 (ad
1210 1064 1298 1100 Tab.
1326 1065 1457 1111 Rud.);
1493 1066 1558 1109 „de
1590 1067 1793 1103 tabularum
1818 1067 1882 1103 ab·

78 1125 297 1160 breviatione
322 1124 368 1159 ad
393 1125 510 1169 legem
535 1123 749 1168 hypothesis
774 1123 810 1157 in
835 1122 1036 1166 Epitome.“

218 1184 407 1227 Epistolae
443 1183 488 1217 ad
520 1183 713 1217 Mullerum
746 1182 788 1217 (le
820 1182 1018 1216 Harmonia
1053 1185 1088 1216 et
1122 1182 1291 1226 Epitome
1318 1183 1375 1224 (V.
1404 1182 1448 1218 68
1475 1193 1534 1228 ss.,
1561 1183 1624 1219 VI.
1651 1183 1696 1219 74
1723 1184 1804 1229 ss),
1837 1183 1884 1219 ad

79 1243 388 1278 Hebenstreitium
415 1242 458 1276 de
484 1242 589 1276 rebus
616 1241 777 1285 privatis.
828 1241 1118 1276 Hebenstreitius
1146 1241 1179 1277 d.
1206 1242 1261 1277 23.
1288 1242 1411 1276 Martii
1436 1242 1596 1286 scripsit:
1631 1242 1686 1278 De
1713 1253 1884 1278 caesareo

82 1301 260 1345 stipendio
287 1301 448 1345 impense
480 1301 545 1334 tibi
570 1300 739 1343 gratulor.
790 1300 843 1334 De
870 1299 1081 1334 amanuensi
1106 1300 1250 1345 scribis;
1284 1300 1436 1335 multum
1469 1301 1600 1345 diuque
1627 1301 1670 1336 de
1696 1301 1765 1337 hoc
1791 1302 1885 1346 cogi-

81 1361 173 1394 tanti
199 1360 406 1403 supervenit
432 1358 615 1393 studiosus
642 1358 786 1402 quidam
813 1358 868 1392 Jo.
886 1357 979 1392 Hein
1006 1369 1024 1392 e
1050 1358 1252 1402 palatinatu
1277 1359 1522 1405 Neopurgico,
1550 1359 1607 1395 cui
1631 1358 1755 1395 literas
1780 1360 1827 1395 ad
1850 1365 1887 1395 te

82 1418 271 1462 impertiri,
299 1428 404 1461 spero
432 1422 570 1461 gratam
596 1416 710 1460 ipsius
735 1417 800 1450 tibi
827 1427 971 1461 operam
999 1417 1156 1452 futuram
1160 1442 1279 1454 .....
1328 1418 1384 1452 Tu
1410 1417 1583 1462 quidquid
1619 1418 1665 1453 ad
1689 1428 1764 1453 rem
1789 1423 1888 1454 tuam

83 1475 275 1520 gerendam
292 1476 534 1510 necessarium
554 1475 670 1519 fuerit,
701 1474 832 1509 habeas
851 1486 1076 1520 persuasum,
1105 1476 1375 1521 diligentissime
1394 1487 1414 1510 a
1430 1476 1532 1511 nobis
1550 1477 1591 1511 iri
1611 1482 1889 1514 accuratum...

82 1535 226 1569 Nummi
252 1533 408 1568 melioris
436 1539 543 1569 notae
570 1544 590 1567 a
616 1533 778 1568 volturiis
805 1534 1057 1569 subducuntur
1082 1545 1223 1577 omnes,
1252 1540 1504 1580 supponuntur
1522 1541 1646 1571 contra
1670 1537 1787 1581 asperi
1814 1547 1891 1572 cor·

84 1591 161 1626 nuti
189 1591 473 1636 improbissimae
500 1592 680 1626 materiae.
723 1591 884 1627 Uncialis
903 1593 1098 1637 imperialis
1118 1594 1330 1628 aestimatur
1348 1595 1367 1629 9
1387 1593 1542 1639 florenis,
1570 1599 1734 1630 scutatus
1761 1605 1891 1631 aureus

88 1650 140 1692 14,
159 1649 316 1684 flore-nus
336 1660 466 1684 aureus
489 1652 528 1685 lt)
546 1649 691 1685 florenis
710 1655 745 1684 et
764 1652 804 1686 15>
823 1651 1002 1693 cruciatis
1023 1651 1227 1697 duplicatus
1242 1652 1459 1697 Hispanicus
1476 1652 1658 1697 (Duplon)
1677 1654 1721 1689 26
1733 1652 1892 1690 florenis.

85 1714 126 1747 (v.
141 1720 168 1744 s
183 1721 214 1750 p.
231 1712 322 1745 559.)
371 1709 445 1743 Ima
470 1707 640 1742 frumenti
667 1708 704 1756 (4
731 1709 851 1744 simeri
877 1709 1074 1754 Teckiaei),
1102 1711 1200 1745 venit
1224 1711 1268 1746 20
1292 1710 1348 1755 fl.,
1374 1721 1543 1746 mensura
1568 1711 1640 1745 vini
1666 1711 1685 1747 6
1711 1711 1891 1757 cruciatis,

84 1767 176 1801 libra
202 1768 373 1801 vitulinae
403 1768 454 1810 12,
482 1768 632 1802 bovinae
659 1769 690 1811 6,
718 1770 737 1802 7
757 1772 826 1802 etc.
875 1769 928 1802 De
955 1768 1080 1803 schola
1105 1771 1227 1803 vestra
1252 1768 1397 1813 scribis;
1425 1779 1505 1803 cum
1530 1769 1685 1813 primum
1709 1769 1893 1814 benignio-

86 1825 184 1859 ribus
211 1824 324 1859 oculis
343 1826 517 1859 Dominus
545 1837 610 1861 nos
630 1827 851 1870 respexerit,
878 1831 977 1861 certo
1002 1827 1067 1861 tibi
1091 1826 1316 1871 persuadeas
1342 1826 1437 1870 fore,
1464 1830 1504 1861 ut
1530 1837 1551 1861 a
1574 1826 1785 1871 proceribus
1809 1827 1894 1862 Lin-

87 1883 180 1917 cium
205 1883 357 1919 voceris.
386 1903 427 1908 —
454 1884 589 1927 Aprili:
625 1885 759 1920 Itiones
792 1890 828 1920 et
857 1885 1052 1921 reditiones
1090 1885 1274 1930 copiarum
1305 1883 1537 1929 Imperatoris
1568 1888 1603 1919 et
1638 1884 1894 1920 Bavaricarum

88 1942 208 1976 nescio
236 1942 322 1985 qnid
348 1942 583 1986 portendant;
612 1943 804 1986 prohibeat
830 1958 868 1978 το
895 1949 1005 1984 θεων,
1032 1954 1076 1978 ne
1102 1943 1196 1978 inter
1222 1953 1363 1977 sacrum
1390 1946 1426 1976 et
1451 1951 1576 1976 saxum
1595 1943 1750 1987 correpti
1774 1947 1895 1978 tenea-

87 2012 176 2036 mur.
237 2004 312 2040 (Res
345 2006 456 2041 gestae
489 2004 574 2033 inter
609 2004 754 2042 'l'yllinm
788 2009 819 2036 et
854 2006 1078 2036 Marchionem
1115 2005 1319 2047 Badensem3
1351 2003 1515 2045 proelium
1550 2004 1591 2034 ad
1624 2004 1830 2045 Wimpinam
1862 2004 1894 2037 d.

91 2064 123 2095 8,
150 2062 250 2100 Maji;
285 2062 479 2092 Mansfeldti
512 2062 763 2103 expeditiones)
790 2082 832 2085 —
860 2060 1024 2096 Octobri:
1061 2061 1258 2096 Postremis
1292 2060 1364 2095 tuis
1392 2059 1559 2094 Heinium
1590 2059 1705 2094 virum
1738 2059 1896 2104 descrip-

89 2119 178 2154 sisti.
230 2117 359 2152 Testor
383 2117 490 2152 fidem
517 2117 703 2162 sinceram,
730 2119 798 2155 hoc
824 2131 894 2154 non
922 2125 998 2154 erat
1022 2120 1268 2165 propositum,
1296 2130 1376 2154 cum
1402 2121 1661 2162 δακρυγελωντα
1685 2117 1793 2152 istum
1818 2117 1898 2153 mit-

90 2182 219 2221 terem3
255 2178 396 2212 omnino
429 2179 628 2211 πωλυὰςλου
662 2188 700 2212 se
731 2179 917 2223 probarat.
967 2178 1101 2213 Verum
1135 2178 1323 2223 sperabam
1356 2178 1533 2220 futurum,
1570 2180 1610 2211 ut
1635 2176 1754 2220 operis
1780 2176 1896 2221 quoti-

92 2236 197 2271 diana
231 2236 418 2271 exactione
453 2237 762 2271 sermocinationis
794 2235 982 2282 ἀπειρατου
1007 2250 1134 2281 μετρον
1170 2235 1364 2278 inveniret,
1399 2235 1613 2279 praesertim
1643 2233 1705 2268 ubi
1729 2239 1897 2278 ageretur

91 2294 275 2338 negotium
303 2294 458 2329 famelici
487 2294 630 2328 ventris.
683 2295 751 2330 Sed
777 2296 868 2330 haec
901 2295 950 2330 ita
977 2295 1135 2330 habeant
1139 2320 1316 2331 .......
1369 2293 1622 2328 Stereometria
1653 2297 1716 2327 tua
1742 2293 1895 2328 Domino

93 2353 228 2387 Crastio
255 2352 482 2396 perjrmunda
508 2353 653 2395 accidit,
689 2353 750 2396 qui
775 2354 882 2388 etiam
909 2353 1061 2388 solidam
1086 2353 1292 2397 repromisit
1323 2352 1488 2397 gratiam.
1516 2372 1559 2376 —
1584 2350 1775 2395 Epistolae
1800 2351 1896 2396 Kep-

92 2411 158 2445 leri
185 2422 307 2445 omnes
334 2411 605 2446 interciderunt.
658 2412 759 2446 Circa
784 2412 891 2447 finem
918 2413 1000 2447 anni
1028 2412 1172 2456 scripsit
1196 2411 1376 2456 Keplerus
1402 2410 1677 2454 Prognosticum
1705 2410 1742 2444 in
1766 2420 1897 2444 annum

96 2471 197 2506 lo23.
247 2470 398 2505 Ordines
426 2470 606 2505 Austriaci
633 2470 868 2505 decreverunt
892 2470 1124 2505 honorarium
1149 2471 1194 2506 40
1220 2469 1438 2505 florenorum
1467 2469 1568 2511 „dem
1594 2468 1745 2511 Ludwig
1761 2466 1898 2513 Kepler

93 2528 152 2562 fur
177 2528 454 2571 Abschreibung
479 2528 549 2561 md
575 2528 798 2573 vborgebnes
824 2529 1101 2573 Prognosticum
1127 2529 1244 2564 seines
1269 2529 1400 2564 Vaters
1426 2529 1484 2563 Jo.
1512 2527 1681 2572 Kepler.“

236 2588 344 2629 2623.
390 2589 599 2627 Revolutio
632 2592 735 2628 anni.
789 2590 911 2628 Natus
956 2591 1049 2628 mihi
1088 2590 1189 2627 filius
1224 2589 1399 2627 Fridrnar
1441 2593 1509 2627 24.
1540 2588 1721 2627 Januarii
1755 2586 1895 2625 Lincii.

96 2649 321 2697 Baptisatus
354 2649 389 2683 in
423 2647 518 2685 aede
556 2648 787 2697 provinciali
819 2661 841 2686 a
874 2650 921 2685 D.
955 2661 1034 2687 rev.
1067 2647 1159 2686 Joh.
1194 2647 1350 2698 Reu(‘?)
1385 2649 1657 2685 concionatore
1701 2646 1896 2695 primario.

94 2707 276 2743 Patrimi:
321 2706 370 2742 D.
406 2705 602 2756 Abraham
642 2706 841 2754 Schwarz,
886 2707 934 2744 D.
970 2707 1224 2745 Sebastianus
1257 2706 1522 2751 Paumaister,
1564 2702 1743 2752 ,Joergeri
1782 2703 1896 2741 aulae

97 2767 302 2813 magister,
347 2775 432 2801 cuin
463 2775 581 2801 uxore
615 2764 824 2801 Catharina
855 2776 1024 2814 geporne
1057 2765 1238 2813 Hagenin
1271 2775 1360 2801 auss
1392 2763 1606 2800 Karnthen.
1668 2761 1791 2799 Filius
1824 2760 1898 2800 Se-

97 2823 250 2870 baldus,
285 2822 442 2859 variolIS
475 2833 571 2870 pene
604 2827 772 2867 enectus,
808 2821 992 2859 decubuit
1025 2822 1086 2860 die
1120 2822 1289 2871 corporis
1323 2821 1479 2859 Christi.
1534 2819 1649 2858 Edita
1681 2819 1897 2858 Confessio.

237 2880 372 2918 Editus
406 2880 575 2916 Discurs
607 2892 687 2917 rcon
725 2880 796 2916 der
825 2892 986 2928 gyrossen
1024 2880 1298 2926 Oonjunction
1329 2883 1386 2916 etc
1388 2906 1527 2919 .....
1593 2876 1732 2915 Obwol
1764 2877 1826 2915 ich
1858 2879 1897 2914 in

99 2940 388 2976 continuatione
422 2938 720 2986 Ephemeridnm
753 2938 835 2974 auff
863 2938 931 2975 das
957 2942 1078 2975 1623.
1102 2936 1200 2974 Jahr
1231 2936 1504 2985 fortgefahren,
1537 2935 1636 2973 auch
1668 2937 1792 2973 meine
1824 2947 1898 2985 ge-

100 2997 287 3035 w'onliehe
311 2997 562 3045 Conjccturas
585 2994 780 3033 naturales
813 3008 860 3032 zu
882 2995 1020 3045 Papier
1050 2994 1246 3043 gebracht,
1279 3006 1323 3031 so
1355 2994 1424 3032 hat
1452 2995 1524 3031 mir
1556 2993 1655 3031 doch
1679 2993 1748 3032 das
1771 2993 1900 3032 Gliick

100 3066 142 3092 so
176 3057 266 3093 weit
296 3058 352 3093 nit
373 3054 577 3093 secnndirn
601 3056 752 3102 m'ogem
787 3053 874 3091 dass
907 3054 967 3091 ich
1001 3065 1040 3091 es
1073 3065 1119 3090 zu
1151 3052 1302 3090 rechter
1322 3052 1408 3090 Zeit
1439 3053 1478 3088 in
1502 3051 1747 3090 offentlichen
1769 3051 1899 3090 Truck

100 3113 204 3152 hette
236 3115 394 3163 bringeri
426 3112 588 3151 konden.
631 3111 796 3151 Dieweil
828 3112 921 3150 aber
952 3111 1091 3150 etliehe
1112 3109 1494 3160 Kunstverstendige
1523 3109 1626 3148 mich
1656 3110 1896 3160 vermahnet,

1549 3175 1621 3212 57·
