2126 3388
219 153 304 198 880
890 152 975 188 Vita
997 151 1020 186 J
1023 151 1149 187 oannis
1172 151 1336 197 Kepleri.

220 273 311 310 vidi.
371 272 576 310 Posti-emis
607 269 802 308 mensibus
833 268 941 317 Majo
973 273 1010 307 et
1040 269 1160 307 Junio
1192 267 1416 308 Stuccardia
1447 271 1682 318 postremum
1721 268 1895 308 libellum
1927 268 1997 308 de-

219 331 272 368 dit
277 358 412 370 .....
460 329 615 366 Interim
646 327 720 366 fine
753 332 959 376 conspecto
993 329 1118 377 operis
1145 332 1183 365 et
1213 328 1406 365 submissa
1432 326 1567 363 Lincio
1599 328 1763 375 pecunia
1791 334 1997 374 recreatus,

218 395 306 426 tuae
348 387 444 425 adm.
476 385 700 424 Reverende
732 385 779 423 D.
815 385 863 421 D.
898 384 1060 431 Antoni,
1102 385 1263 423 Praesul
1295 387 1332 421 in
1362 383 1716 431 Krembsmiinster,
1748 385 1998 434 benignitatis

219 452 255 484 et
285 445 371 482 fidei
404 448 638 493 argumento,
672 447 709 480 et
740 442 905 491 denique
938 442 1100 479 induciis
1131 443 1213 488 fori,
1247 453 1386 490 magno
1421 442 1576 490 quidem
1599 453 1683 479 meo
1716 441 1856 491 dolore
1878 444 1997 491 inter-

216 504 361 554 positiS,
393 502 550 540 Junium
583 502 708 539 itineri
739 500 1042 538 Francofurtano
1074 504 1110 537 et
1141 511 1253 538 curae
1296 501 1379 549 typi
1411 499 1511 539 dedi.
1562 502 1630 541 (Ex
1667 502 1819 545 epistola
1854 503 1995 539 dedica-

215 562 347 598 catoria
371 563 414 597 ad
440 562 579 597 ordines
606 562 814 596 Austriacos
840 560 873 595 d.
898 560 1127 596 Francofurti
1154 560 1228 597 Cal.
1255 561 1369 599 Julii.)

349 620 405 654 Ex
430 619 668 664 Ephemeride
693 619 775 654 anni
804 619 885 654 1621
915 624 951 654 et
973 619 1064 655 Mes.
1090 618 1242 655 Pulkov.
1267 619 1356 653 haec
1383 619 1617 654 desumsimus
1653 620 1733 654 loca
1764 624 1800 655 et
1823 625 1994 665 tempora,

215 677 342 721 quibus
375 677 442 713 hoc
473 688 564 712 anno
590 676 767 721 Keplerus
801 675 1003 711 observavit
1039 680 1190 718 „statum
1223 676 1337 711 aeris“
1372 678 1598 722 aequinoctia
1631 682 1719 713 etc.:
1756 678 1927 712 Januario
1960 678 1996 713 in

216 735 517 778 Wurttembergia
536 741 570 770 et
587 735 791 778 Vindelico;
809 733 1005 769 Februario
1025 740 1059 769 et
1077 735 1206 769 Martio
1225 735 1465 780 Ratisbonae;
1481 735 1595 779 Aprili
1613 735 1648 769 in
1668 735 1828 779 Bavaria,
1854 736 1996 780 Norico,

214 792 359 837 Suevia;
384 793 481 836 Majo
507 793 541 826 in
568 792 714 836 Suevia3
741 791 847 826 Junio
874 791 909 826 in
934 791 1170 833 „Charitinis“
1199 791 1243 826 ad
1268 793 1414 827 Nicrum
1440 798 1476 826 et
1501 793 1685 835 Rhenum,
1712 792 1807 827 Julio
1833 793 1869 827 in
1896 793 1995 827 Wet-

214 849 365 892 teravia,
400 850 617 890 Palatinam,
648 849 971 894 Wiirttembergia3
1008 849 1052 884 ab
1078 850 1240 893 Augusto
1266 851 1302 884 in
1330 850 1518 885 Octobrem
1544 850 1579 884 in
1607 850 1817 894 Charitinis,
1853 850 1994 892 Suevia,

213 907 413 953 Vindelico,
432 908 622 943 Novembri
638 908 675 943 in
693 908 876 943 Vindelico
895 913 931 943 et
947 908 1078 943 Norico
1097 908 1140 942 ad
1153 909 1372 949 Danubium,
1389 908 1579 943 Decembri
1596 909 1631 942 in
1640 908 1783 942 Austria
1796 908 1993 952 superiore.

347 968 420 1006 Die
463 972 499 1007 8.
538 969 667 1007 Martii
708 969 961 1007 Ratisbonae:
1023 969 1235 1007 Consilium
1288 980 1431 1007 novum
1483 980 1552 1018 pro
1599 969 1733 1006 tabula
1779 974 1989 1006 menstrua.

215 1030 279 1065 11.
311 1025 440 1064 Martii
481 1039 640 1065 examen
677 1029 873 1076 praecepti
910 1027 1044 1064 harum
1087 1027 1250 1065 duarum
1286 1028 1506 1065 tabularum
1533 1029 1613 1073 (cfr.
1643 1029 1712 1064 vol.
1740 1029 1800 1064 VI.
1836 1040 1869 1073 p.
1896 1028 1991 1072 651).

214 1088 277 1124 20.
318 1084 447 1122 Martii
486 1084 722 1123 Ratisbonae
764 1086 984 1123 observatio
1025 1087 1258 1133 aequinoctii
1302 1085 1491 1133 vernalis3
1535 1086 1606 1123 sub
1655 1089 1756 1122 tecto
1797 1083 1988 1121 artificiali

212 1153 324 1191 super
355 1142 486 1180 tabula
518 1143 644 1192 lignea
676 1148 842 1190 vetusta,
875 1143 925 1180 ad
956 1143 1227 1191 aequilibrium
1250 1149 1390 1191 erecta,
1422 1145 1558 1181 notavi
1590 1143 1638 1181 ab
1661 1143 1756 1180 hora
1782 1146 1845 1179 11.
1869 1153 1993 1190 usque

211 1199 259 1238 nd
290 1199 325 1238 h.
362 1204 396 1238 1.
429 1201 531 1239 viam
572 1201 668 1238 radii
700 1201 802 1239 Solis
834 1213 901 1251 per
932 1201 1102 1238 foramen
1136 1202 1306 1238 immissi.
1367 1202 1601 1250 Frequentia
1640 1205 1783 1249 puncta
1813 1201 1849 1236 in
1882 1206 1990 1237 utro-—

212 1270 285 1308 que
328 1258 472 1308 ellipsis
509 1261 679 1307 margine
716 1264 805 1297 sunt
845 1260 958 1298 facta.
1019 1258 1165 1297 Prodiit
1207 1260 1272 1297 alt.
1305 1259 1406 1297 Solis
1445 1259 1657 1298 meridiana
1690 1258 1764 1296 40⁰
1799 1258 1876 1305 54¹,
1920 1257 1987 1296 alt.

210 1319 427 1367 aequatoris
461 1315 534 1355 40⁰
565 1319 642 1364 51‘,
675 1318 755 1366 poli
788 1316 861 1356 49⁰
894 1319 944 1355 9‘.

348 1379 385 1414 2.
427 1375 569 1425 Aprilis
608 1375 803 1413 Monaehii
857 1374 1112 1413 consideratio
1156 1375 1409 1424 longitudinis
1452 1376 1540 1413 anni
1582 1374 1733 1413 siderei.
1805 1373 1988 1412 Calculus

211 1432 409 1482 eclipsium
442 1433 777 1483 Babylonicarum,
809 1433 858 1470 ad
891 1434 1203 1471 constitutionem
1236 1435 1481 1482 antiquarum
1514 1433 1759 1482 epocharum.

350 1491 552 1540 Tubingae
584 1491 713 1541 MaJ'o:
758 1491 832 1529 Pro
865 1492 1148 1529 variatione
1180 1497 1360 1540 poterunt
1390 1491 1470 1529 fieri
1502 1491 1677 1540 rotulae3
1717 1491 1881 1529 extimus
1914 1491 1989 1527 cir-

212 1548 319 1587 culus
351 1550 557 1588 immobilis
594 1550 711 1588 habet
754 1550 1008 1595 variationes,
1052 1551 1247 1597 proximus
1289 1550 1444 1587 mobilis
1483 1550 1652 1598 integros
1693 1548 1834 1598 gradus
1865 1549 1988 1598 primo

211 1613 414 1655 aequatae,
447 1610 595 1653 tertius,
626 1620 702 1645 una
722 1607 887 1653 mobilis,
922 1607 1185 1644 additamenta
1217 1607 1433 1645 anomaliae
1453 1607 1604 1646 mediae
1637 1612 1781 1656 operta,
1815 1612 1986 1655 quartus,

210 1668 384 1712 intimus,
417 1666 641 1713 immobilis,
674 1665 907 1703 anomaliam
939 1670 1173 1703 menstruam
1206 1666 1378 1714 plenam3
1419 1666 1479 1703 hic
1510 1667 1548 1702 in
1581 1667 1707 1714 capite
1740 1665 1856 1702 habet
1888 1665 1989 1701 inci-

207 1735 351 1771 suram,
395 1729 435 1761 ut
481 1723 708 1773 detegantur
749 1723 939 1772 scrupula.
994 1726 1059 1759 His
1085 1725 1245 1760 additum
1271 1726 1386 1760 Lincii
1420 1736 1541 1760 mense
1565 1725 1773 1760 Novembri:
1816 1723 1873 1760 De
1915 1734 1987 1759 usu

206 1781 372 1829 rotulae,
422 1784 516 1818 varia
540 1785 655 1819 minus
682 1784 930 1827 cohaerentia,
959 1795 1110 1828 quorum
1136 1794 1310 1818 summam
1336 1783 1424 1818 haec
1451 1783 1559 1817 habet
1585 1784 1767 1827 quaestio:
1816 1782 1876 1817 An
1921 1792 1987 1830 per

208 1840 409 1877 distantias
452 1839 552 1877 Solis
590 1841 638 1877 ab
680 1851 856 1888 apogaeo
889 1839 1023 1877 Lunae
1059 1838 1276 1877 indicentur
1308 1839 1405 1888 justi
1443 1838 1545 1876 tituli
1585 1838 1676 1876 add.
1710 1844 1748 1877 et
1777 1839 1877 1877 subt.
1918 1850 1986 1888 pro

207 1900 435 1948 aequatione
466 1898 689 1936 menstrua?
723 1901 799 1938 (Cfr.
825 1912 857 1943 p.
887 1904 952 1933 254
980 1904 1035 1939 ss.)

344 1955 438 1993 Cum
475 1960 537 1994 11.
569 1955 666 2004 Maji
698 1954 1183 1993 Stuccardiaesaccinctns
1224 1962 1364 1993 starem
1407 1955 1456 1992 ad
1489 1953 1772 1993 observandam
1814 1954 1986 2004 eclipsin,

206 2015 332 2052 subito
375 2014 541 2051 nubibus
583 2015 722 2052 coortis
760 2019 840 2051 toto
886 2013 1096 2051 durationis
1136 2019 1308 2063 tempore
1349 2013 1477 2051 Solem
1519 2015 1556 2050 in
1599 2014 1729 2051 nimbo
1773 2019 1856 2052 atra
1887 2019 1988 2051 tem-

205 2079 334 2122 pestas
368 2074 501 2110 tenuit.

342 2137 584 2173 Schickardus
609 2137 720 2171 refert
743 2137 978 2181 Berneggero,
1005 2137 1104 2171 initio
1131 2137 1261 2171 mensis
1286 2136 1407 2171 Martii
1432 2136 1691 2181 praefationem
1716 2138 1752 2171 in
1778 2137 1907 2172 librum
1925 2138 1987 2173 IV.

204 2196 388 2241 Epitonies
414 2196 598 2239 Tubingae
631 2206 799 2230 excusam
833 2206 923 2231 esse.
971 2195 1166 2240 Keplernm
1197 2205 1311 2238 nuper
1342 2195 1437 2230 ultra
1471 2195 1653 2230 octiduum
1680 2206 1783 2230 suum
1809 2195 1987 2240 hospitem

204 2254 324 2299 fuisse,
345 2254 419 2298 jam
445 2253 652 2288 discessisse
677 2253 909 2288 Ratisbonam
936 2255 981 2289 ad
1008 2254 1194 2298 conjugem
1220 2264 1442 2298 puerperam.
1488 2255 1588 2288 Circa
1611 2254 1716 2288 finem
1742 2255 1873 2290 mensis
1891 2255 1988 2289 Junii

204 2312 247 2347 ad
272 2312 409 2356 aliquot
439 2311 514 2346 dies
540 2311 703 2356 Tubinga
736 2312 986 2356 Stuttgartiam
1020 2313 1226 2352 secessisse,
1259 2323 1374 2356 neque
1407 2313 1604 2356 Tubingam
1638 2312 1799 2348 rediisse.
1856 2313 1988 2354 „Aiunt

202 2370 473 2406 Francofurtam
507 2369 648 2406 abiisse.
696 2370 753 2405 An
779 2370 995 2413 Argentinae
1031 2370 1120 2404 clam
1153 2375 1187 2405 te
1222 2369 1388 2413 latitarit,
1423 2371 1585 2414 equidem
1618 2371 1752 2415 ignoro.
1801 2371 1836 2405 Si
1863 2382 1901 2406 se
1926 2373 1987 2407 ab·

203 2429 300 2473 didit,
327 2427 453 2464 fecerit
477 2431 573 2462 certe
598 2438 668 2462 non
687 2427 862 2463 amicitiae
886 2433 969 2462 tuae
993 2429 1123 2472 taedio,
1150 2429 1213 2463 sed
1231 2429 1322 2463 forte
1340 2428 1510 2464 illiberali
1537 2429 1688 2473 quodam
1706 2429 1854 2474 pudore,
1881 2441 1986 2475 quem

203 2487 271 2531 ipsi
305 2485 495 2530 desperata
525 2485 649 2520 matris
681 2496 788 2521 causa
819 2485 986 2529 incussit,
1021 2490 1056 2521 et
1086 2491 1230 2530 praeter
1264 2497 1319 2521 me
1354 2487 1413 2521 alii
1444 2497 1588 2531 quoque
1622 2488 1657 2521 in
1682 2487 1761 2531 ipso
1788 2498 1906 2522 coram
1931 2498 1985 2523 re-

204 2542 458 2588 prehende1·e“.
484 2565 526 2568 —-

337 2601 512 2637 Permulti
544 2602 726 2647 eclipsium
754 2601 879 2638 calculi
910 2603 972 2637 illo
1005 2607 1164 2648 tempore
1191 2604 1345 2640 confecti
1377 2609 1572 2645 testantur,
1603 2605 1695 2639 sicut
1726 2604 1831 2640 etiam
1862 2604 1986 2639 literae

202 2659 244 2693 ad
283 2660 475 2703 Criigerum
515 2659 618 2696 datae
656 2661 698 2704 (ν.
736 2660 858 2705 infra),
898 2660 1106 2696 fasciculum
1151 2662 1355 2707 eclipsium,
1398 2673 1502 2707 quem
1544 2662 1771 2697 exhibuimus
1814 2662 1881 2697 vol.
1918 2661 1986 2697 ΙΙΙ.

202 2728 234 2762 p.
261 2719 453 2761 550—643,
481 2730 524 2754 ex
549 2724 650 2764 parte
677 2719 818 2764 quidem
843 2720 879 2754 in
904 2719 1032 2754 itinere
1057 2720 1367 2764 Wiirtembergico
1394 2720 1594 2755 confectum
1621 2731 1708 2755 esse.

337 2782 393 2817 Ad
424 2782 517 2819 diem
545 2783 595 2818 12.
623 2783 718 2828 Sept.
752 2788 900 2818 annotat
925 2784 1120 2829 Keplerus:
1158 2782 1199 2819 In
1233 2794 1318 2820 arce
1350 2782 1478 2831 Kinga
1500 2780 1730 2833 (Koengen)‚
1765 2792 1863 2830 quae
1895 2793 1978 2819 me—

206 2835 267 2874 dio
300 2836 385 2875 loco
426 2839 523 2876 inter
554 2838 772 2888 Tubingam
805 2845 842 2877 et
873 2839 1137 2878 Stuccardiam
1177 2840 1345 2878 deflectit
1378 2853 1422 2879 ex
1455 2842 1589 2877 itinere
1630 2840 1678 2877 ad
1711 2841 1913 2887 orientem,
1946 2841 1983 2876 in

195 2894 359 2941 horrea,
401 2897 511 2945 cujus
554 2901 697 2934 tectum
739 2897 926 2935 devexum
968 2897 1016 2935 ad
1049 2898 1264 2946 meridiem,
1308 2904 1419 2946 porta
1449 2898 1497 2935 ad
1530 2899 1845 2946 septentrionem,
1880 2899 1985 2936 erexi

205 2953 404 3001 pyramida
437 2966 481 2991 ex
513 2956 667 3003 perticis
701 2957 869 3004 quinque
902 2961 939 2993 et
971 2968 1098 2993 assere
1132 2957 1247 3005 plano
1290 2957 1375 2994 loco
1407 2963 1526 2994 sexta.
1588 2954 1808 3003 Longitudo
1842 2957 1983 2993 asseris

206 3015 243 3046 et
274 3009 433 3048 duarum
464 3013 693 3060 perticarum
726 3013 906 3051 inclinate
939 3013 1227 3052 ascendentium
1261 3019 1341 3051 erat
1369 3014 1473 3067 1653
1502 3014 1706 3061 digitorum
1740 3014 1775 3048 in
1809 3014 1983 3057 singulis.

205 3066 353 3107 Deinde
385 3071 566 3109 constitui
597 3071 831 3121 triangulum
861 3071 1098 3110 horizontale
1131 3073 1167 3108 in
1190 3071 1256 3109 tali
1280 3074 1540 3122 proportione,
1573 3075 1614 3108 ut
1638 3070 1846 3109 verticibus
1870 3072 1983 3110 bino-
