2126 3388
227 186 312 231 978
899 177 983 212 Vita
1007 176 1029 210 J
1032 176 1158 212 oannis
1184 176 1343 222 Kepleri.

227 304 346 342 linum
380 301 500 347 datis,
543 299 611 337 sed
642 298 757 336 etiam
798 296 922 344 magis
954 306 1000 332 ex
1040 293 1117 331 illis
1157 293 1206 332 ad
1245 291 1439 331 Davidem
1476 292 1716 340 Fabricium,
1755 292 2011 339 Herwartum,

226 362 408 407 Remum,
440 358 688 402 Harriotum,
727 355 991 402 Brenggerum
1032 353 1183 400 scriptis
1225 350 1439 399 intelligere
1475 350 1565 388 licet
1607 356 1666 398 et,
1708 352 1801 399 ipsis
1840 349 2012 399 epistolis

226 417 470 468 Keplerianis
503 413 768 452 deficientibus
801 423 845 449 ex
877 410 1071 458 responsis
1103 422 1126 446 a
1157 408 1345 455 Besoldo,
1379 407 1634 456 Schickardo,
1675 408 1905 457 Benjamino
1936 406 2012 446 Ur-

227 478 323 524 sino,
354 472 641 512 Hebenstreitio
673 470 839 518 aliisque
871 467 981 505 datis.

365 532 460 569 Cum
492 530 650 578 longum
681 529 742 575 sit,
776 532 854 565 tam
886 527 1042 574 copiose
1066 528 1107 560 ut
1127 522 1254 560 adhuc
1274 522 1433 571 Kepleri
1464 522 1657 571 reliquum
1687 521 1884 561 literarum
1908 535 2014 561 com-

227 591 408 628 mercium
440 588 642 637 persequi,
675 585 787 623 nobis
818 585 857 620 in
890 594 935 621 eo
968 586 1025 621 cst
1058 580 1402 630 acquiescendum,
1435 585 1477 617 ut
1507 581 1546 617 in
1577 580 1762 629 legendas
1793 581 1898 629 ipsas
1930 583 2014 630 epi-

227 648 349 686 stolas
380 647 563 684 lectorem
594 645 846 690 remittamus,
881 652 980 690 quae
1014 646 1049 676 et
1073 641 1109 675 in
1132 643 1286 676 nostrae
1319 638 1498 676 editionis
1530 638 1793 676 voluminibus
1823 640 2015 687 prioribus

228 712 265 743 et
298 707 333 741 in
366 704 483 752 liujus
519 703 725 740 voluminis
757 701 910 750 paginis
942 696 1260 736 antecedentibus
1293 695 1435 734 allatae
1467 701 1556 734 sunt
1578 702 1751 734 cunetae.
1793 696 1851 733 Ex
1874 697 2014 744 quibus

228 761 412 800 nonnulla
457 762 573 798 verba
612 766 648 797 et
681 759 782 797 dicta
821 757 1027 806 eligemus,
1071 767 1118 793 ea
1150 765 1250 803 quae
1290 755 1328 790 in
1371 754 1486 803 hujus
1525 755 1662 803 capitis
1699 754 1936 804 praefatione
1969 753 2015 792 de

226 820 394 871 Keplero
428 820 593 856 diximus
626 817 791 867 amplius
824 814 1094 853 confirmaturi.

368 877 424 913 Ex
457 876 632 926 epistolis
665 875 712 913 ad
746 873 956 924 Keplerum
990 871 1078 908 dum
1112 869 1235 908 Gratii
1269 873 1351 907 erat
1380 870 1507 907 missis
1540 874 1690 919 praeter
1721 868 2016 908 Maestlinianas

228 937 400 986 inprimis
443 933 714 971 memorandae
754 936 842 969 sunt
884 929 1056 978 theologi
1100 926 1286 978 epistolae
1331 927 1712 976 Hafenrefferi,
1762 929 1827 976 qui
1868 939 2017 978 semper

228 997 348 1040 timet,
381 1004 428 1029 ne
461 994 606 1029 amicus
639 996 706 1028 aut
737 990 854 1026 nimio
889 987 1089 1037 Copernici
1122 985 1251 1023 studio
1284 997 1307 1022 a
1339 985 1456 1023 Sacra
1486 985 1682 1035 Scriptura
1721 984 1922 1024 dissentiat
1950 990 2018 1023 aut

229 1051 358 1088 multis
390 1051 470 1087 suis
503 1048 777 1086 catholicorum
810 1047 988 1084 amicitiis
1029 1044 1117 1081 fidei
1149 1055 1241 1081 suae
1269 1043 1460 1091 jacturam
1500 1043 1627 1082 faeiat.
1688 1043 1831 1082 Postea
1863 1055 2017 1093 quoque

230 1111 266 1146 in
300 1108 477 1145 omnibus
510 1106 683 1156 epistolis
724 1117 814 1153 erga
852 1103 1140 1140 dilectissimum
1173 1112 1284 1138 suum
1317 1100 1545 1150 discipulum
1578 1101 1788 1150 Keplerum
1827 1113 1867 1139 se
1898 1103 2018 1152 patris

229 1169 347 1204 instar
367 1166 525 1216 praebet
548 1164 862 1211 benignissimum
885 1168 922 1198 et
948 1162 1186 1198 verissimum
1208 1158 1429 1208 Kepleriani
1460 1160 1598 1195 summi
1619 1160 1780 1207 ingenii,
1814 1159 2019 1209 Kepleria-

229 1236 362 1262 norum
386 1235 543 1274 operum
566 1221 849 1259 admiratorem.
891 1218 998 1256 Idem
1020 1217 1188 1266 chlero
1211 1222 1346 1253 auctor
1376 1222 1476 1263 erat,
1509 1222 1550 1254 ut
1579 1218 1616 1253 in
1649 1216 1860 1255 Prodromo
1891 1217 2018 1255 locum

231 1282 421 1331 quendam
462 1280 628 1326 deleret,
673 1290 748 1327 quo
792 1276 987 1315 studuisse
1029 1275 1180 1312 videtur
1219 1274 1521 1323 Copernicanam
1564 1274 1610 1312 de
1652 1274 1794 1312 mundo
1833 1276 2019 1313 rationem

231 1352 316 1378 eum
339 1339 467 1377 Sacris
490 1338 629 1375 Literis
653 1347 892 1385 componere.
937 1334 1256 1383 „Disputationes
1280 1331 1519 1380 theologicas
1543 1332 1645 1380 quod
1669 1333 1846 1380 attinet“,
1870 1335 2021 1383 scripsit

230 1398 514 1435 Hasenrefferus
536 1394 699 1447 (1598),
737 1405 838 1445 „non
860 1392 991 1429 dubito
1014 1393 1104 1440 quin
1128 1391 1257 1427 omnia
1288 1391 1341 1427 ita
1372 1391 1422 1426 sis
1446 1389 1717 1440 explicaturus,
1751 1394 1792 1428 ut
1824 1396 1860 1428 et
1892 1393 2020 1440 vigere

230 1456 511 1505 Scripturarum
545 1453 727 1500 analogia
760 1458 797 1489 et
830 1456 896 1487 tua
928 1450 1061 1486 florere
1093 1448 1338 1485 incolumitas
1371 1449 1506 1496 possit.
1548 1447 1588 1485 Si
1620 1448 1786 1486 fraterno
1818 1460 1903 1486 meo
1928 1460 2021 1486 con-

230 1513 327 1560 silio,
363 1514 418 1549 uti
450 1512 605 1549 firmiter
636 1521 765 1559 spero,
808 1508 916 1545 locus
957 1507 1098 1555 aliquis
1138 1511 1212 1552 est,
1258 1516 1370 1555 porro
1412 1506 1448 1541 in
1482 1506 1671 1554 ejusmodi
1712 1506 2019 1544 demonstrandis

230 1570 509 1621 hypothesibus
533 1568 676 1605 nudum
709 1567 1022 1604 mathematicum
1045 1576 1151 1613 ages,
1205 1562 1354 1611 Quibus
1387 1564 1541 1600 monitis
1564 1565 1594 1601 si
1617 1569 1670 1610 tu,
1703 1566 1757 1600 uti
1790 1570 1891 1602 certo
1925 1576 2018 1602 con-

231 1628 319 1676 fido,
352 1628 536 1678 parueris,
570 1625 663 1662 nihil
687 1624 821 1662 dubito
854 1625 944 1672 quin
978 1624 1232 1671 cogitationes
1263 1626 1352 1658 tuae
1384 1621 1569 1670 plurimis,
1604 1623 1657 1658 uti
1683 1626 1784 1659 certe
1807 1622 1897 1659 mihi
1921 1634 2020 1671 quo-

232 1699 306 1735 que
338 1692 437 1732 sunt,
465 1683 774 1733 jucundissimae
806 1683 882 1719 sint
913 1682 1077 1718 suturae.
1131 1679 1211 1725 Sin,
1245 1678 1348 1727 quod
1380 1681 1569 1717 maximus
1601 1686 1638 1717 et
1671 1681 1837 1728 optimus
1869 1685 2021 1718 avertat

232 1745 352 1791 Deus,
386 1743 539 1793 publice
572 1743 666 1779 istas
699 1740 933 1790 hypotheses
967 1751 1051 1776 cum
1082 1737 1279 1786 Scriptura
1311 1736 1429 1774 Sacra
1461 1736 1665 1775 conciliare
1708 1736 1829 1775 velles
1862 1743 1899 1775 et
1930 1749 2022 1787 pro-

235 1813 428 1853 pugnare,
472 1805 616 1838 eertum
659 1805 807 1844 metuo,
850 1801 891 1833 ut
932 1798 968 1832 in
1015 1796 1273 1833 dissensiones
1305 1806 1364 1831 res
1395 1794 1542 1832 isthaec
1573 1800 1763 1844 crumpat,
1808 1807 1884 1844 quo
1929 1807 2021 1833 casu

234 1860 348 1897 velim
382 1871 467 1908 ego,
500 1870 560 1896 me
590 1859 685 1894 istas
707 1857 961 1904 cogitationes
994 1859 1104 1900 tuas,
1137 1854 1173 1889 in
1207 1864 1247 1889 se
1271 1852 1426 1900 quidem
1457 1853 1727 1891 mathematice
1761 1853 2023 1891 consideratas

235 1917 451 1968 praeclaras
483 1921 521 1953 et
551 1915 713 1961 nobiles,
747 1925 944 1962 nunquam
978 1911 1134 1949 vidisse.
1187 1909 1278 1947 Jan]
1310 1909 1454 1947 dudum
1487 1913 1586 1949 enim
1610 1913 1646 1948 in
1669 1911 1843 1948 Ecclesia
1865 1912 2023 1949 Domini

235 1975 322 2026 plus
355 1974 612 2012 contentionis
645 1977 722 2018 est,
762 1983 877 2020 quam
909 1969 1067 2006 infirmis
1100 1968 1291 2018 expediat.
1354 1968 1431 2006 Sed
1463 1971 1616 2016 nescio,
1656 1981 1732 2018 quo
1765 1981 1825 2006 me
1857 1970 2025 2020 abripiat

237 2032 360 2082 stylus
394 2032 455 2070 vel
487 2033 616 2081 potius
647 2031 835 2067 fraternus
868 2039 975 2065 meus
1006 2029 1042 2064 in
1066 2026 1120 2064 Te
1153 2037 1270 2072 amor,
1304 2027 1369 2074 qui
1401 2027 1474 2062 nisi
1508 2027 1596 2064 talis
1629 2028 1665 2063 in
1688 2027 1743 2065 Te
1775 2032 1877 2065 esset
1898 2027 2023 2076 qualis

239 2096 308 2137 est,
343 2090 633 2128 ardentissimus
666 2089 843 2124 nimirum
875 2092 912 2123 et
942 2084 1251 2130 candidissimus,
1284 2088 1363 2120 tum
1394 2084 1555 2122 liberam
1588 2085 1689 2134 stylo
1721 2085 1916 2122 licentiam
1948 2097 2024 2123 non

234 2150 504 2198 permisissem.
548 2146 624 2184 Sed
655 2145 718 2183 hic
748 2145 848 2182 idem
882 2155 988 2180 amor
1019 2143 1088 2180 abs
1111 2142 1165 2179 Tc
1198 2141 1380 2191 postulat,
1414 2147 1455 2179 ut
1486 2144 1662 2179 nimirum
1694 2148 1890 2180 strenuum
1912 2144 2023 2181 nobis

233 2218 327 2255 agas
359 2205 672 2243 mathematicum
694 2208 730 2240 et
752 2214 866 2251 quam
890 2206 1001 2239 antea
1025 2201 1112 2237 Tibi
1136 2199 1441 2237 commendatam
1464 2212 1547 2238 esse
1578 2203 1658 2238 seio
1689 2199 1885 2239 Ecclesiae
1917 2207 2024 2238 tran-

234 2264 464 2313 quillitatem
499 2266 718 2300 constanter
749 2262 895 2298 foveas.
931 2281 981 2286 ——
1015 2258 1164 2306 Quibus
1197 2257 1243 2295 de
1275 2256 1545 2295 Hafenrefserri
1578 2258 1882 2296 dubitationibus
1914 2258 2024 2309 Kep-

233 2322 335 2359 lerus
367 2332 552 2371 responso
585 2331 654 2356 suo
688 2318 862 2356 timidum
895 2318 1006 2355 amici
1039 2317 1206 2353 animum
1238 2315 1347 2353 leniit
1374 2320 1410 2352 et
1433 2315 1685 2363 confirmavit,
1720 2328 1804 2354 cum
1826 2317 2025 2366 proximae

234 2379 489 2417 Hafenrell'eri
521 2378 654 2415 literae
687 2377 745 2414 his
777 2377 986 2425 inciperent
1008 2374 1160 2412 verbis:
1197 2372 1475 2424 „Quanquam,
1510 2375 1631 2412 amice
1664 2379 1700 2411 et
1731 2375 1846 2412 frater
1877 2374 2025 2412 charis-

236 2438 343 2483 sime,
377 2447 509 2474 omnes
541 2447 640 2484 quae
673 2447 695 2472 a
726 2440 762 2471 te
793 2434 884 2471 mihi
919 2432 1157 2482 perferuntur
1188 2430 1321 2468 literae
1348 2431 1653 2479 jucundissimae
1684 2437 1794 2478 sunt,
1828 2433 2023 2482 proximae

234 2500 361 2532 tamen
394 2494 579 2542 singulari
612 2493 778 2541 quadam
811 2497 848 2529 et
880 2490 1074 2528 cumulata
1105 2490 1299 2526 suavitate
1332 2493 1454 2525 totum
1487 2501 1546 2526 me
1585 2489 1839 2539 repleverunt,
1890 2491 1946 2527 Ex
1979 2492 2024 2527 iis

235 2554 335 2590 enim
379 2552 570 2597 intellexi,
613 2556 649 2588 te
688 2550 806 2600 pluris
838 2550 962 2586 facere
996 2547 1191 2584 Ecclesiae
1235 2546 1574 2595 tranquillitatem,
1616 2559 1731 2596 quam
1771 2558 2023 2597 quoscunque

235 2611 475 2659 ingeniorum
505 2608 767 2646 nobilissimos
800 2612 835 2645 et
867 2607 1112 2644 charissimos
1144 2604 1268 2642 foetus
1272 2632 1442 2643 ......
1505 2605 1610 2642 Tuos
1643 2607 1758 2642 etiam
1791 2616 1922 2653 casus,
1957 2607 2024 2655 qui

236 2669 284 2705 ab
317 2668 491 2706 diversae
523 2667 718 2714 religionis
750 2666 970 2703 hominibus
1003 2664 1099 2700 varii
1131 2670 1169 2699 et
1199 2663 1293 2699 satis
1331 2674 1470 2711 graves
1515 2664 1770 2711 objiciuntur,
1810 2675 1855 2701 ex
1893 2664 2022 2701 animo

239 2724 363 2763 doleo.
426 2725 548 2762 Dabis
582 2736 756 2773 operam,
791 2728 832 2760 ut
863 2723 936 2772 piis
969 2721 1146 2772 precibus
1179 2725 1227 2766 et,
1261 2732 1377 2768 quam
1409 2720 1592 2758 Salvator
1624 2722 1735 2758 nobis
1768 2720 2022 2768 commendat,

237 2784 455 2832 serpentina
486 2782 689 2832 prudentia
720 2782 867 2818 sortiter
898 2780 973 2816 illis
1008 2789 1202 2824 occurras,
1235 2789 1282 2815 ne
1314 2777 1392 2816 levi
1424 2784 1575 2828 arrepta
1609 2780 1810 2816 occasione
1843 2780 2024 2826 graviora

238 2841 274 2876 in
307 2846 343 2878 te
374 2840 617 2878 meditentur.
657 2839 759 2876 Illud
791 2844 920 2876 autem
942 2835 1156 2886 perplacuit
1186 2835 1290 2881 mihi,
1326 2836 1428 2884 quod
1460 2837 1648 2874 ititantem
1680 2836 1787 2874 illum
1819 2835 2022 2885 hospitem,

239 2898 356 2935 dubia
399 2899 559 2935 itionum
600 2909 718 2935 causa
759 2897 975 2946 proposita,
1018 2894 1180 2931 aedibus
1222 2895 1296 2930 tuis
1342 2905 1470 2932 arcere
1503 2895 1683 2944 potuisti,
1726 2904 1870 2931 memor
1903 2896 2022 2931 vestis

239 2955 399 3001 ovillae,
443 2967 557 3003 quam
600 2955 733 3005 lupina
773 2954 952 2991 subducit
989 2953 1128 2988 rabies·
1190 2951 1300 3000 Rogo
1333 2956 1374 2989 ut
1404 2951 1629 3000 prolixiores
1672 2951 1720 2988 ad
1760 2962 1819 2988 me
1863 2953 2022 2999 seribaS,

240 3012 333 3048 nihil
365 3014 463 3050 enim
485 3013 576 3049 mihi
600 3013 771 3050 accidere
802 3013 923 3061 possit
949 3006 1195 3059 jucundiuS.“
1221 3039 1228 3046 .
1255 3038 1263 3045 .
1287 3037 1294 3045 .
1321 3040 1329 3049 .
1381 3009 1476 3046 Cum
1508 3015 1636 3048 autem
1668 3008 1857 3058 Keplerus
1890 3014 2023 3058 poste-

239 3070 327 3106 riori
358 3075 527 3119 tempore
561 3072 597 3106 in
629 3070 715 3107 lites
747 3069 942 3106 incidisset
974 3079 1058 3105 curn
1090 3066 1283 3114 theologis
1306 3066 1573 3105 Linciensibus
1606 3071 1643 3104 et
1673 3065 1720 3103 ad
1754 3068 2022 3104 consistorium

243 3126 541 3175 Stuttgartiense
573 3132 836 3176 provocasset,
868 3125 1155 3164 Hasenrefferus
1187 3126 1416 3163 auctoritate
1438 3136 1510 3163 sua
1540 3124 1647 3161 illum
1668 3123 1717 3161 ad
1748 3123 1875 3173 fidem,
1907 3137 2022 3174 quam
