2126 3388
198 176 281 220 896
875 173 959 210 Vita
983 173 1133 210 Joannis
1157 174 1315 219 Kepleri.

336 290 577 329 Schickardus
603 290 636 325 d.
656 291 688 326 7.
708 290 807 335 Sept.
826 290 988 334 scripsit:
1018 290 1183 332 „Salvum
1207 294 1242 325 te
1268 290 1311 324 ad
1337 292 1417 323 tuos
1443 289 1592 325 rediisse
1617 288 1770 333 gaudeo.
1811 289 1983 325 Tabulam

196 363 291 396 vero,
317 361 420 396 quam
447 352 643 383 atramento
669 348 898 393 perfuderaS,
924 348 1084 383 nondum
1110 347 1301 383 succedere
1328 346 1440 390 (orbis
1465 350 1582 381 terrae
1609 347 1653 382 ad
1680 347 1768 383 Tab.
1795 347 1907 391 Rud.)
1932 347 1983 382 in-

196 411 287 445 vitus
322 407 448 443 audivi.
495 407 631 441 Vereor
656 410 695 440 ut
719 405 965 450 magnitudine
1002 417 1067 441 sua
1099 406 1143 441 ad
1175 416 1279 440 usum
1312 404 1358 438 sit
1391 404 1683 442 incommodior.“
1734 404 1876 449 Refert,
1902 409 1986 450 post

196 466 339 510 Kepleri
365 464 561 499 discessum
588 462 774 498 advenisse
799 463 1044 508 Bartsehium,
1073 474 1158 508 „spe
1183 463 1235 498 tui
1260 471 1396 496 mecum
1421 461 1537 496 adhuc
1562 461 1777 507 offendendi,
1804 473 1874 507 quo
1899 473 1985 497 casu

195 534 277 559 suas
303 523 412 557 hasce
438 521 480 556 de
507 521 611 566 globo
638 520 800 566 pagellas
825 520 903 564 ipse
928 521 1137 557 obtulisset“
1168 521 1246 565 (cfr.
1273 519 1351 555 VII.
1376 519 1485 563 478).
1534 520 1633 555 Idem
1659 520 1805 556 nunciat
1830 521 1986 565 Berneg-

195 591 278 625 gero
305 580 354 624 (ὃ.
381 579 514 622 Junii):
556 579 750 620 „Versatur
777 578 955 622 Keplerus
987 579 1062 623 jam
1096 579 1142 613 ad
1175 588 1335 613 mensem
1366 578 1402 612 in
1427 577 1704 623 Wirtembergia
1729 582 1764 613 et
1793 588 1849 613 me
1872 577 1984 612 literis

193 639 353 683 iuterim,
389 638 452 672 sed
478 647 626 681 corpore
652 637 808 671 nondum
843 636 1012 673 visitavit.
1061 638 1171 672 Parat
1195 647 1289 671 nunc
1323 637 1465 671 tandem
1493 635 1553 670 diu
1577 636 1772 680 promissas
1798 635 1888 670 Tab.
1912 635 1985 670 Ru-

195 697 337 741 dolphi,
372 696 415 731 ad
448 706 598 739 quarum
633 694 823 729 editionem
856 695 924 739 ipsi
958 695 1211 730 calculatorem
1244 695 1300 729 hic
1333 695 1425 729 inter
1459 692 1640 728 studiosos
1672 694 1831 729 nancisci
1857 693 1984 731 debeo,

193 755 256 789 Ait
283 755 389 788 etiam
414 754 507 788 inter
533 757 661 796 cetera,
689 752 945 796 perstrinxisse
965 763 1021 787 me
1039 753 1073 786 in
1093 762 1157 787 suo
1175 753 1447 797 Hyperaspiste,
1476 764 1579 797 quem
1598 752 1753 787 nondum
1772 753 1853 787 vidi.
1895 753 1984 787 Item

196 814 375 848 editurum
402 821 545 856 quoque
571 810 865 855 logarithmorum
891 821 989 846 usus.
1027 811 1156 846 Nescio
1183 821 1229 845 an
1254 811 1437 856 religionis
1463 822 1573 847 eausa
1592 811 1769 846 hactenus
1795 812 1841 845 sit
1859 822 1879 845 a
1898 811 1983 847 Cae-

193 881 272 906 sare
298 869 512 915 appellatus.
562 870 640 903 Hoc
666 868 876 913 subodoror,
903 874 1156 905 renovaturum
1186 870 1246 913 jus
1272 870 1424 905 civitatis
1458 870 1643 904 nobiseum
1668 870 1703 904 in
1728 870 1844 913 patria
1868 871 1984 904 Leon-

193 929 313 971 berga.
365 928 543 971 Quorsum
569 926 604 960 id
631 930 770 970 spectat
793 926 898 961 facile
925 927 1158 963 divinamus.“
1209 928 1314 962 Brevi
1339 932 1422 972 post
1446 928 1539 962 idem
1567 927 1679 962 eidem
1704 927 1830 963 refert:
1860 928 1985 972 „Quod

194 986 371 1031 Keplerus
393 985 469 1029 jam
494 984 713 1028 aliquamdiu
738 994 875 1019 mecum
901 989 1001 1030 agat,
1034 995 1078 1019 ex
1104 986 1250 1029 nuperis
1275 986 1389 1030 ipsius
1414 985 1527 1021 literis
1553 986 1775 1022 intellexisse
1800 990 1899 1030 puto.
1948 986 1983 1020 Is

193 1044 463 1080 conversatione
489 1053 554 1078 sua
579 1043 804 1078 occasionem
830 1042 945 1087 dedit,
978 1043 1014 1077 in
1046 1054 1248 1078 mensuram
1280 1043 1390 1087 prisci
1421 1044 1524 1089 pedis
1549 1044 1701 1079 Romani
1732 1044 1907 1079 curiosius
1932 1045 1982 1079 in-

192 1103 389 1147 quirendi.“
411 1129 418 1136 .
439 1128 448 1136 .
467 1129 473 1136 .
494 1130 501 1137 .

330 1160 607 1196 Observationes
643 1160 736 1194 aeris
764 1171 856 1195 anno
886 1162 988 1196 1625:
1025 1161 1108 1196 Jan.
1138 1161 1272 1197 1.-10.
1299 1161 1475 1204 Viennae,
1513 1162 1550 1196 11
1580 1171 1628 1196 ss.
1665 1164 1699 1195 et
1724 1161 1919 1196 Februario
1948 1165 1983 1196 et

193 1221 323 1256 Martio
342 1219 471 1261 Lincii,
491 1219 606 1263 Aprili
629 1219 789 1255 18.-20.
814 1219 986 1262 Passavii,
1012 1220 1066 1254 22.
1087 1219 1142 1254 23.
1166 1219 1396 1263 Ratisbonae,
1423 1219 1588 1255 24.—27.
1607 1219 1802 1262 Augustae,
1822 1219 1982 1255 27.—30.

198 1278 428 1323 Campiduni3
454 1277 553 1321 Majo
579 1278 615 1311 in
642 1277 771 1312 Suevia
797 1277 842 1311 ad
868 1277 995 1311 Ilaram
1022 1277 1183 1322 (Ulmae)
1211 1283 1246 1311 et
1272 1277 1419 1321 Vilsam,
1444 1277 1553 1312 Junio
1579 1278 1615 1311 in
1633 1277 1923 1320 Wiirtembergia
1940 1276 1985 1311 ad

192 1337 347 1379 Vilsam,
382 1335 478 1369 ἱ111110
507 1334 702 1378 Tubingae,
736 1335 781 1369 ad
807 1335 958 1377 Vilsam,
995 1335 1137 1379 Ulmae3
1174 1337 1338 1379 Augusto
1366 1336 1479 1370 1.-7,
1506 1335 1647 1377 Ulmae,
1679 1335 1818 1371 8.—-14.
1846 1335 1984 1370 Norim-

191 1395 330 1438 bergae‚
360 1393 514 1428 15.—20.
534 1392 769 1437 Ratisbonae,
797 1394 851 1428 21.
870 1394 1028 1438 Asehae,
1056 1394 1109 1427 22.
1129 1404 1241 1438 usque
1268 1394 1313 1428 ad
1337 1393 1443 1428 finem
1470 1394 1553 1428 anni
1570 1393 1696 1428 Lincii.
1732 1395 1868 1437 (Mense
1886 1393 1983 1429 Julio

193 1454 356 1496 Tubinga
391 1451 548 1487 excurrit
572 1451 750 1494 Keplerus
776 1452 1044 1486 Kirchhemiam
1078 1462 1169 1495 equo
1189 1457 1322 1487 vectus.
1357 1451 1600 1486 Schiekardus
1626 1451 1749 1487 scribit
1775 1452 1807 1486 d.
1828 1454 1858 1488 7.
1876 1452 1982 1487 Julii:

195 1514 257 1548 der
282 1512 374 1546 Herr
399 1511 461 1545 des
488 1509 614 1544 Pserds
640 1510 686 1543 ist
710 1509 790 1544 vbel
817 1509 991 1552 zufriden‚
1019 1509 1120 1553 klagt
1146 1509 1229 1544 dass
1255 1509 1318 1544 der
1349 1509 1468 1544 lincke
1494 1510 1645 1545 vordere
1671 1509 1783 1545 Hueff
1804 1510 1898 1544 nach
1924 1510 1983 1545 ab·

193 1571 404 1616 gefallenem
429 1570 569 1614 Eyssen
595 1569 801 1603 dermassen
828 1566 1048 1611 abgetriben,
1079 1568 1160 1602 dass
1188 1578 1244 1602 ers
1270 1567 1456 1603 innerhalb
1483 1570 1527 1605 10
1545 1569 1667 1613 Tagen
1692 1569 1746 1604 nit
1769 1569 1985 1613 beschlagen

195 1630 314 1664 lassen
339 1629 485 1671 kennte,
512 1626 582 1660 vnd
607 1626 743 1660 tordert
781 1626 838 1660 fiir
865 1626 987 1661 solche
1012 1625 1092 1660 Zeit
1124 1625 1193 1659 alle
1219 1625 1297 1670 Tag
1322 1626 1395 1661 sein
1423 1627 1604 1662 Rosslohn
1639 1631 1730 1662 samt
1756 1627 1834 1661 dem
1860 1627 1986 1662 Futter

194 1688 264 1722 vnd
288 1697 385 1730 zway
411 1684 659 1728 abgefallenen
685 1684 835 1727 Eyssen.
887 1684 967 1718 Hab
1003 1684 1189 1727 deswegen
1223 1684 1327 1719 dafiir
1356 1690 1501 1720 miissen
1526 1685 1625 1730 Biirg
1648 1684 1801 1720 werden.
1849 1685 1986 1730 Besorg

195 1733 232 1781 61·
257 1746 351 1780 werd
377 1744 453 1779 sich
480 1744 532 1778 nit
557 1749 658 1778 vnter
684 1742 704 1776 2
730 1743 839 1777 Daler
865 1742 1114 1777 hex-abtreiben
1140 1742 1290 1787 lassen.)
1713 1745 1716 1749 '

331 1805 371 1839 In
397 1814 481 1838 mss.
509 1802 614 1837 Pulk.
642 1813 747 1836 unam
772 1805 910 1836 tantum
942 1801 1242 1845 deprehendimus
1276 1802 1568 1837 exercitationem
1601 1802 1891 1846 astronomicam,
1927 1801 1985 1835 cui

194 1863 392 1908 adscriptus
425 1867 480 1897 est
511 1862 585 1896 dies
611 1861 666 1896 22.
693 1860 921 1894 Decembris:
958 1861 1179 1903 „probantur
1210 1870 1332 1894 omnes
1364 1861 1567 1904 superiores
1602 1860 1866 1895 observationes
1891 1859 1985 1893 Mer-

196 1921 293 1966 curii,
319 1926 357 1955 ut
383 1923 566 1964 appareat,
595 1929 638 1953 ex
666 1918 795 1962 quibus
821 1919 892 1952 sint
917 1917 1096 1962 6110111115.ιι

334 1981 542 2014 Decreta
568 1977 763 2013 ordinum
788 1978 1117 2013 Linciensium:
1145 1980 1200 2015 30.
1220 1977 1384 2022 Augusti.
1427 1977 1494 2012 Die
1518 1977 1726 2021 Besoldung
1743 1975 1914 2021 Keppleri
1937 1976 1986 2011 ist

196 2051 239 2074 zu
264 2038 427 2073 bezallen
452 2037 656 2080 verwilligt,
692 2037 755 2070 mit
781 2036 849 2070 den
876 2037 1081 2071 Interessen
1107 2037 1192 2071 aber
1216 2036 1301 2071 wird
1328 2035 1403 2071 sich
1430 2035 1664 2079 Supplikant,
1690 2035 1763 2070 biss
1788 2035 1889 2069 mehr
1913 2035 1986 2078 gelt

198 2097 392 2136 einkumbt‚
420 2094 600 2138 gedulten.
634 2095 701 2128 Die
727 2094 781 2130 26.
800 2095 1030 2129 Novembris:
1058 2094 1192 2138 Kepler
1208 2093 1453 2128 Mathematici
1471 2095 1538 2129 500
1555 2093 1587 2127 fl.
1630 2093 1844 2128 Invermelte
1862 2094 1929 2129 500
1947 2093 1983 2129 fl.

197 2155 311 2189 sollen
338 2154 416 2188 dem
443 2152 723 2197 Supplikanten,
754 2153 833 2188 weil
870 2153 1062 2187 dermallen
1088 2153 1202 2197 wenig
1227 2153 1298 2196 gelt
1329 2151 1551 2196 voi-handen,
1587 2151 1679 2186 nach
1704 2151 1775 2186 vnd
1801 2151 1892 2187 nach
1919 2161 1985 2187 aus

197 2214 276 2247 dem
301 2212 617 2247 Einnehmerambt
641 2211 760 2246 bezalt
784 2211 937 2246 werden.

335 2271 446 2313 1526.
486 2272 696 2310 Revolutio
739 2274 841 2310 anni.
911 2272 1142 2309 Passavium
1185 2273 1238 2310 ivi
1282 2272 1511 2310 laminarum
1554 2280 1672 2309 causa
1714 2276 1750 2309 et
1791 2275 1983 2321 typorum.

200 2332 322 2369 Lincii
356 2333 537 2368 obsessus
571 2343 593 2368 a
624 2332 785 2368 rusticis.
848 2331 1058 2368 Novembri
1099 2342 1184 2367 cum
1215 2330 1363 2368 familia
1394 2330 1669 2376 Ratisbonam,
1703 2331 1785 2378 ipse
1818 2328 1983 2368 Ulmam.

335 2398 555 2432 Schickardo
582 2397 725 2441 scripsit
750 2397 929 2441 Keplerus
955 2397 1079 2431 Lincio
1105 2397 1158 2431 25.
1186 2397 1337 2441 Aprilis:
1378 2393 1487 2442 Quae
1526 2394 1587 2432 1116
1625 2398 1829 2440 geruntur,
1867 2393 1983 2430 velim

203 2456 312 2493 vobis
345 2454 522 2491 omnibus
555 2454 837 2502 spectatoribus
870 2454 963 2501 geri,
997 2458 1039 2489 ut
1070 2453 1218 2489 animos
1251 2452 1298 2489 ad
1324 2452 1459 2490 eadem
1491 2452 1706 2489 sufferenda
1737 2453 1983 2501 praeparetis,

204 2516 235 2550 si
268 2512 423 2563 quando
457 2517 494 2549 et
527 2517 676 2549 vestrae
710 2512 946 2549 visitationis
979 2516 1128 2559 tempus
1172 2512 1387 2548 accesserit.
1450 2510 1490 2548 Si
1522 2509 1825 2548 melancholicus
1858 2516 1985 2547 vester

204 2573 273 2609 has
306 2572 432 2609 tristes
462 2581 587 2607 rerum
620 2571 807 2618 imagines
850 2571 978 2606 animo
1012 2569 1206 2617 concepit,
1251 2568 1404 2606 abunde
1444 2568 1499 2605 illi
1540 2569 1612 2606 suit
1650 2569 1982 2605 incitainentorum

206 2631 254 2667 ad
286 2634 447 2667 mortem
481 2628 771 2677 capessendam.
832 2627 1018 2676 Magnum
1051 2627 1224 2665 lenitatis
1257 2632 1543 2675 argumentum,
1586 2626 1687 2675 quod
1721 2637 1794 2662 non
1828 2624 1979 2663 ustula-

205 2700 298 2735 mur,
333 2687 398 2725 sed
432 2687 563 2724 vivere
595 2687 707 2723 nobis
740 2686 846 2733 lieet,
889 2685 1078 2734 siquidem
1113 2686 1244 2723 vivere
1275 2685 1366 2722 licet
1397 2685 1472 2730 illi,
1512 2686 1572 2721 eui
1612 2686 1715 2721 vitae
1756 2682 1980 2721 tolerandae

202 2747 373 2783 subsidia
407 2744 656 2793 denegantur.
719 2745 816 2782 Nam
848 2744 1019 2793 pupillis,
1053 2743 1233 2792 agricolis
1267 2749 1317 2794 et,
1349 2749 1391 2780 ut
1422 2742 1538 2780 audio
1570 2744 1606 2779 in
1639 2747 1834 2790 posterum
1868 2742 1983 2778 etiam

204 2804 405 2853 opificibus
447 2805 549 2841 exire
589 2804 790 2851 provincia
822 2813 896 2839 non
930 2802 1079 2847 licebit,
1122 2803 1196 2838 nisi
1229 2813 1313 2838 cum
1343 2801 1495 2850 jactura
1527 2806 1564 2838 et
1594 2801 1781 2837 bonorum
1815 2800 1983 2836 omnium

205 2868 242 2899 et
273 2862 485 2899 honestatis
528 2863 627 2898 intra
669 2861 822 2909 quidem
863 2861 1105 2909 provincias:
1149 2871 1236 2896 nam
1275 2859 1378 2896 sama
1423 2859 1512 2896 foris
1555 2859 1674 2907 premi
1714 2869 1789 2894 non
1829 2858 1981 2905 poterit.

205 2920 313 2958 Haec
346 2919 391 2957 de
423 2931 482 2957 me
513 2920 686 2968 meisque
719 2918 822 2957 dieta
852 2918 965 2967 nolo,
1007 2930 1096 2956 nam
1139 2917 1265 2955 adhue
1307 2917 1399 2954 mihi
1430 2916 1504 2953 srui
1535 2916 1625 2954 licet
1654 2914 1857 2964 privilegio
1890 2926 1983 2953 eon—

206 2977 359 3016 ditionis
390 2978 551 3015 aulicae.

344 3035 526 3073 Curiosus
559 3036 699 3083 aliquis
732 3036 974 3073 immaturam
1005 3035 1147 3083 sparsit
1177 3034 1319 3071 famam
1342 3032 1387 3070 de
1410 3032 1518 3070 libris
1550 3032 1643 3068 meis
1666 3031 1981 3080 ci1·eumscriptis;

209 3104 307 3139 quae
337 3104 396 3130 res
430 3094 500 3130 etsi
531 3104 590 3130 me
621 3095 657 3128 in
690 3092 987 3130 sollicitudinem
1020 3094 1235 3139 constituit,
1275 3091 1443 3129 sciebam
1475 3096 1621 3135 tamen,
1664 3089 1700 3124 in
1741 3088 1983 3126 umbratilem

206 3149 361 3201 plagam
393 3150 613 3189 desituram.
674 3150 831 3190 Scilicet
862 3152 1072 3189 etiamnum
1102 3151 1306 3199 obsignata
1337 3153 1395 3187 est
1424 3146 1660 3186 bibliotheca
1689 3157 1776 3186 mea
1805 3146 1981 3187 interdiu.
