2126 3388
626 211 681 249 De
709 211 831 248 amieis
857 215 892 248 et
918 211 1122 249 fautoribus
1148 211 1304 259 Kepleri.
1781 213 1864 258 949

76 330 162 371 diae
198 332 263 370 15‘
295 332 565 383 accipiatu1·?“
629 332 691 370 Ad
723 332 819 371 haec
850 332 1066 383 Keplerus:
1110 332 1219 385 „Risi
1251 337 1307 380 te,
1345 335 1410 383 qui
1443 334 1480 371 in
1513 346 1600 373 mea
1635 333 1775 373 Genesi
1803 337 1865 373 in-

73 392 182 429 venis
224 396 432 429 secantem.
497 391 747 429 Abscissores
790 392 944 441 quidem
986 391 1211 442 praedicant
1249 393 1453 441 astrologi,
1499 393 1567 430 sed
1599 395 1623 430 ii
1656 393 1749 431 mihi
1788 405 1864 431 non

71 448 238 499 placent.
301 449 360 487 Tu
395 461 485 488 vero
518 462 564 488 ex
597 450 795 498 astrologo
830 455 866 487 ct
898 456 1119 487 astronomo
1162 450 1342 488 confusus
1377 462 1462 488 cum
1494 451 1712 501 IIypothesi
1744 452 1864 491 velles

72 507 209 554 dicere,
248 506 388 545 Genesi
419 508 549 545 dixisti
581 519 627 545 ex
658 508 897 545 abundantia
930 508 1094 545 cordis.“
1129 530 1183 535 ——

211 566 412 604 Fabricius
444 565 641 614 quondam
671 568 824 616 scripsit
855 566 903 603 ad
935 566 1168 616 Keplerum:
1215 566 1497 616 „Copernicum
1529 567 1715 606 hactenus
1748 580 1862 617 parce

70 622 160 671 legi,
195 624 299 672 quod
332 625 516 661 obscurus
548 629 585 661 et
616 626 791 661 concisus
828 631 948 672 esset3
983 630 1023 662 at
1054 635 1154 662 nunc
1185 626 1307 672 magis
1340 624 1431 661 611111
1465 627 1597 675 incipit
1628 625 1794 664 arridere
1827 631 1864 664 et

71 681 178 718 solus
210 687 337 720 motus
356 682 498 719 Terrae
521 693 580 719 me
614 682 810 731 prohibet,
844 693 921 731 quo
951 683 1077 720 minus
1110 694 1155 719 ex
1187 688 1268 719 toto
1300 694 1437 719 manus
1468 684 1541 731 ipsi
1571 684 1740 721 nondum
1773 695 1865 734 por-

71 741 206 789 rigam.
282 739 486 789 Quomodo
533 746 801 788 argumentum
849 740 1048 790 Tychonis
1080 743 1212 788 (Tych.
1239 742 1355 786 Epist.
1381 754 1419 787 p.
1448 743 1528 787 lua)
1572 743 1671 779 circa
1713 748 1860 780 motum

72 797 250 835 diurnum
296 810 342 835 ex
380 799 559 836 tormenti
601 797 718 846 globo
757 798 924 836 refutare
965 798 1056 836 vis‘?
1106 798 1192 836 Hoc
1232 805 1354 835 totam
1387 798 1589 848 Copernici
1629 800 1863 850 hypothesin

72 856 257 906 explodit.
321 856 476 905 Inquiro
517 857 632 904 igitur
664 855 761 893 tales
793 856 1050 906 hypotheses,
1091 869 1190 906 quae
1223 859 1346 894 omnis
1378 856 1628 895 absurditatis
1662 867 1699 895 et
1730 858 1861 908 impli-

72 911 171 952 citae
204 915 518 952 contradictionis
550 920 725 964 expertes
758 916 844 959 sint,
879 916 934 952 sic
967 915 1034 952 tibi
1070 921 1107 952 et
1140 916 1210 952 arti
1242 916 1364 963 magis
1398 914 1588 952 consules.
1651 916 1766 953 Aliud
1799 928 1864 954 ar-

71 977 295 1019 gumentum
319 979 451 1010 contra
475 972 750 1022 Coperuicum:
783 974 815 1009 si
839 973 956 1010 Terra
980 973 1046 1009 tali
1071 979 1178 1010 motu
1200 979 1430 1017 moveretur,
1462 984 1618 1011 necesse
1642 980 1699 1012 est
1725 985 1858 1013 omnes

72 1031 110 1066 111
143 1030 278 1068 eodem
310 1030 497 1081 parallelo
529 1031 750 1068 habitantes
781 1032 937 1080 saepius
981 1043 1097 1068 unum
1141 1031 1282 1068 habere
1316 1032 1498 1068 ventum“
1533 1037 1603 1069 etc.
1666 1032 1860 1082 Keplerus

67 1090 137 1125 rite
169 1089 335 1139 explicat
367 1090 491 1126 amico
525 1090 783 1137 objectionem
817 1089 1030 1138 Tychonis,
1073 1090 1321 1138 explicationi
1354 1100 1443 1127 vero
1475 1089 1570 1127 haec
1603 1089 1726 1128 addit:
1772 1090 1862 1139 „Sic

67 1148 182 1195 igitur
214 1159 299 1185 cum
331 1147 474 1186 habeat
513 1147 585 1185 hoc
618 1148 816 1196 negotium
851 1159 896 1184 cx
930 1149 1046 1185 animi
1085 1150 1158 1184 mei
1202 1149 1414 1193 sententia,
1456 1147 1532 1184 noli
1567 1160 1589 1185 a
1618 1160 1677 1186 me
1719 1154 1861 1198 petere,

69 1214 109 1242 ut
141 1207 340 1243 veritatem
384 1205 542 1255 prodam
581 1205 630 1242 ad
672 1205 973 1254 comparandum
1013 1205 1119 1254 vulgi
1158 1206 1344 1243 savorem.
1407 1205 1447 1242 Si
1480 1206 1629 1243 consuli
1671 1207 1743 1243 arti
1782 1218 1858 1244 non

66 1269 196 1312 potest
226 1265 299 1301 nisi
331 1276 398 1313 per
428 1263 594 1310 fraudes,
628 1270 762 1312 pereat
793 1275 907 1301 sane:
942 1265 1149 1302 reviviscet
1179 1275 1316 1313 nempe
1320 1292 1459 1302 .....
1513 1264 1725 1301 Consilium
1749 1269 1858 1302 tuum

66 1333 205 1370 sequar
239 1322 417 1371 quidem,
451 1321 518 1360 sed
552 1322 810 1360 emendatum.
875 1323 958 1359 Arti
992 1322 1211 1368 consulam,
1246 1322 1312 1360 sed
1345 1333 1420 1360 non
1453 1333 1520 1370 per
1551 1322 1859 1360 commendatio-

66 1378 362 1430 11661ιὲτεχκιας
403 1392 547 1430 perque
591 1382 850 1429 captationem
894 1392 1011 1418 aurae
1053 1380 1265 1429 popularis.
1327 1380 1366 1418 Si
1410 1380 1503 1416 nihil
1544 1385 1602 1418 est
1633 1379 1861 1418 tradendum

65 1439 139 1475 nisi
172 1439 275 1486 quod
309 1439 427 1487 vulgo
460 1438 598 1487 placet,
634 1450 698 1475 cur
719 1440 995 1476 astronomiam
1019 1441 1250 1485 universam,
1285 1450 1349 1476 cur
1380 1440 1630 1487 geometriam
1661 1438 1862 1491 tradimus,

65 1498 343 1534 remotissimas
376 1509 397 1534 a
430 1497 538 1545 vulgi
579 1503 695 1545 captu
736 1496 941 1545 laudisque
983 1497 1069 1535 idco
1102 1496 1275 1544 egenas?
1327 1496 1426 1545 Quin
1460 1498 1589 1545 potius
1630 1497 1703 1534 hoc
1734 1509 1860 1546 agam,

67 1556 120 1592 ita
162 1555 416 1603 Coperuicum
459 1557 496 1591 in
539 1554 781 1592 emendatam
823 1557 1098 1593 astronomiam
1137 1557 1307 1594 intexam
1353 1555 1507 1604 penitus
1550 1560 1587 1592 et
1627 1555 1860 1604 implectam‚

67 1612 245 1662 adeoque
278 1620 315 1651 et
347 1615 382 1649 in
415 1613 636 1664 physicam,
670 1619 713 1651 ut
745 1613 806 1651 vel
839 1615 990 1662 utrique
1022 1614 1136 1651 simul
1158 1612 1396 1662 pereundum
1428 1614 1478 1650 sit
1510 1613 1571 1650 vel
1603 1615 1860 1662 superviven-

66 1671 167 1708 dum.
211 1670 474 1721 Quamquam,
507 1673 539 1708 si
560 1671 668 1709 locus
701 1676 758 1709 est
782 1673 985 1719 vaticinio,
1019 1673 1162 1721 prius
1195 1674 1462 1720 ingentem
1493 1672 1670 1709 molem
1700 1672 1862 1709 libro-

64 1741 165 1766 rum
197 1730 560 1778 polemieorum
605 1742 706 1767 cum
739 1731 1049 1778 auctoribus,
1093 1742 1200 1768 cum
1243 1731 1462 1778 ingeniis
1496 1731 1687 1767 criticis
1728 1731 1861 1778 peri-

65 1793 220 1825 turam
261 1790 528 1835 existimo,
573 1800 714 1837 quam
747 1788 1078 1825 Aristarchus
1111 1794 1154 1826 et
1187 1788 1505 1836 Coperuicus
1547 1787 1859 1826 deserantur.

68 1867 118 1872 —
152 1845 331 1895 Objectio
365 1852 430 1884 tua
461 1859 483 1884 a
516 1848 640 1884 ventis
672 1846 787 1896 plane
820 1851 1021 1884 ventorum
1060 1854 1235 1884 naturam
1268 1847 1461 1883 imitatur:
1505 1845 1599 1882 nihil
1641 1846 1757 1884 efficit
1786 1846 1861 1883 nisi

62 1906 264 1953 strepitum
297 1911 367 1943 etc.

204 1961 374 2000 Ultimae
407 1962 572 2012 deniquo
604 1962 653 2000 ad
676 1963 894 2000 Fabricium
928 1961 1042 2000 datae
1076 1962 1264 2011 epistolae
1297 1962 1355 1999 his
1387 1962 1501 2000 finem
1532 1961 1624 1999 facit
1647 1961 1857 2011 Keplerus:

70 2020 156 2068 „Tu
188 2022 464 2069 procacitatem
497 2027 533 2058 et
565 2021 799 2058 hilaritatem
831 2033 957 2059 meam
991 2022 1027 2057 in
1061 2021 1262 2059 scribendo
1298 2021 1389 2058 boni
1422 2020 1592 2059 consule.
1635 2020 1767 2067 Vides,
1799 2031 1860 2058 me

65 2078 221 2116 laudem
255 2088 346 2117 tuae
377 2079 586 2129 hypothesi
618 2078 679 2131 (de
711 2078 853 2128 Marte)
887 2080 1053 2117 tribuere
1085 2081 1260 2117 veritatis
1291 2081 1390 2116 circa
1423 2079 1620 2125 effectum,
1665 2079 1735 2115 tibi
1769 2089 1859 2116 vero

66 2138 223 2185 ingenii,
257 2144 295 2175 et
327 2139 499 2186 inprimis
531 2137 667 2174 laetari
699 2149 812 2186 super
843 2139 996 2175 fortuna
1029 2144 1179 2175 tuarum
1203 2137 1513 2186 speculationum
1545 2137 1694 2185 tibique
1724 2141 1859 2185 gratu-

63 2195 145 2232 lari.
206 2195 287 2233 Nec
319 2197 350 2233 si
384 2198 484 2233 veris
518 2196 713 2233 coloribus
756 2195 860 2232 illam
895 2195 1051 2245 depinxi
1092 2201 1297 2245 propterea
1335 2207 1506 2244 premere
1546 2194 1653 2232 illam
1685 2199 1723 2232 te
1755 2194 1858 2241 volo,

64 2255 155 2301 quin
188 2255 316 2302 potius
349 2255 422 2291 nisi
451 2255 532 2303 jam
565 2253 727 2302 impedis
758 2259 906 2303 partem
939 2265 983 2291 ex
1017 2253 1083 2290 illa
1109 2254 1247 2291 faciam
1271 2254 1641 2291 Commentariorum
1674 2264 1859 2300 meorum,

63 2319 105 2348 ut
137 2313 302 2361 petiisti,
347 2312 462 2360 idque
500 2314 536 2348 in
576 2314 740 2360 gratiam
783 2323 936 2359 eorum,
984 2314 1048 2360 qui
1086 2313 1228 2361 privati
1268 2318 1404 2361 captus
1446 2323 1564 2349 causa
1605 2315 1672 2348 aut
1702 2315 1859 2360 propter

64 2369 308 2407 mechanicas
341 2370 553 2408 el'fictiones
585 2369 862 2407 Ptolemaieam
896 2371 1057 2408 sormam
1080 2375 1222 2407 amant.
1276 2370 1419 2408 Fateor
1441 2371 1595 2418 quippe,
1628 2375 1736 2406 tuam
1758 2369 1857 2406 hanc

65 2428 347 2466 ordinationem
378 2435 514 2477 captus
545 2428 732 2465 facilitate
765 2428 882 2476 longo
915 2428 1118 2466 intervallo
1150 2433 1238 2477 post
1269 2440 1309 2465 se
1349 2427 1564 2476 relinquere
1596 2427 1857 2465 Ptolemaicos

65 2492 277 2534 aequantes
282 2515 425 2526 .....
487 2487 529 2524 Si
560 2486 656 2524 hacc
676 2497 749 2535 ego
773 2486 955 2524 odoratus
987 2488 1145 2524 fuissem
1177 2492 1265 2523 ante
1290 2490 1310 2524 9
1345 2498 1508 2532 menses,
1540 2485 1716 2523 lubenter
1737 2484 1859 2532 scrip-

65 2546 201 2581 sissem
241 2544 287 2582 dc
327 2546 384 2582 iis.
448 2545 498 2581 At
540 2556 641 2581 nune
679 2555 820 2581 accusa
861 2550 927 2582 tua
967 2545 1166 2582 schemata
1207 2555 1366 2581 erronea
1399 2543 1445 2582 de
1476 2554 1562 2581 meo
1594 2543 1767 2590 silenti03
1810 2553 1856 2579 ex

64 2604 157 2651 ipsis
191 2604 291 2639 enim
323 2604 417 2640 visis
459 2608 497 2640 et
529 2602 574 2639 de
607 2607 714 2640 textu
743 2602 938 2651 judicavi,
982 2604 1046 2652 qui
1079 2603 1368 2640 intricatissima
1410 2613 1527 2639 manu
1558 2601 1806 2650 perscribitur
1835 2611 1859 2636 a

63 2666 113 2698 te.
174 2660 286 2698 Vale.

203 2718 371 2755 Causam
394 2729 471 2766 qua
492 2722 618 2754 motus
638 2717 830 2766 Keplerus
861 2718 909 2755 ad
934 2718 1100 2756 Fabricii
1132 2718 1261 2755 literas
1293 2716 1524 2766 respondere
1556 2715 1711 2763 disierit‚
1743 2715 1857 2753 refert

64 2777 101 2812 in
133 2777 374 2824 praefatione
407 2775 455 2813 ad
487 2775 781 2824 Ephemeridcm
813 2778 902 2813 anni
939 2780 1066 2822 1617,
1111 2777 1241 2823 ibique
1273 2776 1398 2823 pergit
1429 2775 1528 2811 seria
1563 2774 1661 2822 jocis
1692 2774 1855 2811 miscens

66 2833 199 2872 eadem
234 2846 310 2883 qua
342 2838 457 2872 autea
487 2834 650 2870 ratione.
711 2833 881 2882 Legatur
912 2834 1006 2871 haec
1046 2845 1208 2870 amoena
1238 2834 1435 2881 responsio
1474 2843 1590 2879 supra
1621 2843 1657 2880 p.
1691 2835 1768 2868 841
1804 2843 1854 2868 ss.

202 2893 441 2930 Vickenio
484 2891 675 2939 Keplerus
716 2892 889 2929 studiose
930 2891 1116 2939 explicat,
1165 2902 1264 2938 quae
1302 2891 1445 2927 sentiat
1484 2889 1529 2926 de
1568 2888 1779 2938 astrologia
1817 2893 1854 2926 et

65 2949 171 2987 libris
212 2950 454 2998 astrologicis
486 2949 719 2994 Ptolemaei,
753 2948 919 2986 Cardani
956 2949 1208 2996 aliorumque.
1271 2946 1478 2995 Quaerenti
1520 2958 1612 2983 vero
1650 2946 1852 2993 Vickeui0‚

66 3007 158 3056 quid
189 3010 331 3046 sentiat
363 3009 408 3045 de
434 3018 599 3055 „novem
620 3006 723 3043 horis
745 3006 1013 3054 11311010ςί615ξι
1048 3012 1086 3043 61
1116 3006 1273 3057 petenti,
1305 3010 1347 3042 ut
1377 3005 1450 3042 sibi
1483 3003 1645 3052 explicet
1665 3016 1721 3051 ea,
1754 3015 1853 3053 quae

65 3065 266 3103 Cornelius
308 3067 482 3114 Agrippa
523 3067 599 3112 (lib.
626 3066 688 3101 111.
727 3066 771 3101 de
797 3066 937 3100 occulta
961 3065 1207 3110 philosophia)
1250 3062 1404 3109 doceat,
1451 3073 1613 3110 „nomen
1660 3063 1762 3111 genii
1805 3073 1851 3100 ex

66 3122 317 3172 dispositione
356 3123 582 3161 coelestium
613 3122 790 3168 elicere“,
833 3120 930 3158 haee
968 3120 1177 3158 irabundus
1217 3120 1415 3170 respondit
1444 3119 1657 3169 Keplerus:
1705 3119 1848 3171 „Scito,

66 3192 127 3220 me
156 3181 407 3220 fundamenta
437 3182 637 3230 utriusque
668 3181 722 3218 rei
755 3178 805 3217 ad
836 3190 1004 3229 unguem
1035 3183 1183 3229 tenere3
1216 3185 1365 3217 tantum
1395 3189 1486 3217 vero
1508 3178 1619 3217 abest
1650 3182 1692 3217 ut
1713 3190 1760 3217 ea
1780 3178 1850 3217 tibi
