2126 3388
263 165 347 209 756
935 161 1018 198 Vita
1041 161 1191 198 ι1011111115
1217 160 1374 207 Kepleri.

264 295 423 333 scopum
455 282 660 330 attingeret
688 281 786 318 ratio
818 292 841 319 a
871 292 931 318 me
962 280 1131 318 nondum
1155 285 1213 319 est
1243 281 1413 319 inventa.
1440 300 1490 306 —-
1529 281 1596 316 Die
1632 281 1682 316 18.
1714 281 1802 316 Dec,
1836 280 1919 316 1604
1959 290 2042 315 vero

261 344 406 379 nunciat
422 341 602 377 Fabricio:
646 337 822 377 Ovalitas
853 350 939 376 mea
971 343 1095 376 curtat
1123 339 1256 386 nimis,
1299 337 1463 376 circulus
1493 337 1700 386 prolongat
1729 337 1860 385 nimis,
1900 338 2043 375 veritas

262 403 320 437 est
349 400 386 435 in
418 397 563 445 medio,
595 397 751 446 propior
780 401 909 434 tamen
941 396 1120 435 ovalitati
1151 408 1284 443 meae3
1332 396 1531 433 omnino
1565 395 1713 443 quasi
1746 396 1830 432 via
1860 394 2044 432 Martis

261 461 398 494 esset
434 455 668 505 perfecta
708 453 933 504 ellipsis.
993 453 1070 493 Sed
1108 453 1299 491 nihildum
1339 454 1440 491 circa
1482 453 1581 491 hanc
1622 450 1834 501 exploravi.
1898 454 2046 489 Octobri

260 518 400 552 demum
424 526 546 551 mense
571 515 654 550 anni
682 515 768 550 1605
794 514 923 559 refert,
944 513 1039 558 jam,
1065 514 1203 550 calculo
1230 513 1423 558 subducto,
1452 518 1588 549 certum
1614 523 1652 548 se
1678 523 1776 558 esse,
1802 514 1893 548 viam
1918 514 2045 550 Martis

259 586 339 612 esse
363 574 516 619 ellipsin.

396 631 567 667 Redimus
593 630 638 665 ad
664 629 850 674 epistolam
877 629 909 664 d.
937 630 967 664 4.
987 629 1073 664 Julii
1100 630 1198 672 1603,
1224 629 1260 663 in
1277 639 1348 673 qua
1372 630 1549 674 Keplerus
1575 629 1665 665 haec
1688 629 1798 665 refert
1824 630 1867 665 de
1893 630 2046 675 Optica

261 689 444 726 Fabricio:
472 686 622 736 Optica,
656 691 845 734 quatenus
879 687 1017 734 opaca,
1050 685 1226 735 absolvi;
1256 690 1375 723 restat
1406 691 1448 723 ut
1479 685 1524 723 de
1556 696 1629 723 usu
1661 685 1806 732 dicam,
1847 685 1885 722 id
1917 691 1975 723 est
2004 692 2046 724 ut

260 746 329 784 IV.
361 745 409 785 V,
439 745 508 783 VI.
557 744 770 782 Ptolemaei
810 744 928 781 libros
970 755 1068 792 pene
1099 748 1202 782 totos
1243 744 1354 781 novis
1385 743 1638 793 problematis
1679 744 1903 792 exprimam.
1964 744 2044 781 Im-

260 815 394 852 pressa
414 815 490 841 non
512 807 612 840 sunt.
654 802 800 851 Magna
822 801 1027 839 difficultas
1049 801 1289 851 imprimendi
1311 802 1393 839 erit.
1426 803 1483 839 Ad
1508 804 1599 838 haec
1625 803 1724 838 addit
1749 806 1780 839 7.
1805 804 1911 838 Febr.
1937 805 2045 840 4604:

266 860 406 911 Optica
436 873 522 899 mea
549 860 629 909 jam
661 861 814 909 penitus
846 859 998 898 absolvi
1031 865 1067 898 ct
1099 866 1212 910 typos
1244 871 1376 898 omnes
1408 859 1457 897 ad
1492 863 1570 897 100
1603 860 1760 908 sculpsi.
1820 859 1911 898 Jam
1943 859 2050 898 deest

261 920 415 958 occasio
447 918 688 968 imprimendi
720 922 808 956 ante
840 917 1041 956 nundinas.
1093 918 1261 957 Detenta
1291 929 1358 967 per
1388 929 1557 956 mensem
1588 918 1742 956 fuerunt
1773 917 1875 967 apud
1899 918 2047 956 Caesa-

266 989 345 1016 rem
374 989 443 1027 per
471 976 748 1026 negligentiam
781 976 1116 1015 cubiculariorum.
1829 979 1833 983 “

398 1049 537 1093 Anglus
564 1047 828 1084 Edmundus
852 1048 1044 1083 Brutius
1070 1048 1219 1094 (Bruce)
1247 1059 1339 1083 anno
1360 1048 1458 1084 1602.
1493 1047 1677 1083 Florentia
1694 1047 1889 1092 Keplerum
1913 1047 2049 1083 adierat

261 1108 386 1153 literis,
412 1118 431 1142 e
457 1107 587 1152 quibus
612 1110 781 1152 apparet,
813 1105 915 1141 illum
942 1105 1026 1140 dum
1050 1105 1188 1150 Pragae
1218 1106 1429 1141 versabatur
1452 1105 1609 1150 Keplero
1635 1105 1790 1140 amicitia
1821 1104 2049 1149 conjunctum

261 1167 385 1203 fuisse.
435 1166 592 1200 Nunciat
616 1165 652 1200 in
677 1165 732 1200 liis
759 1164 883 1209 literis,
911 1163 1053 1198 dedisse
1081 1174 1118 1198 se
1143 1163 1243 1207 prius
1267 1163 1407 1198 Patavii
1430 1163 1553 1198 literas
1579 1163 1624 1198 ad
1648 1163 1860 1208 Keplerum,
1885 1164 2049 1199 visitasse

206 1250 214 1256 .
264 1225 446 1269 Maginum
472 1223 657 1258 Bononiae
682 1227 718 1258 et
741 1222 976 1258 Prodromum
1001 1221 1052 1256 illi
1082 1221 1339 1266 „ostendisse“,
1374 1221 1435 1265 qui
1468 1225 1574 1266 neget
1599 1232 1637 1256 se
1668 1221 1799 1256 librum
1832 1222 1927 1257 hunc
1951 1232 2048 1257 11000-

261 1283 359 1328 pisse
384 1286 452 1317 etc.
481 1282 559 1326 (cfr.
587 1282 651 1317 vol.
676 1283 720 1315 ΙΙ.
746 1293 779 1324 p.
807 1282 899 1323 568.)
940 1281 1044 1315 Duae
1068 1281 1217 1324 insuper
1243 1284 1439 1324 supersunt
1464 1279 1638 1323 epistolae
1656 1278 1773 1314 Brutii
1789 1279 1834 1314 ad
1851 1278 2048 1324 Keplerum

262 1341 367 1376 datae
393 1349 485 1374 anno
513 1339 600 1374 1603
628 1337 778 1381 (Patavii
802 1339 856 1374 21.
883 1339 975 1383 Aug.
1002 1343 1037 1373 et
1061 1338 1222 1373 Venetiis
1249 1339 1281 1373 ἰ).
1308 1338 1410 1381 Nov.)
1445 1347 1464 1372 e
1490 1338 1619 1381 quibus
1652 1338 1768 1373 elucet
1802 1338 1868 1372 viri
1898 1337 2049 1373 liberum

255 1398 446 1443 judicium,
483 1398 588 1441 longe
623 1400 813 1441 praestans
849 1395 1053 1439 aequalium
1085 1395 1319 1439 plurimorum
1353 1395 1579 1430 tenuitatem.
1644 1396 1685 1430 In
1720 1395 1900 1440 prioribus
1935 1395 2048 1431 literis

261 1466 398 1492 summa
422 1453 546 1490 scribit
563 1455 712 1489 Brutius
734 1453 923 1497 „laetitia“,
950 1454 1046 1498 quod
1071 1457 1291 1497 compertum
1315 1453 1449 1488 habeat
1472 1452 1585 1488 literis
1609 1463 1653 1488 ex
1672 1454 1861 1489 Germania
1878 1454 2047 1499 acceptis,

260 1514 454 1560 Keplerum
478 1514 596 1549 vivere
622 1516 658 1548 et
684 1513 820 1548 salvum
846 1523 937 1548 esse,
989 1512 1101 1554 „Nam
1126 1522 1190 1555 per
1215 1522 1346 1546 annum
1370 1515 1407 1546 te
1431 1522 1496 1555 pro
1522 1516 1663 1546 mortuo
1695 1511 1821 1556 habui,
1856 1517 1892 1548 et
1923 1513 2048 1547 literae

260 1585 360 1610 meae
394 1575 439 1609 ad
465 1575 516 1609 Te
541 1574 672 1609 missae
705 1581 830 1608 rursus
861 1570 948 1605 mihi
977 1570 1140 1605 redditae
1172 1574 1279 1614 teque
1311 1580 1426 1614 neque
1451 1570 1589 1614 Pragae
1623 1581 1741 1615 neque
1773 1581 1925 1616 usquam
1955 1572 2049 1606 inter

258 1633 420 1668 homines
444 1632 542 1666 vivos
567 1631 729 1676 reperiri.
771 1630 869 1673 Ergo
895 1633 930 1663 te
957 1628 1118 1663 obtestor
1142 1638 1313 1672 rogoque,
1338 1632 1378 1662 ut
1403 1637 1459 1662 me
1485 1633 1620 1663 certum
1645 1628 1756 1664 facias
1784 1630 1826 1664 de
1852 1630 1929 1664 Tua
1953 1629 2048 1664 vale-

260 1691 385 1725 tudine
411 1695 565 1734 tuasque
591 1690 714 1724 literas
740 1689 939 1731 Augustam
964 1687 1086 1721 mittas
1119 1685 1165 1721 ad
1189 1686 1245 1720 Ill.
1271 1686 1395 1721 Virum
1420 1687 1465 1723 D.
1492 1687 1655 1721 Marcum
1679 1686 1900 1732 Welserum,
1932 1697 2048 1722 meum

260 1748 523 1791 amicissimum,
551 1751 591 1781 ut
617 1757 678 1781 eas
705 1745 750 1780 ad
775 1756 830 1780 mc
856 1746 984 1780 mittat.
1019 1745 1111 1780 Nam
1137 1745 1167 1779 si
1186 1744 1295 1779 semel
1320 1749 1400 1779 tuas
1426 1744 1548 1780 literas
1575 1745 1737 1789 accipere
1755 1745 1902 1789 possim,
1929 1746 2048 1780 statim

259 1806 304 1840 ad
329 1810 365 1840 te
390 1805 595 1840 mandarem
621 1803 796 1848 quaedam
821 1804 965 1838 inventa
989 1802 1200 1847 corpuscula
1217 1803 1431 1838 naturaliter
1446 1802 1614 1848 perfecta,
1643 1804 1749 1838 etiam
1766 1804 1886 1839 forsan
1907 1809 2049 1848 egomet

259 1864 338 1909 ipse
363 1863 408 1898 ad
433 1868 468 1899 10
493 1863 668 1907 volarem,
702 1865 893 1906 antequam
919 1861 965 1897 ad
989 1870 1104 1895 meam
1128 1859 1280 1904 patriam
1305 1864 1514 1895 reverterer.
1563 1860 1655 1895 Nam
1681 1861 1804 1895 nullus
1831 1865 1886 1896 est
1910 1861 1945 1896 in
1970 1865 2047 1895 toto

259 1922 328 1957 1100
352 1921 501 1966 mundo,
535 1932 616 1957 cum
653 1931 722 1964 quo
754 1920 923 1954 libentior
948 1919 1164 1963 conloquar3
1201 1928 1282 1953 nam
1314 1917 1344 1952 si
1370 1917 1498 1959 scires,
1532 1922 1704 1962 quantum
1731 1922 1767 1953 et
1791 1918 1931 1963 quoties
1956 1918 2049 1953 inter

261 1990 382 2016 omnes
406 1979 566 2015 literatos
593 1979 704 2014 totius
729 1978 857 2012 Italiac
884 1978 926 2012 dc
951 1982 987 2012 te
1013 1976 1185 2021 loquutus
1212 1977 1289 2018 sim,
1317 1975 1452 2010 diceres
1470 1985 1526 2010 me
1544 1985 1615 2010 non
1633 1976 1748 2010 solum
1772 1977 1823 2011 tui
1842 1981 2046 2021 amatorem,

261 2039 324 2073 sed
351 2039 502 2073 amicum
528 2038 617 2073 fore.
660 2036 743 2071 Dixi
768 2036 841 2070 illis
867 2035 911 2069 de
935 2039 998 2070 tua
1024 2034 1178 2069 mirabili
1202 2033 1405 2068 inventione
1430 2033 1467 2067 in
1491 2037 1567 2068 arte
1584 2034 1732 2075 musica,
1761 2034 1804 2068 de
1830 2034 2046 2070 observatio-

258 2097 362 2132 nibus
387 2097 526 2142 Martis,
552 2101 724 2140 tuumque
743 2095 977 2130 Prodromum
1001 2093 1121 2127 multis
1139 2091 1345 2134 monstravi,
1372 2101 1476 2135 quem
1502 2102 1623 2126 omnes
1649 2091 1797 2126 laudant
1819 2092 2050 2136 reliquosque

258 2160 341 2191 tuos
365 2155 475 2190 libros
501 2155 602 2189 aride
628 2157 851 2198 exspectant.
893 2151 1058 2196 Maginus
1083 2149 1319 2185 Prodromum
1344 2159 1365 2183 a
1390 2148 1544 2192 quodam
1569 2148 1680 2183 nobili
1697 2149 1835 2184 Veneto
1861 2159 1926 2194 pro
1955 2150 2047 2184 dono

257 2214 460 2259 nuperrime
488 2213 645 2257 accepit,
678 2211 862 2247 Galilaeus
895 2215 995 2245 tuum
1028 2208 1157 2243 librum
1190 2208 1299 2242 habet
1333 2210 1468 2250 tuaque
1500 2206 1644 2242 inventa
1678 2210 1850 2250 tanquam
1882 2217 1947 2242 sua
1973 2207 2048 2242 suis

261 2272 484 2309 auditoribus
509 2270 708 2315 proponit.“
729 2297 738 2307 .
759 2297 767 2305 .
787 2296 796 2305 .
818 2297 825 2304 .

397 2331 454 2365 Ex
471 2329 584 2364 literis
612 2328 704 2363 datis
721 2329 752 2363 5.
771 2328 862 2362 Nov.
883 2330 1043 2370 apparet,
1062 2323 1257 2368 Keplerum
1274 2322 1505 2367 respondisse
1523 2323 1569 2366 (4.
1590 2323 1712 2367 Sept).
1737 2322 1884 2358 Brutius
1902 2322 2043 2367 repetit,

261 2399 406 2434 sperare
432 2398 470 2423 se
488 2387 640 2431 Pragam
664 2387 710 2421 ad
727 2385 925 2430 Keplerum
949 2383 1065 2418 redire
1090 2393 1196 2427 posse
1226 2386 1307 2424 „tuo
1335 2381 1452 2416 divino
1480 2380 1661 2416 consortio
1687 2380 1844 2425 gaudere
1869 2379 2046 2424 simulque

259 2452 322 2484 tua
355 2446 525 2484 coelestia
557 2456 666 2491 opera
696 2445 920 2480 observare“.
977 2440 1041 2475 His
1073 2439 1255 2483 subjungit
1292 2439 1581 2481 „dubitationes“
1619 2448 1702 2473 suas
1738 2438 1772 2472 in
1810 2439 2043 2473 astronomia:

262 2507 299 2550 1)
323 2505 487 2550 mundos,
515 2503 693 2548 opinatur,
720 2512 800 2537 esse
824 2498 994 2542 infinitos,
1021 2499 1058 2543 2)
1078 2499 1198 2533 Solem
1223 2498 1304 2533 vehi
1328 2498 1551 2533 velocissime
1574 2497 1611 2531 in
1636 2507 1700 2532 suo
1726 2496 1806 2531 loco
1831 2497 1925 2531 eirca
1942 2506 2046 2530 axem

259 2574 383 2607 suum,
410 2562 448 2607 3)
472 2567 608 2596 motum
642 2560 738 2594 hunc
763 2557 865 2601 sequi
890 2556 1075 2601 planetas,
1104 2556 1219 2601 qualis
1245 2556 1291 2590 sit
1316 2556 1422 2590 etiam
1449 2556 1577 2600 Terra3
1612 2555 1648 2597 4)
1675 2555 1800 2590 stellas
1825 2555 1917 2590 fixas
1943 2554 2043 2590 Soles

259 2631 339 2656 esse
366 2621 423 2663 „in
447 2631 519 2655 non
543 2618 670 2653 minori
694 2617 825 2651 mundo
851 2615 919 2650 hoc
945 2620 1069 2650 nostro
1095 2615 1362 2659 planetarum‘⁴;
1400 2614 1438 2657 5)
1465 2616 1583 2647 aerem
1617 2622 1697 2647 esse
1721 2612 1814 2647 inter
1839 2612 1984 2653 Terram
2010 2616 2045 2647 et

262 2677 404 2720 stellas3
440 2678 478 2722 (5)
505 2677 655 2712 formam
681 2677 813 2711 Terrae
840 2674 885 2709 ad
911 2673 1047 2708 ovalem
1073 2674 1222 2717 figuram
1248 2673 1436 2716 aceedere3
1473 2671 1510 2714 T)
1537 2669 1630 2704 Solis
1655 2674 1691 2704 et
1716 2669 1902 2704 stellarum
1926 2669 2044 2704 lumen

261 2748 305 2772 ex
330 2748 452 2772 eorum
476 2741 575 2771 motu
600 2734 805 2780 procedere,
831 2732 994 2776 planetas
1013 2741 1094 2766 vero
1113 2742 1133 2765 a
1152 2731 1235 2766 8010
1260 2729 1466 2766 illuminari.
1496 2727 1614 2770 „Haec
1631 2728 1717 2762 mihi
1734 2727 1899 2762 videntur
1914 2727 2042 2772 proba-

260 2795 356 2839 bilia,
383 2794 445 2830 scd
470 2805 565 2829 nunc
582 2804 653 2828 non
680 2796 734 2827 est
757 2790 843 2826 mihi
860 2790 915 2825 vel
940 2794 1080 2834 tempus
1106 2787 1162 2823 vel
1187 2787 1362 2832 probandi
1386 2787 1504 2830 locus,
1529 2786 1615 2821 mihi
1640 2791 1695 2821 sat
1720 2786 1796 2830 erit,
1823 2786 1853 2820 si
1876 2789 1974 2820 tuam
1999 2785 2043 2819 de

261 2853 317 2889 his
342 2853 557 2888 sententiam
583 2852 710 2886 elicere
743 2849 887 2895 possim.
937 2847 1083 2883 Interim
1115 2857 1248 2892 quaeso
1285 2846 1430 2890 ignosce
1465 2845 1636 2880 audaciae
1665 2854 1765 2879 meae
1790 2847 1825 2878 et
1849 2844 1950 2879 mitte
1974 2843 2040 2878 has

262 2910 385 2947 literas
409 2911 455 2946 ad
480 2915 581 2945 tuum
604 2909 757 2944 vicinum
782 2909 1009 2952 (Wackherum
1019 2907 1047 2950 (Β)
1073 2909 1109 2940 01
1131 2915 1248 2940 11ιο11111
1273 2906 1435 2939 31111011111.

399 2968 494 3003 Num
518 2967 563 3002 ad
588 2967 678 3001 haec
702 2964 928 3009 responderit
952 2963 1129 3007 Keplcrus
1152 2972 1277 3007 necne,
1302 2962 1490 2996 nescimus
1525 2961 1727 3005 Adscripsit
1750 2971 1832 2997 vero
1851 2961 1884 2996 d.
1902 2961 1933 2996 5.
1952 2960 2038 3005 Apr.

269 3020 371 3056 161οε
397 3019 442 3054 ad
466 3021 502 3054 1:
540 3016 628 3055 Hoc
668 3014 960 3065 praeambulum
1003 3014 1152 3051 obstitit
1191 3012 1304 3059 mihi,
1348 3023 1424 3060 quo
1465 3012 1590 3048 minus
1633 3022 1757 3049 essem
1788 3016 1959 3050 attentus
1988 3010 2038 3048 ad

267 3076 475 3124 sequentia,
528 3077 584 3113 Ad
609 3077 642 3122 2,
668 3077 699 3121 3,
726 3076 763 3111 4;
801 3072 910 3112 Haec
951 3070 1106 3121 quidem
1136 3081 1286 3120 semper
1317 3071 1442 3118 tenui,
1485 3069 1553 3109 sed
1583 3067 1737 3108 modum
1768 3080 1844 3108 non
1875 3079 2036 3118 semper.
