2126 3388
184 148 267 195 876
857 141 945 179 Vita
968 140 1119 178 Joannis
1142 140 1301 187 Kepleri.

187 279 209 302 a
226 264 408 310 scalptore
425 260 579 307 pessime
598 268 806 304 expressam
821 258 947 294 fuisse.
977 257 1220 293 Schickardus
1239 256 1325 293 1621
1349 254 1493 300 scripsit
1508 253 1755 299 Berneggero:
1780 253 1975 298 Imaginem

187 323 342 367 Keplero
362 321 513 355 dicatam
531 317 651 361 recepi
667 322 868 362 rogatuque
893 320 955 350 tuo
973 325 1056 349 mox
1073 315 1120 350 D.
1137 314 1271 350 Lansio
1288 312 1431 356 tradidi,
1457 312 1518 357 qui
1542 322 1619 348 eam
1642 322 1713 346 non
1737 322 1803 356 pro
1821 310 1975 357 genuina

187 379 356 425 agnoscit,
383 381 491 421 prout
515 373 551 408 id
577 384 644 409 nec
668 374 704 409 in
730 374 984 418 epigrammate
1010 372 1213 417 subscripto
1240 370 1457 415 dissimulat,
1491 370 1540 405 ibi
1574 375 1695 404 tamen
1721 368 1976 414 chalcographi

187 438 326 481 lapsum
351 433 536 478 ingeniosa
560 431 705 466 fictione
729 431 865 475 palliat.
901 430 970 465 Sed
990 436 1025 465 et
1049 441 1113 474 ego
1139 441 1220 465 cum
1244 430 1334 474 vivo,
1361 439 1466 473 quem
1491 438 1587 463 nunc
1603 428 1730 462 iterum
1756 427 1852 462 domi
1874 437 1976 472 prae-

188 499 322 529 sentem
348 491 481 532 habeo,
516 489 652 524 contuli
677 497 875 532 parumque
900 487 1154 530 congruentiae
1187 487 1428 531 deprehendo.
1477 486 1566 521 Utut
1591 485 1654 529 sit,
1679 485 1834 530 reperiet
1858 490 1976 519 tamen

188 552 277 586 haec
303 548 435 584 tabella
461 546 693 581 nihilominus
720 556 804 580 suos
833 549 997 589 emtores,
1024 545 1054 579 si
1077 555 1149 579 non
1175 544 1308 590 depicti
1334 544 1470 588 studio,
1496 548 1533 577 at
1558 547 1654 578 certe
1678 542 1834 586 ingenua
1858 541 1979 587 sphal-

188 609 290 644 matis
317 607 541 643 confessione
568 610 603 640 et
629 609 757 650 arguta
782 603 1025 638 excusatione.
1054 622 1095 627 -—

322 664 445 701 Lausii
469 664 651 710 epigrama.
674 663 743 698 hoc
769 665 841 696 est:

554 720 731 766 Keppleri
755 731 846 765 quae
870 729 1001 755 nomen
1025 719 1144 762 habet,
1169 728 1234 753 car
1250 722 1378 763 peccat
1401 717 1548 763 imago?

603 779 703 824 Quae
729 782 833 813 tanto
860 777 976 812 errori
999 787 1113 811 causa
1137 776 1278 811 subesse
1297 774 1444 821 potest?

559 836 703 872 Scilicet
728 840 781 871 est
807 836 982 878 Terrae,
1008 833 1184 878 Keppzeri
1207 834 1341 878 reyula,
1367 844 1514 869 cursus.-

601 895 676 929 Per
699 894 770 928 vim
792 892 852 929 hic
875 892 1068 937 sculptoris
1091 894 1259 927 traxerat
1284 901 1363 926 erro
1389 901 1546 926 manum.

561 952 672 988 Terra
696 952 841 987 utinam
863 961 1052 995 nunquam
1076 953 1202 985 currat
1227 959 1430 994 semperque
1454 949 1624 993 quiescat,

611 1010 690 1056 Quo
715 1011 766 1045 sic
790 1009 967 1054 Keppleri
984 1011 1105 1053 peccet
1128 1008 1249 1052 imayo
1273 1007 1401 1042 minus.

328 1070 382 1104 De
408 1075 581 1114 tempore,
608 1078 678 1113 quo
705 1067 822 1112 imago
848 1066 946 1111 picta
971 1070 1037 1109 est,
1063 1064 1154 1099 nihil
1172 1068 1329 1106 constat3
1357 1063 1433 1097 sine
1451 1062 1560 1099 dubio
1578 1063 1742 1108 pluribus
1768 1062 1870 1098 annis
1896 1067 1979 1098 ante

192 1137 323 1163 anuum
352 1127 463 1171 1620,
499 1137 569 1170 quo
596 1124 745 1170 Kepleri
777 1128 876 1158 aetas
907 1123 975 1158 fuit
1007 1133 1182 1157 annorum
1208 1122 1269 1166 49,
1306 1121 1388 1156 dum
1418 1122 1534 1166 imago
1568 1121 1807 1157 adolescentis
1832 1121 1983 1158 formam

192 1190 449 1230 repraesentat.
495 1185 671 1229 (Pictura,
698 1194 805 1228 quam
825 1183 965 1217 Gruner
990 1181 1084 1217 vitae
1109 1180 1257 1225 Kepleri
1281 1179 1474 1224 praemisit,
1499 1180 1697 1216 imitatione
1715 1179 1870 1224 quadam
1895 1179 1984 1223 figu-

193 1254 268 1278 ram
292 1253 442 1278 aeneam
467 1243 809 1287 Argentoratensem
835 1240 1030 1285 exprimit.)

332 1302 413 1336 Jam
437 1301 545 1336 missa
572 1300 727 1345 imagine
753 1298 910 1333 redimus
936 1299 982 1334 ad
1007 1297 1212 1343 Keplerum.

334 1359 375 1393 In
406 1357 708 1401 Wiirttembergia
733 1357 912 1401 Keplerus
940 1366 1014 1391 rem
1042 1356 1165 1390 matris
1197 1354 1454 1391 defendendam
1483 1355 1651 1400 suscepit.
1691 1356 1787 1390 Dum
1815 1364 1898 1389 vero
1927 1362 1985 1389 res

193 1427 311 1452 coram
323 1415 444 1460 judice
463 1415 647 1459 agebatur,
668 1414 825 1450 visitavit
842 1415 1021 1459 Keplerus
1041 1414 1174 1449 amicos
1192 1413 1456 1458 Tubingenses3
1483 1413 1538 1448 die
1553 1414 1607 1449 25.
1627 1413 1702 1449 Oct.
1721 1424 1753 1448 v.
1773 1417 1816 1448 st.
1842 1412 1987 1457 scripsit

195 1474 436 1510 Schickardus
464 1472 655 1517 τ,Κο11101-0,
683 1483 779 1507 1111110
805 1473 1034 1518 Stutgardiae
1061 1472 1287 1516 divertenti“,
1313 1471 1488 1507 adventus
1523 1471 1577 1506 sui
1604 1481 1748 1506 causam
1773 1481 1812 1505 se
1836 1470 1986 1514 nescire,

194 1532 385 1568 condolere
411 1543 493 1566 vero
521 1543 566 1566 ex
593 1531 721 1566 animo.
773 1531 884 1565 Fama
910 1541 947 1564 se
974 1529 1200 1575 percepisse,
1233 1529 1427 1574 Keplernm
1457 1529 1501 1564 ad
1529 1540 1648 1574 regem
1672 1529 1824 1574 Angliae
1857 1529 1985 1574 migra-

196 1597 326 1632 turum,
352 1591 395 1625 ab
421 1591 482 1625 1110
511 1601 602 1633 „non
629 1591 805 1625 obscurae
831 1588 968 1633 gratiae
995 1587 1127 1632 siguis“
1155 1587 1355 1621 invitatum.
1405 1587 1471 1622 Die
1498 1587 1552 1623 13.
1580 1587 1667 1631 (23.)
1694 1588 1783 1622 Nov.
1809 1587 1900 1622 haec
1925 1586 1987 1622 dat

197 1649 440 1684 Schickardus
466 1648 622 1693 Keplero
652 1658 767 1688 „nunc
793 1646 993 1690 Giigliugae
1021 1645 1162 1690 agenti:
1194 1645 1359 1679 Proxime
1395 1656 1475 1680 cum
1508 1646 1567 1681 1110
1592 1656 1689 1690 eras,
1724 1646 1817 1680 exivi
1849 1655 1985 1680 summo

196 1718 298 1743 mane
330 1708 582 1751 Lustnaviam‚
618 1706 681 1740 sed
713 1710 795 1740 ante
830 1704 1011 1738 dimidiam
1041 1705 1167 1738 horam
1198 1708 1234 1737 te
1260 1703 1342 1737 inde
1367 1703 1566 1747 profectum
1602 1703 1715 1738 fuisse
1739 1702 1986 1740 dictitabant“.

196 1768 262 1803 His
289 1767 388 1802 addit
407 1768 441 1803 d.
462 1767 516 1802 29.
537 1766 626 1801 Nov.
652 1775 682 1799 v.
703 1769 762 1799 st.:
791 1762 883 1805 „Sed
909 1762 995 1806 quid
1021 1763 1064 1798 de
1091 1761 1168 1796 Tua
1194 1762 1338 1805 agitur?
1379 1761 1592 1796 Nondnmne
1617 1760 1736 1795 mitius
1761 1760 1986 1795 tractamini?

199 1825 379 1861 Condoleo
405 1824 506 1860 vobis
532 1829 608 1859 tota
634 1822 690 1858 die
717 1827 752 1857 et
776 1820 924 1856 meliora
950 1831 994 1854 ex
1020 1821 1136 1855 animo
1162 1830 1301 1864 precor.
1352 1817 1497 1854 Interim
1529 1817 1608 1852 vale
1633 1821 1669 1851 et
1694 1818 1730 1851 iu
1753 1817 1822 1852 hoc
1846 1817 1986 1861 privato

198 1889 259 1918 tuo
278 1884 379 1918 luctu
397 1882 564 1927 publicae
582 1880 788 1916 matheseos
807 1888 949 1918 causae,
974 1878 1076 1922 cujus
1095 1883 1135 1912 tu
1153 1876 1251 1912 solus
1271 1887 1308 1912 es
1326 1882 1512 1921 patronus,
1531 1885 1602 1909 non
1621 1873 1843 1910 obliviscere.
1884 1874 1988 1909 Salve

199 1952 342 1986 quoque
367 1952 388 1976 a
407 1941 538 1975 Lansio
566 1944 600 1974 et
618 1938 783 1981 Besoldo,
811 1936 873 1981 qui
897 1935 962 1970 tibi
988 1936 1101 1970 amice
1127 1940 1352 1978 succensent,
1379 1935 1474 1978 quod
1492 1934 1665 1978 proxime,
1691 1944 1770 1968 011111
1795 1933 1854 1968 1110
1879 1943 1988 1976 esses,

199 2008 235 2035 te
260 1999 405 2045 publico
432 1999 552 2044 potius
577 1997 711 2042 hospiti
736 2006 842 2040 quam
868 1995 972 2039 ipsis,
1008 1998 1220 2039 perspectae
1252 1994 1337 2028 fidei
1369 1993 1508 2034 amicis,
1544 1992 1760 2027 concredere
1784 1992 1985 2027 malueris.“

200 2060 342 2094 Pudore
377 2057 422 2092 ob
456 2057 579 2091 matris
614 2065 758 2090 causam
783 2053 961 2088 forensem
987 2057 1105 2087 motus
1131 2051 1312 2096 Keplerus
1338 2051 1427 2085 clam
1453 2051 1653 2096 Tubingam
1678 2055 1824 2084 venerat
1848 2054 1884 2084 et
1908 2060 1986 2083 cum

198 2116 274 2152 solo
302 2115 523 2151 Schickardo
558 2114 632 2159 egit
665 2114 708 2148 de
735 2111 1001 2148 continuatione
1027 2110 1234 2155 Epitomes‚
1270 2110 1330 2154 qui
1355 2120 1429 2144 rem
1455 2110 1565 2144 amice
1591 2109 1761 2152 suscepit.
1800 2108 1888 2152 (Cfr.
1916 2107 1986 2143 vol.

201 2176 261 2211 VI,
290 2187 325 2220 p.
352 2175 408 2210 22.

335 2231 510 2277 Epistolis
536 2230 747 2272 amicorum,
781 2238 870 2272 quas
904 2237 1014 2271 supra
1039 2227 1308 2271 proposuimus,
1347 2227 1411 2260 has
1446 2224 1692 2270 adjungendas
1727 2224 1942 2269 censuimus,
1970 2234 1989 2258 0

201 2290 331 2335 quibus
357 2289 653 2332 concludendum,
682 2297 771 2331 quae
797 2287 875 2331 ipse
901 2285 945 2319 ad
970 2284 1051 2320 illos
1077 2285 1272 2328 scripserit.
1306 2283 1621 2319 Schickardus
1646 2283 1736 2318 haec
1755 2283 1816 2317 dat
1832 2282 1989 2327 Keplero

202 2348 400 2394 (Tubingae
426 2348 460 2382 d.
487 2348 541 2382 19.
568 2347 676 2381 Febr.
708 2345 833 2388 1620):
871 2343 1013 2377 Literas
1047 2347 1128 2377 tuas
1161 2353 1241 2377 cum
1267 2341 1514 2376 observatione
1546 2346 1730 2385 postrema
1754 2341 1931 2385 eclipseos
1956 2345 1992 2375 et

202 2406 324 2442 libello
352 2407 507 2451 quodam
532 2404 686 2439 Arabico
724 2401 857 2445 accepi.
906 2400 1136 2445 Descriptum
1161 2411 1181 2434 a
1206 2410 1262 2435 me
1287 2400 1470 2444 exemplar
1494 2400 1727 2444 Argentinam
1759 2399 1838 2434 misi
1870 2402 1906 2434 et
1931 2409 1991 2433 ex-

203 2470 328 2510 specto
353 2473 567 2508 responsum
584 2462 628 2498 D.
647 2459 876 2505 Berueggeri‚
904 2459 998 2502 quod
1025 2459 1068 2493 ad
1095 2465 1131 2493 te
1155 2459 1310 2503 mittam,
1339 2458 1600 2503 autographum
1618 2459 1663 2492 D.
1680 2457 1872 2492 Maestliuo
1898 2468 1991 2493 com-

203 2523 389 2566 municavi,
419 2521 479 2566 qui
505 2532 569 2565 pro
596 2530 694 2554 more
721 2530 784 2553 suo
810 2528 884 2552 rem
912 2518 945 2550 iu
976 2517 1051 2552 dies
1077 2518 1327 2561 procrastinat,
1353 2517 1502 2552 necdum
1529 2516 1687 2560 quamvis
1713 2517 1854 2560 urgenti
1879 2521 1913 2550 et
1937 2526 1992 2550 as-

202 2583 303 2618 sidue
328 2579 573 2625 interpellanti
598 2578 787 2622 quicquam
805 2575 1004 2620 respondit.
1038 2575 1186 2610 Instabo
1212 2580 1332 2609 tamen
1350 2574 1498 2609 ulterius
1525 2580 1560 2609 et
1577 2574 1661 2619 quid
1679 2574 1809 2609 sentiat
1830 2574 1993 2618 proxima

204 2640 391 2676 occasione
423 2637 588 2673 referam.
636 2635 827 2670 Arabicum
860 2633 1019 2669 libellum
1055 2634 1196 2669 cuidam
1230 2634 1432 2669 Reichardo
1470 2634 1548 2677 ejus
1582 2633 1724 2676 linguae
1756 2633 1842 2667 satis
1876 2632 1991 2677 perito

205 2699 417 2735 concredidi.
473 2697 507 2730 Is
539 2695 588 2730 nil
621 2693 852 2729 astronomici
882 2693 1000 2727 inesse
1035 2692 1120 2727 dicit
1151 2698 1218 2728 etc.
1245 2712 1288 2717 —
1314 2692 1428 2736 Quam
1460 2691 1544 2725 dicit
1576 2690 1818 2726 Schickardus
1847 2700 1993 2733 respon-

206 2759 341 2793 sionem
365 2753 620 2796 Maestlini,
647 2752 708 2787 illa
735 2753 819 2787 data
845 2758 900 2787 est
925 2752 959 2787 d.
987 2751 1020 2786 2.
1047 2750 1170 2786 Martii
1203 2756 1238 2786 et
1263 2751 1417 2785 maxima
1443 2761 1487 2784 ex
1513 2755 1616 2794 parte
1641 2749 1752 2783 refert
1776 2747 1993 2783 observatio-

207 2826 287 2851 nem
311 2815 453 2859 eclipsis
479 2813 604 2847 Lunae
632 2811 664 2845 d.
692 2811 748 2846 20.
776 2811 862 2845 Dec.
893 2810 980 2845 1619
1006 2809 1083 2852 (cfr.
1108 2809 1177 2844 vol.
1197 2810 1260 2844 III.
1287 2821 1321 2853 p.
1341 2810 1436 2849 618).
1469 2807 1534 2843 His
1561 2806 1745 2842 exorditur
1760 2804 1993 2840 Maestlinus:

209 2873 358 2916 Quoties
385 2870 574 2916 epistolam
600 2875 698 2904 tuam
725 2869 770 2903 ad
789 2868 1049 2904 Schickardum
1077 2868 1196 2903 datam
1221 2867 1355 2911 relego,
1379 2870 1481 2901 tanto
1506 2865 1619 2910 magis
1644 2863 1814 2907 involvor,
1841 2862 1931 2898 adeo
1957 2868 1997 2898 ut

209 2930 302 2974 quod
327 2930 418 2974 petis
446 2939 509 2972 ego
535 2938 600 2963 1100
617 2927 681 2962 tibi
699 2938 764 2962 nec
782 2927 867 2961 mihi
885 2925 1091 2962 satisfacere
1116 2926 1263 2970 possim.
1304 2925 1547 2961 Dubitandum
1572 2923 1667 2966 mihi,
1694 2933 1778 2957 num
1803 2921 1846 2956 de
1871 2922 1995 2957 Lunae

208 2987 383 3031 parallaxi
405 2986 556 3030 locoque
575 2986 652 3028 ejus
671 2985 858 3031 apparenti
875 2996 1045 3030 quaeras,
1073 2986 1156 3029 quia
1182 2985 1211 3019 is
1237 2996 1317 3020 011111
1343 2983 1458 3019 stellis
1483 2994 1554 3018 11011
1579 2979 1796 3018 concordare
1821 2978 1994 3024 videatur,

212 3056 256 3079 an
282 3046 324 3080 de
349 3045 533 3080 stellarum
557 3045 697 3079 illarum
723 3045 849 3089 (atque
878 3044 959 3079 inde
991 3044 1026 3078 in
1059 3044 1263 3079 universum
1295 3042 1338 3077 de
1364 3042 1519 3076 omnium
1544 3038 1743 3081 stellarum)
1771 3037 1875 3073 certis
1906 3038 1996 3074 locis

214 3102 367 3144 dubites,
384 3103 469 3147 quia
488 3113 567 3137 cum
585 3103 709 3138 Lunae
727 3103 914 3148 apparenti
931 3102 1009 3137 loco
1029 3112 1099 3137 non
1116 3101 1352 3137 conveniant?
1386 3101 1518 3135 Verum
1536 3097 1678 3135 tandem
1694 3100 1794 3140 pum,
1821 3095 1864 3131 de
1883 3095 1996 3133 stellis
