2177 3408
469 119 706 157 Summarium
730 120 913 158 Historiae
937 121 1189 160 Astronomiae
1215 124 1338 161 seculo
1363 126 1458 162 XVI.
1790 128 1872 173 615

75 250 167 285 quae
190 239 227 274 in
251 239 370 284 priore
401 239 546 284 scripto.
596 240 833 284 Comparatur
865 241 956 276 haec
988 242 1095 278 stella
1120 254 1198 278 cum
1226 244 1393 287 cometis,
1429 256 1509 280 cum
1538 245 1643 281 stella
1668 247 1869 290 Magorum,

74 310 154 335 cum
181 299 288 334 stella
312 299 357 333 ab
383 298 592 344 Hipparcho
618 303 812 343 conspecta
839 299 1017 335 referente
1034 301 1150 335 Plinio
1177 303 1284 344 (Hist.
1305 303 1387 338 Nat.
1410 304 1455 339 II.
1474 305 1534 348 6.),
1560 315 1639 338 cum
1657 305 1736 346 alia,
1764 315 1870 349 quam

77 357 278 401 Cyprianus
304 356 490 392 Leovitius
517 367 608 391 anno
635 357 740 393 1264.
765 361 996 401 conspectam
1022 369 1102 394 esse
1126 359 1248 403 refert,
1275 370 1391 404 neque
1419 373 1501 397 vero
1528 362 1593 397 ulli
1619 373 1741 397 earum
1767 366 1870 408 (qua-

73 425 153 448 rum
184 415 275 449 duas
307 415 454 449 ultimas
478 414 586 458 plane
621 414 747 449 dubias
781 425 859 449 esse
896 422 1019 451 censet
1046 417 1181 462 Tycho)
1215 419 1364 453 similem
1397 419 1509 454 fuisse
1543 420 1728 464 probatur.
1777 421 1871 456 Hinc

72 472 204 508 transit
227 471 352 517 Tycho
379 472 423 507 ad
441 473 730 516 instrumentum,
758 483 828 516 quo
847 474 1019 508 utebatur
1037 476 1081 510 ad
1101 475 1359 510 observandam
1384 477 1545 523 stellam3
1574 478 1745 513 describit
1772 489 1870 520 „secc-

73 533 243 574 tantew,
270 541 375 575 quem
401 527 567 566 reversus
593 530 758 575 Augusta
783 531 1052 567 Vindelicorum
1078 534 1153 577 (ubi
1186 534 1350 569 adhibuit
1378 536 1546 579 ¹„radium,
1584 537 1639 571 cui
1674 537 1710 571 in
1737 537 1871 571 distau-

74 588 134 623 tiis
159 589 347 624 stellarum
372 590 582 635 scrupulose
614 589 821 624 illineandis
858 601 930 624 non
964 592 1052 626 satis
1078 596 1155 627 tuto
1188 592 1368 628 fidendum
1395 605 1450 628 me
1483 594 1619 628 diutina
1644 595 1782 630 monuit
1806 604 1868 629 ex-

70 646 283 691 perientia“)
310 648 430 692 parari
449 648 568 692 jussit,
596 648 656 692 qui
684 647 935 689 „illucescente
956 659 999 683 ex
1016 649 1208 694 improviso
1234 651 1302 686 hac
1327 652 1467 686 insueta
1493 652 1598 687 stella
1623 653 1810 688 absolutus
1836 655 1872 687 et

75 705 121 740 ad
153 706 313 742 ultimam
350 707 471 742 limam
501 707 577 751 jam
611 707 788 742 deductus
821 710 950 742 esset.“
1002 709 1161 754 Regulae
1197 710 1306 753 hujus
1341 710 1570 744 instrumenti
1605 710 1869 755 quadrilaterae

73 766 217 810 (longae
242 767 264 800 4
290 765 441 809 cubitos,
468 766 564 800 latae
588 766 608 801 3
636 765 778 810 digitos,
805 776 950 800 crassae
976 766 1085 805 duos,
1118 778 1162 801 ex
1188 768 1282 811 ligno
1309 767 1446 801 arboris
1472 767 1708 810 Juglandum,
1747 768 1868 802 multis

73 825 176 860 annis
201 825 346 869 penitus
373 825 567 867 exsiccato)
594 824 906 868 conjungebantur
930 825 1109 859 metallico
1137 826 1249 862 clavo,
1277 825 1371 860 circa
1398 836 1503 869 quem
1523 825 1697 870 explicari
1723 831 1759 861 et
1785 837 1867 861 con-

70 883 164 918 trahi
188 888 313 928 posset
349 882 521 926 angulus,
556 881 753 916 instructae
787 881 832 915 ad
858 883 1103 918 extremitates
1137 883 1350 927 pinnacidiis
1384 893 1428 917 ex
1463 883 1642 919 orichalco
1679 884 1723 918 ad
1749 891 1868 919 rectos

71 941 221 985 angulos
247 941 439 985 adaptatis.
490 939 583 974 Huic
610 939 842 984 descriptioni
869 940 1034 986 adjungit
1051 941 1174 986 Tycho
1201 941 1307 976 aliam
1332 942 1552 987 quadrantis
1576 943 1770 988 permagni,
1798 955 1868 987 quo

70 1002 258 1044 Augustae
284 999 418 1043 degens
443 998 479 1032 in
504 997 754 1033 altitudinibus
783 998 967 1033 stellarum
1000 998 1223 1042 inquirendis
1256 1011 1341 1035 usus
1367 1000 1495 1035 fuerat.
1543 1001 1623 1036 Hoc
1654 1001 1868 1037 instrumen-

74 1065 170 1103 tum,
205 1058 412 1103 Geggingae
446 1067 561 1102 prope
585 1059 785 1101 Augustam
821 1062 997 1099 erectum,
1032 1063 1176 1099 „tantae
1202 1058 1304 1108 molis
1333 1064 1419 1103 erat,
1445 1062 1484 1093 ut
1509 1060 1568 1094 vix
1595 1071 1616 1094 a
1640 1059 1685 1094 40
1709 1061 1867 1096 robustis

67 1117 152 1151 viris
176 1117 214 1151 in
239 1116 378 1160 collem,
404 1115 466 1150 ubi
494 1114 755 1159 disponendum
785 1120 879 1156 erat,
905 1116 1044 1159 portari
1061 1116 1253 1159 potuerit⁴⁴.
1304 1117 1439 1151 Latera
1464 1118 1508 1152 ad
1534 1123 1670 1153 rectum
1698 1119 1868 1164 angulum

69 1180 172 1210 erant
202 1185 221 1209 e
247 1174 375 1209 robore
411 1173 599 1218 quercino,
636 1172 860 1216 longitudine
894 1174 937 1208 14
965 1174 1105 1209 cubitos
1140 1173 1184 1208 ad
1218 1174 1400 1209 minimum
1435 1178 1652 1220 aequabant.
1706 1178 1868 1219 „Accidit

68 1239 199 1278 autem,
226 1239 265 1268 ut
291 1244 372 1268 cum
397 1243 462 1277 per
485 1232 664 1275 integrum
690 1231 970 1276 quinquennium
989 1232 1063 1266 illic
1079 1232 1206 1267 illaesa
1222 1232 1447 1278 infractaque
1465 1235 1696 1281 constitisset,
1722 1235 1866 1271 tandem

67 1291 344 1335 superveniente
375 1289 516 1334 ingenti
546 1294 762 1334 tempestate
795 1291 1004 1327 corruerit*
1061 1291 1178 1334 Hujus
1213 1292 1424 1336 quadrantis
1458 1294 1675 1328 mentionem
1707 1304 1783 1328 eam
1820 1295 1864 1328 ob

66 1361 212 1386 causam
236 1349 305 1383 hoc
330 1349 409 1383 loco
435 1348 541 1393 facit,
569 1349 665 1393 quod
692 1350 825 1384 amicus
852 1349 1035 1395 Tyehonis
1061 1349 1196 1384 Paulus
1222 1349 1448 1394 Hainzelius,
1477 1352 1603 1386 consul
1620 1352 1863 1397 Augustanus,

65 1418 131 1454 per
156 1418 236 1443 eum
262 1406 473 1442 altitudines
500 1417 580 1441 cum
599 1407 725 1443 stellae
750 1417 864 1442 novae
890 1412 964 1442 tum
990 1407 1146 1452 plurium
1173 1407 1324 1442 fixarum
1343 1408 1482 1452 (stellae
1508 1410 1653 1454 polaris,
1679 1410 1862 1445 stellarum

66 1469 182 1503 Ursae
207 1467 365 1512 majoris,
392 1466 532 1510 aliquot
555 1464 791 1508 insigniorum
816 1464 852 1498 in
877 1464 1035 1508 zodiaco)
1062 1464 1277 1500 meridianas
1296 1469 1532 1503 constituerat
1551 1480 1685 1513 easque
1703 1469 1864 1514 Tychoni

65 1527 102 1561 in
126 1527 282 1561 Daniam
306 1525 573 1568 transmiserat,
610 1523 741 1567 quibus
776 1523 1087 1559 observationibus
1119 1525 1318 1560 innituntur
1349 1526 1479 1561 calculi
1514 1526 1559 1560 ad
1593 1527 1711 1562 locum
1734 1525 1861 1561 stellae

64 1595 178 1621 novae
204 1590 421 1630 spectantes.

202 1644 255 1678 De
279 1653 393 1678 novae
418 1642 545 1678 stellae
571 1652 655 1678 vera
679 1643 923 1686 magnitudine
943 1648 1090 1678 acturus
1108 1643 1306 1687 praemittit
1323 1643 1445 1688 Tycho
1472 1647 1705 1688 conspectum
1723 1653 1857 1688 eorum,

65 1712 160 1747 quae
184 1701 324 1747 priores
356 1701 552 1736 astronomi
577 1700 621 1735 de
656 1701 901 1745 magnitudine
935 1702 1159 1746 planetarum
1186 1705 1221 1736 et
1246 1702 1396 1736 fixarum
1431 1701 1612 1736 stellarum
1645 1704 1857 1746 statuerant,

63 1761 234 1805 additque
260 1770 360 1795 suam
386 1760 499 1804 ipsius
525 1759 738 1794 sententiam
765 1759 809 1793 de
834 1760 1078 1803 magnitudine
1103 1760 1232 1794 horum
1266 1770 1465 1804 corporum.
1515 1759 1738 1793 Diametrum
1765 1760 1857 1795 Solis

63 1819 237 1854 visibilem
262 1818 397 1852 invenit
420 1817 601 1852 minimam
627 1817 701 1861 30¹,
735 1818 928 1853 maximam
956 1819 1031 1861 32¹,
1069 1818 1276 1853 distantiam
1301 1827 1321 1850 a
1347 1818 1457 1851 Terra
1481 1817 1582 1860 ponit
1610 1818 1698 1852 1150
1724 1816 1858 1853 Terrae

63 1878 359 1921 semidiametros,
384 1888 516 1922 corpus
543 1876 636 1911 Solis
663 1876 779 1920 majus
803 1877 914 1911 Terra
941 1878 1006 1913 139
1032 1878 1184 1921 vicibus,
1211 1876 1334 1910 Lunae
1354 1884 1374 1907 a
1391 1874 1502 1909 Terra
1521 1876 1565 1909 60
1583 1874 1706 1909 semid.
1725 1875 1858 1911 Terrae

61 1942 220 1970 remotae
247 1935 460 1970 diametrum
477 1934 578 1969 visib.
605 1935 707 1978 ponit
731 1935 799 1978 35¹,
826 1945 956 1980 corpus
983 1936 1105 1970 Lunae
1124 1935 1167 1968 42
1194 1934 1327 1968 vicibus
1354 1932 1469 1965 minus
1491 1932 1614 1966 Terra.
1655 1933 1857 1969 Diametros

59 1993 218 2028 visibiles
236 1993 461 2038 planetarum
480 1992 587 2027 hasce
606 1992 775 2028 exhibet:
804 1994 829 2038 Ξ
857 2009 902 2023 =
921 1995 987 2039 ἓξ,
1068 2009 1111 2023 =
1131 1994 1194 2035 Μ’,
1227 1998 1255 2033 cs
1282 2005 1327 2018 Ξ
1348 1990 1410 2034 ῙΞᾌ
1440 1989 1483 2033 24-
1502 2004 1545 2018 =
1563 1990 1630 2035 (λζ’,
1660 1990 1691 2031 Β
1716 2005 1761 2020 =
1784 1993 1856 2037 1}ss

61 2050 269 2085 distantiam
296 2051 321 2094 ζξ
349 2054 385 2084 et
411 2050 436 2094 ῼ
466 2049 617 2084 mediam
643 2052 746 2095 ponit
764 2052 951 2095 aequalem
972 2051 1091 2087 solari.
1115 2049 1243 2083 Martis
1262 2048 1413 2082 :1745
1441 2048 1564 2082 semid.
1584 2047 1728 2093 Terrae,
1756 2050 1856 2085 Jovis

62 2110 229 2154 =3990,
261 2109 292 2153 ‘b
318 2110 497 2145 :10550
524 2110 735 2153 earundem3
773 2120 962 2153 corporum
997 2107 1216 2153 quantitates
1252 2106 1297 2141 ad
1330 2105 1477 2140 Terram
1511 2112 1740 2151 comparatae
1774 2115 1858 2144 sunt

61 2168 146 2202 hae:
182 2168 207 2211 ζξ
235 2172 290 2201 est
318 2167 372 2211 19,
406 2167 432 2210 ῼ
461 2168 492 2213 6,
532 2173 563 2212 <5
600 2168 638 2202 13
665 2168 804 2203 vicibus
828 2166 943 2201 minor
970 2166 1092 2209 Terra,
1118 2164 1162 2207 24-
1180 2163 1255 2199 fere
1278 2165 1385 2210 ΗΜ,
1418 2165 1448 2206 ’Β
1474 2167 1564 2200 ‘2‘2i2s
1590 2167 1714 2212 major.
1764 2168 1854 2203 Stel-

59 2225 175 2260 larum
199 2224 352 2259 fixarum
385 2224 548 2259 diametri
582 2225 740 2260 visibiles
772 2230 855 2260 sunt
889 2223 1085 2259 secundum
1119 2221 1325 2266 Tychonem
1357 2225 1611 2268 magnitudinis
1648 2227 1784 2271 primae
1811 2228 1855 2272 2¹,

62 2283 129 2317 11³2
158 2285 222 2328 13¹⁷
248 2284 344 2317 1115ae
373 2281 461 2328 ἧς,
487 2283 568 2317 Ivae
588 2285 665 2326 45⁰,
692 2283 767 2316 vtae
786 2284 864 2326 30¹¹,
895 2281 978 2315 VI²³e
997 2281 1080 2324 “20⁰3
1107 2280 1313 2316 distantiam
1333 2282 1516 2317 stellarum
1535 2282 1687 2318 fixarum
1707 2296 1727 2319 a
1745 2285 1856 2320 Terra

61 2341 213 2377 assumit
244 2342 358 2377 14000
384 2342 516 2376 Terrae
550 2340 833 2375 semidiametros
869 2339 1023 2383 indeque
1056 2339 1200 2383 prodire
1233 2342 1453 2385 quantitates
1488 2353 1677 2386 corporum
1710 2343 1854 2378 illarum

61 2404 185 2434 censet
214 2400 349 2442 (ordine
384 2399 652 2443 magnitudinis)
680 2402 779 2440 tjo'iess,
807 2397 908 2441 28128,
936 2398 1035 2440 llies,
1066 2403 1140 2440 ter,
1180 2399 1288 2442 paulo
1315 2399 1396 2443 plus
1424 2410 1530 2443 quam
1563 2400 1672 2435 semel
1700 2401 1852 2445 majores

64 2458 188 2502 Terra,
214 2457 294 2492 illas
320 2457 401 2492 VI²²e
425 2468 544 2502 magn.
578 2468 658 2492 esse
689 2461 744 2490 ter
777 2457 939 2500 proxime
972 2456 1127 2491 minores
1161 2456 1284 2492 Terra.
1333 2457 1468 2492 Stellae
1500 2467 1613 2492 novae
1640 2459 1852 2494 diametrum

61 2515 237 2550 visibilem
261 2516 365 2560 ponit
391 2517 445 2560 33¹
476 2516 599 2559 „quasi
625 2514 725 2548 Jovis
752 2521 788 2548 et
812 2515 961 2550 Veneris
987 2514 1269 2559 intermediam“,
1305 2516 1510 2550 distantiam
1537 2528 1557 2552 a
1583 2517 1695 2551 Terra
1721 2527 1852 2560 aequa-

60 2573 129 2607 lem
153 2573 306 2608 fixarum
333 2573 539 2616 distantiae,
575 2577 682 2617 atque
716 2573 801 2607 hinc
833 2573 1035 2616 concludit,
1074 2574 1354 2617 „corpulentiam
1388 2575 1465 2618 ejus
1491 2577 1690 2611 excessisse
1717 2576 1850 2610 Terrae

59 2631 189 2666 molem
215 2631 283 2667 360
308 2631 479 2665 vicibus“.
525 2630 688 2673 „Verum,
714 2629 841 2674 pergit,
860 2630 950 2666 haec
966 2631 1193 2674 potissimum
1208 2641 1367 2666 mensem
1383 2633 1621 2666 Novembrem
1638 2633 1848 2678 respiciunt,

59 2691 203 2735 quando
228 2689 403 2723 illustrior
427 2687 582 2722 emicuit.
632 2689 723 2723 Nam
749 2690 913 2733 sequenti
946 2694 1108 2733 tempore
1140 2690 1375 2732 quantitatem
1408 2690 1583 2735 paulatim
1608 2700 1645 2725 re
1671 2701 1754 2725 vera
1786 2692 1849 2726 im-

58 2749 196 2792 minuit,
222 2748 336 2782 donec
360 2756 508 2792 prorsus
535 2746 803 2780 dissolveretur.
841 2747 1078 2791 Nequaquam
1096 2748 1216 2792 itaque
1236 2747 1495 2782 admittendum
1515 2747 1680 2792 arbitror,
1708 2749 1848 2785 stellam

58 2808 152 2842 hanc
177 2807 327 2842 eandem
353 2809 527 2850 perpetuo
546 2803 743 2838 obtinuisse
760 2805 1041 2848 magnitudinem
1060 2816 1208 2849 eamque
1233 2817 1297 2850 per
1323 2805 1521 2840 discessum
1539 2807 1583 2841 ab
1603 2807 1706 2842 oculo
1725 2814 1847 2844 nostro

59 2866 280 2901 solummodo
312 2864 420 2898 altius
447 2861 674 2898 ascendendo
711 2862 931 2906 pedetentim
957 2864 1197 2906 imminuisse,
1233 2870 1340 2907 prout
1373 2864 1536 2900 nonnulli
1562 2875 1607 2899 ex
1633 2865 1770 2902 Seneca
1795 2868 1848 2911 (ut

59 2924 198 2969 opinor)
230 2923 454 2958 occasionem
486 2924 669 2955 sumentes
702 2921 836 2955 frustra
867 2920 1030 2956 arbitrati
1061 2926 1155 2955 sunt.
1204 2922 1289 2956 Fuit
1322 2922 1413 2955 enim
1446 2933 1485 2957 re
1508 2934 1592 2957 vera
1625 2924 1715 2959 haec
1740 2925 1847 2961 stella

58 2992 189 3017 novum
215 2981 395 3026 quoddam
421 2990 565 3024 corpus,
592 2990 663 3014 uno
683 2984 718 3014 et
734 2978 859 3014 eodem
884 2984 1045 3023 tempore
1069 2979 1106 3012 in
1132 2989 1209 3013 eam
1237 2990 1343 3022 quam
1361 2981 1524 3025 primitus
1542 2981 1695 3018 obtinuit
1712 2983 1846 3026 magni-

58 3039 218 3074 tudinem
242 3038 499 3074 conformatum
527 3042 562 3072 et
587 3037 700 3071 donec
724 3048 872 3082 prorsus
907 3037 1083 3081 disparuit
1114 3038 1151 3072 in
1183 3037 1306 3072 eodem
1341 3048 1481 3083 semper
1513 3039 1593 3074 loco
1618 3049 1845 3084 permanens.

57 3097 184 3143 Neque
207 3096 301 3135 enim
317 3097 488 3135 ascensus
507 3100 542 3131 et
560 3095 751 3131 descensus
769 3095 975 3134 rectilineus
993 3095 1209 3132 coelestibus
1228 3097 1415 3142 competit3
1443 3102 1478 3132 et
1496 3108 1602 3143 quam
1619 3097 1692 3133 alte
1710 3109 1842 3144 quaeso
