2126 3388
228 142 314 187 840
899 141 984 177 Vita
1007 141 1159 177 Joannis
1184 140 1343 187 Kepleri.

229 259 316 304 quin
339 269 405 304 pro
430 261 493 293 tua
518 256 711 300 prudentia
736 256 844 293 etiam
873 257 958 292 huic
983 256 1199 293 dubitationi
1231 267 1420 293 occurrere
1448 257 1604 294 valeas,“
1656 257 1821 293 Occurrit
1844 258 2024 304 Keplerus

229 318 313 354 huic
334 314 590 361 „dubitationi“
618 314 654 349 in
671 316 786 350 literis
802 317 1009 362 praemissis
1029 321 1064 352 et
1081 316 1314 353 annotatione
1331 314 1376 349 ad
1393 315 1576 350 Maestlini
1592 315 1727 360 literas,
1753 326 1857 360 quam
1875 315 1944 351 vol.
1962 315 2023 351 VI.

229 389 265 421 p.
297 376 346 411 18.
381 372 618 408 exhibuimus.
675 373 729 408 De
760 374 943 418 adjutore,
977 383 1084 419 quem
1117 374 1346 419 quaesiverat
1378 372 1559 417 Keplerus
1597 374 1802 418 Tubingae,
1839 374 2026 419 respondit

230 432 465 469 Maestlinus:
495 436 778 476 „extraneorum,
803 432 838 466 h.
865 443 895 468 e.
923 436 1025 467 extra
1048 432 1189 468 illustre
1215 431 1444 476 stipendium,
1470 431 1578 476 pauci
1603 436 1699 474 sunt,
1726 435 1763 466 et
1786 441 1870 466 num
1896 432 2025 476 aliquis

233 501 355 526 eorum
379 489 415 524 in
440 489 578 524 calculo
603 494 765 533 promtus
791 490 847 535 sit,
874 491 1007 526 nescio.
1048 491 1117 535 Qui
1140 491 1177 526 in
1201 491 1252 526 ill.
1281 488 1460 533 stipendio
1487 489 1633 534 degunt,
1657 489 1780 534 plures
1805 489 1889 524 huic
1907 490 2025 525 studio

231 546 373 583 nonnisi
398 547 514 582 coacti
540 557 685 591 operam
711 549 812 591 dant,
847 550 893 584 ad
918 549 1068 593 gradum
1102 548 1298 593 magisterii
1328 552 1469 582 tantum
1497 547 1701 592 adspirant,
1733 552 1774 583 ut
1804 547 2026 583 conditiones

234 608 507 649 assequantur.“
541 605 668 641 Finem
685 606 821 641 faciens
846 608 993 642 nunciat
1009 607 1238 648 Maestlinus,
1262 606 1472 641 Roeslinum
1496 616 1612 650 nuper
1637 605 1778 641 obiisse.
1817 606 1918 648 „Non
1943 615 2026 651 ergo

240 666 277 700 in
302 662 564 706 chronologicis
590 663 712 698 odiose
737 664 891 709 amplius
915 666 1070 701 facesset
1086 665 1268 708 negotium
1288 665 1332 708 (v.
1349 676 1373 698 S.
1393 666 1485 708 823).
1521 663 1664 699 Utinam
1688 663 1725 698 in
1749 674 1833 699 vera
1856 663 2028 708 religione

232 723 384 758 animam
410 731 511 756 suam
539 721 680 756 Christo
706 723 1025 758 commendaverit!
1064 722 1262 768 Singularis
1289 723 1382 757 enim
1406 723 1443 757 in
1468 722 1640 766 religione
1672 732 1813 766 semper
1836 722 1914 766 fuit,
1941 722 2029 757 nulli

231 779 490 826 propemodum
516 783 635 814 certae
660 779 836 815 addictus.
888 781 980 825 Quid
1005 781 1041 815 in
1067 781 1235 816 extremis
1263 781 1394 824 egerit,
1426 781 1567 825 nescio,
1600 784 1640 815 ut
1666 791 1686 815 a
1711 781 1788 814 Deo
1817 779 1925 815 suerit
1949 779 2028 814 illu-

233 839 401 881 minatus,
429 840 549 881 opt0.“
591 837 633 871 In
653 838 939 878 ‚,additamento“
967 839 1182 875 Maestlinus
1207 840 1393 883 respondit
1419 839 1464 874 ad
1490 839 1735 884 quaestionem
1762 838 1916 883 opticam
1933 838 2028 883 Kep-

232 897 309 942 leri,
336 907 443 941 quam
468 906 577 940 supra
601 896 725 940 paucis
752 897 917 932 diximus.

374 953 431 989 Ad
455 954 582 990 ultima
598 955 781 990 Maestlini
799 955 916 999 verba,
943 955 987 991 de
1005 955 1167 991 Roesliui
1185 954 1283 990 obitu
1302 958 1338 988 et
1354 955 1435 998 fide,
1461 955 1639 999 Keplerus
1657 955 1693 989 in
1711 954 1893 990 literarum
1911 958 2030 1000 poste-

236 1013 371 1048 riorum
410 1012 509 1047 exitu
541 1012 745 1057 respondit:
790 1011 959 1049 Domino
992 1013 1040 1050 D.
1081 1012 1287 1058 Roeslino,
1331 1010 1485 1059 quando
1524 1011 1608 1049 Deo
1649 1013 1702 1050 ita
1745 1012 1892 1057 visum,
1939 1022 2029 1060 gra-

236 1069 402 1107 tulemur
442 1072 612 1106 aetatem
651 1073 848 1116 exactam,
894 1071 1062 1118 quietem
1103 1075 1266 1119 partam.
1341 1069 1653 1107 Fundamentum
1688 1072 1814 1119 ipsum
1845 1070 2028 1116 tenuisse,

236 1139 314 1165 non
345 1126 492 1167 dubito,
551 1126 659 1164 Deus
701 1128 926 1165 misereatur
968 1130 1151 1166 vitiorum
1189 1127 1327 1165 mentis
1361 1129 1478 1165 etiam
1508 1132 1684 1175 nostrae,
1730 1128 1796 1176 qui
1835 1126 2030 1164 condonat

237 1184 528 1236 poenitentibus
560 1183 772 1222 voluntatis
804 1186 1028 1234 pravitates,
1062 1188 1289 1224 miscreatur
1319 1196 1412 1223 vero
1444 1197 1519 1222 non
1552 1189 1704 1224 tantum
1737 1185 2030 1234 singularitatis,

240 1243 310 1282 sed
342 1243 457 1280 etiam
488 1242 759 1292 popularitatis
786 1249 822 1282 et
843 1243 1006 1283 fiduciae
1029 1246 1065 1281 in
1089 1245 1309 1285 rabbinisff)
1341 1244 1598 1282 terrestribus.
1640 1244 1690 1281 Et
1721 1249 1773 1291 tu,
1808 1243 2030 1281 charissime

242 1302 496 1349 Praeceptor,
537 1300 850 1350 quandoquidem
891 1304 966 1340 ista
1008 1314 1082 1340 non
1122 1303 1262 1340 frustra
1292 1313 1363 1340 nec
1394 1301 1552 1350 frigIde,
1594 1302 1663 1341 sed
1703 1301 1864 1340 consilio
1904 1301 2031 1339 bonae

244 1359 518 1399 admonitionis
549 1359 748 1408 scripsisse
782 1360 942 1408 videris,
985 1361 1059 1399 hoc
1090 1361 1136 1399 de
1168 1372 1228 1398 me
1267 1361 1433 1405 habeas,
1476 1372 1536 1398 me
1575 1372 1643 1410 per
1673 1360 1748 1398 Dei
1789 1361 1953 1410 gratiam
1993 1361 2031 1396 in

243 1417 409 1467 simplici
441 1421 478 1455 et
508 1416 623 1466 plano
668 1429 785 1455 sensu
826 1420 1036 1469 scripturae
1069 1420 1338 1468 acquiescere3
1373 1417 1515 1466 quodsi
1545 1430 1624 1468 qua
1656 1423 1714 1456 est
1746 1417 1962 1456 consolatio
1993 1419 2033 1456 in

246 1485 436 1515 consensu
478 1475 553 1512 hoc
583 1475 864 1523 litigiosissimo
895 1477 1039 1524 seculo,
1072 1489 1212 1526 genere
1244 1478 1412 1515 humano
1454 1478 1490 1512 in
1523 1481 1580 1514 tot
1610 1476 1740 1516 studia
1771 1476 2033 1514 diversissima

247 1534 386 1580 diviso,
419 1534 516 1572 scito
549 1533 727 1582 amplius,
759 1546 819 1572 me
851 1536 889 1571 in
927 1536 1160 1584 Augustana
1191 1537 1429 1573 confessione
1462 1536 1578 1583 inque
1617 1546 1731 1584 opere
1764 1535 2032 1573 Chemnitiano

247 1597 381 1632 contra
412 1591 617 1629 concilium
639 1591 904 1631 Tridentinum
935 1595 1194 1642 acquiescere,
1227 1595 1264 1630 in
1297 1593 1520 1631 universum
1550 1593 1697 1630 nullum
1719 1592 1860 1641 dogma
1890 1593 2032 1639 fovere,

248 1649 352 1700 quod
373 1661 449 1688 non
467 1649 529 1687 vel
550 1650 653 1698 apud
671 1655 820 1689 veteres
842 1657 971 1700 patres
994 1651 1055 1689 vel
1077 1652 1181 1700 apud
1201 1651 1408 1690 hodiernas
1429 1656 1557 1700 partes
1579 1653 1673 1689 citra
1686 1651 1792 1689 litem
1811 1652 2033 1700 reperiatur.

249 1708 325 1757 Qui
344 1719 405 1746 me
437 1709 621 1746 novitatis
645 1708 707 1746 vel
729 1711 909 1748 minimae
932 1715 1102 1758 accusat,
1126 1711 1304 1759 injuriam
1326 1710 1427 1747 facit.
1470 1709 1557 1747 Hac
1578 1722 1654 1748 una
1673 1721 1712 1748 re
1746 1709 1861 1747 bilem
1892 1720 2032 1747 moveo

249 1766 455 1815 theologis,
480 1765 583 1814 quod
604 1778 738 1815 pacem
761 1772 851 1816 opto
876 1769 970 1806 inter
991 1768 1228 1816 reformatos,
1253 1779 1324 1806 nec
1345 1779 1477 1805 ornnes
1501 1767 1798 1806 deformationes
1821 1779 2036 1817 exaggera-

250 1827 453 1873 tionesque
475 1823 700 1872 dogmatum
722 1825 1038 1864 Calvinianorum
1060 1827 1245 1876 approbo,
1277 1838 1348 1864 nec
1370 1826 1499 1864 videre
1521 1837 1691 1876 possum,
1725 1828 1762 1862 in
1785 1825 2035 1864 fundamento

253 1883 299 1921 de
321 1893 485 1932 persona
507 1882 648 1920 Christi
680 1888 829 1921 tantum
860 1897 944 1923 esse
967 1885 1181 1933 discrimen,
1216 1886 1307 1934 quia
1330 1885 1499 1931 crimina,
1533 1895 1632 1933 quae
1664 1885 1758 1933 ipsis
1780 1884 1842 1921 hic
1872 1883 2037 1922 Jesuitis

253 1946 291 1980 et
313 1940 549 1979 Calvinianis
571 1941 825 1990 intentantur,
858 1943 952 1980 mihi
974 1943 1143 1981 nondum
1165 1944 1437 1992 probaverunt,
1473 1942 1576 1991 quod
1598 1953 1674 1980 non
1697 1944 1819 1980 obiter
1841 1941 1938 1990 dico,
1969 1942 2039 1979 sed

255 1999 483 2038 examinatis
513 2000 672 2048 integris
702 1999 809 2038 libris
841 2012 863 2038 a
883 2003 1008 2050 capite
1040 2001 1090 2039 ad
1113 2002 1268 2040 calcem.
1314 2001 1510 2039 Accusant
1542 2001 1696 2050 quidem
1727 2005 1880 2039 nostros
1900 1999 2039 2038 haere-

258 2069 345 2096 seos
378 2057 427 2094 ob
458 2056 639 2106 phrases3
679 2062 719 2096 at
749 2060 781 2095 si
812 2061 930 2096 nostri
964 2059 1049 2097 illas
1081 2060 1290 2109 explicent,
1322 2064 1363 2096 ut
1396 2059 1458 2097 hic
1489 2059 1581 2096 mihi
1611 2059 1774 2106 sactum,
1808 2058 1940 2096 dicunt
1970 2070 2039 2096 ea-

259 2116 357 2163 dem,
391 2127 491 2164 quae
523 2115 621 2153 alias
654 2115 784 2154 dicunt
806 2117 929 2165 alteri,
962 2123 999 2155 et
1031 2119 1214 2156 vicissim.
1259 2118 1476 2166 Antequam
1501 2117 1781 2166 explicarentur
1801 2116 1906 2164 mihi,
1940 2128 2040 2165 quae

259 2179 348 2212 sunt
379 2174 417 2210 in
447 2172 611 2211 formula
643 2174 869 2213 concordiae
911 2175 957 2213 de
998 2177 1322 2225 omnipraesentia
1360 2177 1503 2222 carnis,
1548 2177 1702 2213 omnino
1734 2174 2041 2226 Eutychianismi

260 2237 412 2270 nostros
441 2243 526 2270 reos
559 2231 714 2279 credidi,
747 2238 787 2270 at
817 2245 917 2271 nunc
949 2236 1195 2273 accusatione
1228 2233 1322 2272 cedo
1354 2238 1515 2282 accepta
1547 2233 1819 2281 declaratione,
1851 2237 1891 2271 at
1922 2234 2041 2271 vicis-

260 2292 333 2329 sim
363 2292 401 2326 in
432 2291 623 2328 sententia
655 2290 855 2329 confirmor
887 2291 932 2329 de
971 2294 1241 2331 convenientia
1281 2293 1321 2328 in
1360 2291 1624 2330 fundamento.
1687 2291 1761 2339 Qui
1795 2303 1854 2330 me
1885 2296 2041 2341 propter

260 2351 336 2386 ista
365 2348 484 2385 sacris
516 2353 633 2395 arcet,
665 2350 832 2387 rationes
864 2352 996 2399 utique
1028 2363 1117 2388 suas
1141 2352 1223 2389 Deo
1256 2351 1501 2399 approbabit,
1534 2362 1630 2399 quas
1663 2361 1734 2399 ego
1766 2361 1842 2402 non
1875 2350 2040 2388 excutio.

262 2406 424 2444 Possem
455 2416 605 2444 omnem
636 2405 742 2444 litem
773 2406 926 2456 sedare,
961 2410 994 2446 si
1023 2409 1209 2447 formulae
1249 2408 1477 2447 concordiae
1516 2404 1817 2447 subscriberem*
1838 2407 1933 2445 nihil
1973 2420 2041 2446 ex-

263 2465 419 2514 cipiens.
463 2463 515 2501 At
544 2464 638 2501 mihi
668 2466 707 2501 in
739 2465 853 2503 rebus
885 2467 1141 2505 conscientiae
1163 2467 1344 2505 simulare
1365 2478 1443 2504 non
1474 2471 1531 2505 est
1562 2468 1769 2516 integrum:
1802 2466 2042 2504 subscribere

263 2535 347 2561 sum
377 2527 547 2572 paratus,
577 2523 610 2560 si
641 2522 893 2561 admittantur
919 2525 1000 2573 jam
1031 2526 1182 2574 positae
1214 2536 1322 2563 meae
1355 2526 1614 2574 exceptiones.
1659 2525 1724 2563 Ira
1754 2524 2041 2573 Theologorum

263 2582 544 2620 communicare
575 2580 678 2628 nolo,
709 2582 844 2620 fratres
874 2594 950 2620 non
977 2583 1177 2631 judicabo,
1211 2585 1277 2632 qui
1308 2584 1393 2622 sive
1424 2588 1544 2630 stent,
1577 2584 1661 2621 sive
1693 2582 1854 2628 cadant,
1897 2582 2041 2620 domini

263 2643 352 2678 sunt
383 2643 421 2677 et
450 2639 583 2677 fratres
615 2640 701 2680 mei.
742 2640 918 2678 Praestat
949 2653 1009 2679 me
1039 2653 1199 2691 peccare
1222 2641 1454 2689 excusando,
1487 2642 1584 2679 bene
1605 2640 1813 2691 loquendo,
1846 2642 1883 2678 in
1906 2640 2042 2678 melius

264 2696 563 2746 interpretando,
597 2708 681 2735 cum
702 2709 777 2736 non
803 2700 874 2735 sim
897 2698 1030 2737 doctor
1051 2700 1250 2749 ecclesiae,
1273 2712 1388 2748 quam
1410 2699 1640 2748 accusando,
1674 2698 1921 2745 detrahendo,
1952 2710 2043 2747 per-

264 2754 466 2804 vertend03
498 2755 637 2804 quibus
669 2755 806 2794 studiis
837 2758 870 2795 si
894 2758 980 2806 quis
1012 2762 1069 2796 est
1089 2758 1253 2806 deditus,
1285 2759 1316 2795 is
1348 2759 1652 2808 persecutionem
1679 2758 1811 2806 nequit
1841 2756 2043 2804 sustinere,

265 2814 339 2850 nisi
370 2815 402 2850 si
431 2813 527 2852 forte
559 2825 665 2862 spem
695 2813 813 2852 habet
842 2815 991 2864 refugii.
1042 2817 1232 2866 Expertus
1253 2816 1402 2865 loquor.
1455 2816 1633 2854 Clamant
1654 2815 1843 2861 Jesuitae,
1875 2813 2045 2852 clamant

267 2871 497 2918 Calviniani,
529 2872 603 2909 sibi
634 2873 672 2909 in
694 2871 856 2911 articulo
879 2873 925 2911 de
946 2886 1110 2923 persona
1132 2874 1272 2912 Christi
1306 2874 1386 2913 fieri
1418 2875 1596 2923 injuriam
1628 2886 1651 2912 a
1670 2874 1768 2911 libro
1801 2872 2042 2919 concordiae,

267 2929 388 2967 multa
419 2930 494 2967 sibi
523 2931 714 2979 imputari,
748 2942 847 2980 quae
877 2932 953 2980 ipsi
984 2944 1061 2970 non
1093 2932 1268 2973 doceant,
1329 2932 1477 2981 Quodsi
1509 2932 1708 2970 subscribo
1739 2941 1816 2967 non
1848 2931 2043 2979 excipiens

268 2986 337 3024 illa
366 2992 520 3036 puncta,
553 2993 619 3026 aut
646 2988 816 3037 judicem
847 3001 907 3028 me
938 2990 1038 3029 facio
1071 2991 1330 3029 condemnans
1360 2990 1448 3029 illos
1469 2991 1647 3028 intentati
1667 2989 1845 3035 criminis,
1878 2993 1945 3026 aut
1975 2999 2043 3026 ac-

269 3048 421 3082 cusator
461 3046 631 3094 ipsorum
667 3046 718 3084 fio
760 3051 892 3085 contra
932 3049 1205 3088 conscientiam
1236 3060 1381 3097 meam,
1421 3060 1521 3098 quae
1562 3050 1666 3097 ipsos
1705 3047 1834 3095 potius
1874 3045 2044 3085 defendit

271 3112 384 3150 quam
423 3108 579 3142 accusat
615 3105 654 3141 in
692 3104 908 3154 aliquibus,
950 3107 1041 3156 quia
1078 3107 1238 3157 phrases
1267 3111 1420 3156 patrum
1460 3105 1644 3146 ecclesiae
1681 3105 1877 3154 puriorum
1913 3108 2045 3144 tenent

271 3158 502 3210 modumque
531 3162 806 3212 interpretandi
834 3165 1042 3215 scripturas
1072 3166 1111 3204 in
1142 3165 1217 3205 hoc
1246 3164 1421 3205 articulo.
