2126 3388
231 182 314 232 962
904 183 988 218 Vita
1011 183 1034 217 J
1037 183 1162 218 oannis
1188 181 1346 228 Kepleri.

233 318 279 345 ex
312 306 403 343 urbe
431 303 560 340 nuncii
591 303 629 338 in
661 301 741 339 dies
773 301 881 339 allati
913 306 1001 339 sunt
1032 302 1260 350 iniquiores,
1293 303 1347 339 ita
1379 305 1420 338 ut
1449 300 1607 349 Kepleri
1639 304 1676 337 et
1707 311 1804 337 uxor
1833 305 1870 338 et
1900 300 2013 338 amici

230 364 415 413 Styriaci,
450 359 552 408 apud
585 359 809 408 Tychonem
841 371 927 396 eum
960 360 1102 408 optime
1133 371 1173 397 se
1204 360 1346 397 habere
1377 360 1467 406 rati,
1499 359 1654 395 minime
1686 357 1774 395 inde
1805 357 2014 395 rediturum

231 433 314 459 esse
347 417 563 465 crederent5
596 425 634 454 et
665 417 878 466 Tubingae,
912 417 978 454 ubi
1010 429 1148 454 munus
1180 429 1220 455 se
1254 422 1454 454 nacturum
1485 428 1569 454 esse
1601 417 1784 464 speravit,
1816 427 1904 464 spes
1936 421 2017 453 erat

228 478 345 515 nulla.
409 475 536 523 Quum
568 480 698 512 autem
730 476 801 511 viri
834 481 871 512 et
903 486 1041 523 corpus
1074 481 1110 512 et
1141 477 1291 512 animus
1324 475 1457 512 morbo
1497 474 1608 522 gravi
1640 478 1677 511 et
1708 473 1887 511 diuturno
1919 485 2016 511 eun-

228 536 312 573 dem
344 544 493 582 semper
525 535 561 568 in
594 533 750 570 modum
782 537 1014 570 vexarentur
1044 538 1081 570 et
1111 532 1392 582 affligerentur,
1436 532 1529 581 quid
1560 532 1717 579 mirum,
1761 532 1793 568 si
1825 530 2016 580 Keplerus

225 594 414 641 patienter
452 592 568 628 cessit
598 597 636 628 et
666 590 861 640 Tychonis
904 592 998 628 iram
1036 590 1104 628 tali
1143 591 1292 628 ratione
1332 590 1486 639 placare
1530 589 1697 636 studuit,
1746 588 1871 637 qualis
1911 588 2016 625 illius

225 651 406 694 moribus,
443 660 539 696 quos
572 659 674 686 certo
695 647 896 686 Jessenius
929 649 1025 686 bene
1048 650 1255 697 perspexit,
1289 650 1454 686 maxime
1487 645 1779 685 accommodata
1800 658 1885 684 esse
1908 646 2017 684 vide-

228 710 347 745 batur.
408 707 616 754 Keplcrum
652 711 779 743 autem
811 707 984 755 posthac,
1018 706 1107 743 dum
1140 705 1264 743 Gratii
1297 718 1364 755 per
1394 706 1634 755 aliquantum
1666 707 1869 754 temporis,
1901 705 2017 742 rebus

224 767 303 802 suis
337 764 556 801 domesticis
589 770 870 813 prospecturus,
903 765 1095 811 manebat,
1130 765 1166 800 in
1198 764 1421 814 Tychonem
1453 766 1547 802 iram
1579 770 1617 801 et
1647 762 1888 800 stomachum
1920 773 2018 800 evo-

225 824 383 868 muisse,
416 833 491 859 non
515 823 671 859 minima
703 833 820 859 causa
851 834 934 859 esse
967 822 1117 859 videtur
1138 823 1260 859 morbi
1292 823 1524 871 pertinacia,
1559 832 1634 870 quo
1656 821 1842 859 liberatus
1865 820 2017 858 demum

225 885 282 918 est
313 880 503 928 Keplerus
530 880 610 928 jam
644 881 738 917 satis
771 880 835 916 diu
869 879 1004 917 Gratio
1037 886 1312 918 commoratus.

364 938 521 975 Praeter
554 938 621 975 lias
655 937 749 975 duas
781 937 989 984 molestias,
1024 949 1119 986 quas
1151 938 1265 976 modo
1298 938 1475 984 diximus,
1509 949 1554 975 ex
1579 936 1738 986 Kepleri
1761 941 1798 974 et
1819 935 2016 986 Tychonis

225 995 398 1044 epistolis
431 995 476 1033 de
509 996 594 1032 aliis
628 995 935 1033 dissensionibus
967 1002 1033 1032 aut
1065 996 1341 1033 offensionibus
1372 1008 1419 1033 ne
1452 997 1650 1032 minimum
1691 994 1846 1044 quidem
1877 994 2017 1042 conjici

223 1054 384 1102 poterit,
425 1054 539 1090 immo
574 1064 664 1090 vero
698 1055 804 1090 brevi
838 1054 1169 1091 commodissimus
1202 1055 1299 1091 inter
1340 1053 1427 1090 illos
1468 1065 1560 1091 usus
1594 1063 1631 1090 et
1662 1054 1862 1090 convictus
1900 1053 2018 1090 inter-

223 1113 340 1148 fuisse
376 1110 542 1157 videtur,
590 1123 675 1149 cun]
709 1117 745 1148 et
776 1111 965 1160 Keplerus
998 1112 1111 1160 plane
1145 1114 1292 1160 integer
1325 1123 1455 1149 omnes
1490 1113 1588 1149 vires
1622 1113 1658 1148 in
1691 1113 1857 1159 negotiis
1889 1115 2016 1148 astro-

222 1170 383 1206 nomicis
415 1169 488 1206 sibi
521 1169 713 1206 mandatis
746 1176 1007 1215 consumeret,
1053 1171 1204 1207 omissis
1236 1182 1258 1206 a
1291 1169 1476 1218 Tychone
1521 1169 1624 1206 haud
1667 1169 1780 1207 dubie
1820 1168 2014 1206 mandatis

226 1227 481 1275 iniquioribus
514 1233 551 1265 et
584 1229 663 1263 viro
697 1227 876 1275 indignis,
911 1230 964 1264 ita
996 1233 1036 1264 ut
1067 1228 1121 1264 illi
1154 1227 1202 1264 ad
1234 1230 1387 1276 propria
1419 1239 1490 1264 sua
1521 1227 1648 1264 studia
1668 1229 1760 1264 satis
1793 1232 1895 1265 esset
1917 1232 2016 1264 tem-

227 1287 330 1333 poris
362 1289 398 1321 et
429 1286 508 1329 otii,
543 1290 577 1321 et
609 1285 756 1334 'l'yelio,
791 1287 855 1333 qui
888 1287 925 1320 in
959 1285 1039 1322 dies
1072 1285 1211 1322 clarius
1242 1287 1497 1334 perspiceret,
1531 1287 1664 1333 quanti
1696 1284 1855 1334 Kepleri
1887 1290 1925 1322 et
1956 1286 2017 1320 in-

224 1343 378 1391 genium
411 1348 448 1380 et
480 1341 668 1379 industria
699 1342 891 1380 indefessa
923 1348 1050 1380 essent
1082 1342 1340 1389 aestimanda,
1375 1348 1519 1392 quanto
1552 1348 1765 1392 praestaret
1797 1342 1861 1380 ille
1894 1344 2020 1379 omni-

225 1402 295 1438 bus
328 1411 425 1448 quos
458 1400 507 1437 ad
537 1400 575 1436 id
599 1406 748 1449 tempus
770 1401 948 1438 habuerit
971 1402 1162 1447 ministris,
1198 1401 1400 1449 diligenter
1433 1412 1563 1438 omnes
1596 1402 1827 1439 offensiones
1859 1400 2018 1448 fugeret,

223 1469 323 1506 quae
355 1458 654 1495 familiaritatem
694 1465 731 1495 et
763 1461 971 1496 amicitiam
1017 1460 1166 1497 turbare
1208 1465 1378 1508 possent.
1442 1458 1566 1506 Quale
1609 1465 1737 1496 autem
1782 1460 1878 1496 inter
1915 1460 2018 1496 viros

222 1517 336 1553 fuerit
357 1517 647 1562 commercium,
682 1516 870 1565 Keplerus
893 1518 986 1554 satis
1011 1517 1175 1554 dilucide
1198 1517 1324 1554 verbis
1347 1516 1588 1566 explanavit,
1622 1529 1721 1565 quae
1753 1517 2020 1566 praemisimus

223 1586 260 1623 p.
298 1577 390 1619 718,
427 1577 519 1620 738,
555 1578 649 1612 744.

361 1631 434 1668 Per
465 1631 689 1681 Tychonem
724 1637 760 1669 et
792 1633 935 1669 amicos
963 1632 1044 1680 jam
1077 1637 1191 1670 antea
1224 1638 1367 1681 partos,
1402 1634 1574 1681 inprimis
1606 1633 1798 1670 Bai-onem
1832 1631 1878 1669 de
1904 1631 2018 1669 Hoff-

223 1700 351 1734 mann,
382 1689 573 1738 Keplerus
607 1694 644 1727 et
674 1689 882 1738 Rudolplio
916 1692 1136 1739 imperatori
1168 1691 1457 1728 commendatus
1499 1697 1580 1737 est,
1625 1690 1733 1739 cujus
1775 1692 1937 1739 gratiam
1981 1695 2017 1727 et

223 1748 395 1785 savorem
428 1759 517 1784 mox
549 1748 621 1785 sibi
655 1747 888 1793 conciliavit,
924 1754 961 1785 et
993 1748 1041 1785 ad
1073 1748 1171 1785 alios
1204 1759 1359 1797 quoque
1392 1749 1579 1786 deductus
1612 1756 1669 1785 est
1700 1749 1803 1785 viros
1824 1749 2018 1797 potentis-

222 1807 351 1852 simos,
385 1811 425 1842 ut
456 1805 506 1843 ad
538 1807 685 1854 imperii
709 1805 978 1843 cancellarium
1002 1807 1215 1843 Barvitium
1240 1812 1276 1844 et
1298 1806 1346 1843 ad
1370 1806 1629 1844 Wackherum
1662 1805 1707 1843 de
1730 1805 2017 1852 Wackhenfels,

223 1865 289 1912 qui
321 1863 481 1901 consilio
513 1864 753 1912 imperatoris
786 1865 976 1902 intererat.
1021 1863 1095 1911 Qui
1127 1875 1202 1901 non
1234 1866 1359 1901 minus
1382 1866 1592 1902 astronomi
1619 1863 1801 1912 jucundis
1833 1864 2015 1909 moribus,

224 1922 433 1969 ingeniosis
466 1922 728 1968 sermonibus,
771 1933 885 1969 quam
931 1934 1081 1959 summa
1119 1922 1292 1959 doctrina
1331 1925 1431 1971 capti
1468 1922 1680 1971 Keplerum
1719 1923 1755 1958 in
1793 1923 2015 1959 interiorem

223 1991 340 2016 suam.
366 1981 590 2017 societatem
624 1985 661 2017 et
692 1980 901 2016 amicitiam
924 1986 1156 2028 exceperunt
1188 1985 1225 2017 et
1256 1987 1391 2028 postca
1413 1981 1631 2029 imperatori
1655 1985 1830 2017 auctores
1852 1980 2015 2025 suerunt,

208 2043 265 2074 -ut
295 2037 480 2086 Tychonc
513 2043 663 2074 mortuo
686 2037 831 2088 (1601)
861 2038 1043 2086 Keplero,
1077 2037 1361 2075 conditionibus
1394 2039 1549 2086 quidem
1579 2039 1703 2075 minus
1735 2039 1882 2086 aequis,
1916 2037 2017 2075 idem

225 2096 433 2132 astronomi
467 2096 697 2143 imperatorii
733 2095 898 2132 officium
930 2095 1155 2133 traderetur.
1208 2096 1435 2133 Mandatum
1469 2103 1597 2134 autem
1630 2097 1665 2133 ei
1697 2102 1769 2146 est,
1802 2101 1842 2132 ut
1874 2107 1920 2132 ex
1943 2096 2015 2132 ob-

224 2153 509 2191 servationibus
541 2152 773 2202 Tychonicis
814 2164 936 2190 novas
969 2154 1121 2190 tabulas
1153 2155 1430 2192 astronomicas
1462 2154 1680 2200 conficeret,
1727 2165 1773 2191 ex
1815 2164 2014 2191 commen-

227 2212 332 2248 tariis
354 2216 391 2247 et
414 2211 586 2259 epistolis
608 2211 855 2248 selectionem
878 2213 1020 2248 faceret
1041 2211 1262 2260 selectaque
1286 2211 1427 2258 ederet,
1461 2211 1574 2249 simul
1606 2212 1848 2259 imperatoris
1876 2210 2015 2248 studiis

224 2270 406 2314 serviret,
449 2269 619 2316 inprimis
653 2270 687 2306 ei
720 2270 755 2304 in
799 2270 1090 2316 quaestionibus
1134 2269 1376 2318 astrologicis
1417 2276 1518 2307 esset
1557 2269 1721 2318 adjutor.
1785 2268 1870 2316 Qua
1903 2271 1941 2306 in
1973 2280 2013 2306 re

224 2326 416 2374 Keplerus
456 2338 544 2363 mox
576 2328 613 2362 in
650 2337 838 2363 summam
871 2328 1110 2375 imperatoris
1152 2328 1234 2364 iniit
1268 2332 1305 2365 et
1343 2328 1550 2364 amicitiam
1592 2332 1630 2364 et
1660 2326 1793 2373 fidem,
1841 2328 1905 2375 qui
1937 2337 2011 2364 uon

224 2384 338 2421 modo
372 2383 418 2421 de
449 2395 519 2421 sua
549 2385 726 2430 genitura
756 2383 966 2432 Keplcrum
999 2384 1224 2429 consuleret,
1260 2391 1297 2422 et
1323 2384 1473 2433 judicia
1505 2385 1550 2423 de
1584 2385 1651 2422 illa
1685 2385 1733 2422 ab
1766 2385 1853 2422 aliis
1884 2390 2011 2422 astro-

224 2443 348 2479 nomis
378 2443 506 2490 posita
526 2441 683 2490 Kepleri
712 2441 859 2490 judicio
882 2442 1059 2487 traderet,
1092 2442 1159 2479 sed
1182 2444 1297 2480 etiam
1319 2443 1481 2480 cuiidem
1505 2445 1732 2492 propinquis
1754 2445 1833 2480 suis
1854 2441 2009 2479 multis-

226 2511 300 2548 que
332 2499 418 2536 aliis
448 2499 689 2545 hominibus,
732 2501 822 2547 quin
862 2501 979 2537 etiarn
1019 2501 1235 2546 veteribus,
1279 2505 1320 2537 ut
1353 2500 1528 2547 Caesari,
1572 2501 1749 2548 Augusto
1782 2505 1854 2538 etc.
1895 2500 2009 2538 horas

224 2568 364 2607 ponere
407 2557 538 2594 vellet.
604 2557 739 2606 Neque
778 2560 901 2595 minus
939 2560 976 2594 in
1020 2558 1134 2594 rebus
1174 2557 1337 2606 publicis
1379 2559 1623 2605 gravioribus
1663 2558 1708 2596 de
1744 2558 1894 2606 J'udicio
1937 2569 2008 2595 suo

223 2620 466 2652 astronomus
505 2615 702 2652 consultus
735 2621 808 2661 cst,
852 2617 887 2651 in
921 2627 996 2664 quo
1036 2617 1191 2664 saepius
1225 2617 1292 2652 viri
1330 2617 1487 2653 summis
1531 2618 1678 2665 imperii
1717 2617 2008 2666 magistratibus

228 2674 427 2722 fungentes
459 2672 657 2710 suadendo
690 2672 847 2721 Kepleri
880 2675 1092 2711 sententiae
1124 2675 1178 2710 sic
1210 2673 1407 2720 adessent,
1441 2679 1482 2711 ut
1513 2680 1549 2711 et
1581 2675 1740 2722 imperio
1772 2679 1810 2712 et
1840 2675 2008 2722 impera-

225 2732 297 2767 tori
329 2730 529 2768 commodo
562 2736 598 2768 et
629 2730 744 2768 saluti
786 2736 899 2768 esset.
961 2729 1014 2769 Ut
1045 2733 1081 2767 in
1122 2731 1207 2768 aliis
1240 2732 1427 2780 ejusmodi
1468 2732 1776 2779 quaestionibus,
1818 2732 1871 2768 ita
1907 2742 2009 2768 nunc

226 2799 380 2836 quoque
411 2788 604 2836 Keplerus
642 2788 784 2826 talibus
826 2790 1018 2826 vaticiniis
1051 2789 1293 2837 astrologicis
1338 2789 1426 2827 fidei
1466 2789 1612 2838 aliquid
1655 2790 1840 2838 abrogare
1871 2788 2007 2825 solitus

228 2850 298 2895 cst,
331 2846 495 2883 refutata
528 2846 599 2884 hac
631 2848 811 2896 opinione
844 2847 952 2893 salsa,
984 2858 1043 2884 res
1065 2846 1253 2884 humanas
1286 2848 1382 2884 coeli
1405 2848 1671 2885 affectionibus
1693 2858 1775 2884 esse
1797 2842 2006 2893 subjectam,

231 2908 267 2939 et
297 2904 516 2952 imperatori
547 2905 659 2942 nimis
691 2906 959 2954 superstitioso
992 2905 1181 2954 explicare
1213 2904 1375 2951 studuit,
1409 2905 1525 2943 talem
1557 2906 1730 2942 effectum
1761 2910 1828 2941 aut
1859 2903 2007 2941 nullum

227 2972 329 3004 esse,
361 2967 427 2997 aut
456 2962 488 2997 si
521 2967 643 3007 esset,
676 2964 730 2999 sic
762 2974 845 3000 esse
878 2962 1222 3011 interpretandum,
1256 2964 1292 2998 in
1325 2964 1437 3000 certis
1469 2962 1709 3011 planetarum
1741 2961 2007 2999 collocationi-

227 3018 318 3064 bus,
363 3024 428 3054 aut
460 3020 490 3055 si
533 3025 705 3057 cometae
747 3025 813 3056 aut
844 3031 945 3056 nova
985 3019 1110 3057 sidera
1148 3025 1403 3068 emergerent,
1447 3026 1514 3058 aut
1550 3022 1587 3056 in
1624 3020 1866 3067 gravioribus
1904 3019 2005 3057 Solis

229 3073 437 3122 Lunaeque
471 3074 747 3114 defectionibus
770 3077 1108 3126 contemplantium
1133 3079 1292 3125 animos,
1326 3080 1419 3127 ipsis
1451 3079 1591 3122 insciis,
1626 3088 1670 3114 ex
1694 3078 1771 3114 otio
1795 3083 1831 3114 et
1859 3077 2006 3115 desidia

230 3133 387 3169 excitari
420 3136 456 3169 et
487 3133 536 3169 ad
567 3134 750 3182 majorem
782 3136 819 3170 in
850 3136 964 3172 rebus
996 3135 1156 3183 agendis
1187 3136 1412 3174 industriam
1442 3134 1599 3184 impelli.
1659 3133 1735 3172 Sed
1767 3141 1809 3172 ut
1841 3137 2006 3188 impera
2064 3175 2067 3179 ,

2109 1411 2112 1428 l

2107 1473 2110 1481 v

2107 1484 2110 1500 l

2105 1555 2107 1564 A

2104 1565 2107 1599 l

2097 1818 2102 1893 1

2095 1962 2098 1978 l

2100 2667 2102 2670 ,
2095 2628 2105 2651 -,

2096 3120 2097 3130 22
2087 2962 2104 3069 sssassi
2088 2914 2105 2944 :fi
2087 2857 2105 2896 0!
2089 2794 2106 2853 *

2090 2740 2107 2789 '28
2094 2690 2108 2730 2
