2157 3398
205 150 290 197 606
441 152 446 157 ’
609 152 848 188 Summarium
870 152 1051 188 Historiae
1074 152 1324 189 Astronomiae
1350 153 1471 190 seculo
1496 154 1588 191 XVI.

205 278 296 303 anno
321 268 410 304 1556
447 268 651 313 apparentis
687 267 807 303 radios
844 272 879 303 et
910 278 1040 313 corpus
1071 268 1191 313 ipsum
1230 269 1342 307 refert
1373 270 1410 305 in
1441 271 1584 306 tramite
1619 281 1683 307 suo
1718 276 1855 309 mutata
1891 282 1989 317 esse;

205 327 338 372 radios,
365 327 424 371 qui
449 327 588 370 vesperi
614 326 650 359 in
675 326 869 369 meridiem,
895 333 977 371 post
1001 326 1154 361 mediam
1178 332 1321 364 noctem
1346 329 1382 363 in
1408 339 1573 364 occasum
1601 329 1771 374 directos,
1797 331 1948 367 caudam
1973 342 1994 366 a

205 386 287 420 Sole
312 391 387 420 tum
411 395 569 420 aversam
594 384 773 429 habuisse,
800 386 912 420 donec
930 397 950 420 a
969 385 1051 420 Sole
1075 385 1191 421 minus
1224 387 1421 430 quadrante
1446 392 1604 422 remotus
1630 388 1748 424 fuerit.
1767 410 1809 413 —
1834 390 1990 424 Leovi—

205 443 297 478 tius
322 448 357 477 et
384 443 626 477 Cornelius
654 442 828 478 Gemma
854 443 964 486 (filius
989 444 1148 488 Reineri)
1175 445 1327 480 eundem
1346 450 1519 480 cometam
1546 446 1753 482 describunt
1778 449 1993 491 accuratiuS,

204 500 415 536 11611111111111
448 501 531 535 anni
560 501 646 536 1558
671 501 827 536 Joach.
860 501 1194 547 Camerarius*)
1232 507 1267 537 et
1299 503 1539 539 Cornelius
1576 504 1761 540 Gemma.
1809 505 1993 541 Posterior

203 558 319 593 10611111
345 559 420 602 ejus
447 558 630 594 constituit
655 558 687 593 d.
712 559 767 595 17.
793 559 947 604 Augusti
973 559 1008 593 in
1035 560 1096 594 12ο
1111 562 1164 605 ΠΡ,
1191 560 1397 596 distantiam
1423 562 1466 597 ab
1491 563 1644 598 Arcturo
1671 564 1732 600 30⁰
1757 563 1825 609 32¹,
1852 562 1908 598 die
1935 563 1992 599 20.

205 616 248 651 ab
274 617 494 651 extremitate
521 617 655 652 caudae
680 617 795 652 Ursae
821 617 964 661 majoris
989 618 1052 654 28ο
1075 619 1143 654 33‘.

340 675 602 710 Alexander
627 675 954 720 Piccolomini,
988 681 1093 712 natus
1120 676 1247 712 Sienae
1274 687 1366 712 anno
1397 678 1505 722 1508,
1532 679 1826 724 archiepiscopus
1852 679 1995 714 Patras=

205 733 317 767 sensis
344 733 383 776 (†
411 734 526 778 1578),
553 733 804 778 philosophiae
829 734 994 769 addictus
1020 734 1282 779 Aristotelicae,
1309 736 1456 770 Terram
1480 736 1626 771 infixam
1652 748 1717 772 suo
1742 738 1821 773 1060
1847 738 1994 773 haerere

204 791 314 834 rigide
349 791 508 826 defendit
531 792 934 836 Pythagoraeorumque
966 792 1180 827 sententiam
1211 793 1377 828 refellere
1412 793 1535 829 studet
1569 795 1606 830 in
1636 795 1742 841 libro,
1778 807 1870 831 anno
1901 796 1993 831 1530

205 849 298 884 edito
326 849 398 892 (De
423 851 460 885 Za
484 851 583 894 sfera
614 851 670 886 del
694 852 871 895 Mondo),
905 852 1024 895 magni
1057 851 1143 886 facit
1178 852 1433 887 Sacrobustum
1466 853 1617 896 ejusque
1648 854 1851 899 Sphaeram
1887 854 1994 889 inter-

202 912 376 951 pretatur.
415 908 605 943 Stellarum
633 910 887 953 magnitudinis
913 910 1089 944 rationem
1114 909 1206 944 hanc
1231 909 1359 944 refert:
1387 910 1447 945 Sol
1466 911 1612 945 Terram
1638 911 1871 956 amplitudine
1888 913 1997 948 vincit

204 965 336 1000 centies
370 966 532 1010 sexagies
566 967 699 1011 sexies,
729 968 864 1002 'stellae
895 967 988 1002 fixae
1022 968 1274 1011 magnitudinis
1306 968 1442 1012 primae
1474 969 1608 1004 centies
1643 970 1759 1005 decies
1794 971 1995 1015 quinquies,

204 1022 347 1067 Jupiter
372 1023 477 1068 91522,
506 1025 680 1060 Saturnus
699 1027 753 1070 95,
781 1025 905 1060 stellae
931 1036 1050 1070 magn.
1075 1025 1254 1060 secundae
1272 1026 1376 1070 Sssiefl,
1403 1026 1531 1061 tertiae
1548 1027 1603 1068 72,
1629 1032 1778 1072 quartae
1804 1030 1888 1064 5οῐΕΞ
1915 1033 1994 1073 616.;

204 1081 302 1116 Mars
320 1082 561 1125 magnitudine
580 1094 645 1117 sua
663 1082 810 1119 Terram
828 1084 882 1118 bis
901 1089 1059 1128 superat,
1083 1085 1206 1120 Venus
1232 1084 1346 1118 minor
1371 1089 1426 1119 est
1444 1085 1554 1119 Terra
1578 1085 1697 1120 tricies
1722 1086 1866 1131 septies,
1891 1086 1996 1121 Luna

206 1139 306 1183 39¹⁶&
333 1139 533 1174 Mercurius
552 1141 699 1177 314312-2.
740 1142 866 1176 Testes
885 1142 1009 1176 harum
1029 1142 1205 1177 rationum
1224 1143 1415 1178 laudantur
1433 1144 1570 1187 priores
1597 1145 1803 1187 astronomi,
1831 1155 1897 1179 1166
1922 1155 1994 1179 11011

203 1198 345 1232 Dante
369 1199 404 1232 in
429 1202 594 1242 poemate
621 1199 738 1234 divina
757 1200 925 1235 comedia.
961 1202 1140 1236 Distantia
1167 1201 1299 1236 Terrae
1318 1212 1338 1235 a
1355 1202 1457 1236 Luna
1481 1202 1647 1246 proditur
1665 1203 1800 1239 160427
1819 1203 1994 1247 milliaria,

204 1266 224 1289 a
249 1255 427 1291 Mercurio
462 1258 615 1302 316528,
653 1269 674 1293 a
704 1259 844 1293 Venere
876 1259 1033 1302 831826,
1069 1270 1090 1294 a
1125 1258 1208 1294 Sole
1234 1260 1408 1301 6058289,
1448 1271 1469 1294 a
1493 1261 1611 1295 Marte
1645 1261 1823 1304 6108409,
1859 1271 1880 1295 a
1903 1260 1994 1295 Jove

204 1315 398 1360 44472625,
424 1326 444 1350 a
470 1316 623 1352 Saturno
650 1318 846 1353 72178444.
891 1319 1108 1363 Comparans
1135 1318 1371 1362 quantitatem
1396 1323 1513 1353 terrae
1547 1322 1582 1352 et
1607 1329 1721 1363 aquae
1745 1319 1781 1353 111
1807 1319 1998 1364 superficie

203 1377 347 1408 terrena
380 1373 503 1418 logicis
536 1375 695 1411 artificiis
728 1376 890 1418 deducit,
936 1377 1170 1421 quantitatem
1209 1386 1324 1420 aquae
1354 1376 1526 1410 minorem
1561 1387 1639 1411 esse
1678 1378 1895 1413 continente.
1956 1377 1998 1411 In

207 1430 434 1476 designandis
453 1432 605 1468 fixarum
623 1434 957 1470 constellationibus
977 1434 1195 1478 singularem
1221 1434 1367 1469 exhibet
1384 1435 1569 1476 rationem,
1595 1434 1807 1470 Baierianae
1833 1434 1996 1479 similem,

206 1490 315 1524 cuivis
342 1490 434 1525 fixae
459 1490 598 1526 literam
624 1502 809 1536 apponens
837 1493 955 1536 (Delle
981 1493 1088 1528 Stelze
1111 1494 1204 1536 fisse.
1232 1493 1340 1536 1570).
1369 1512 1411 1517 —

345 1548 499 1593 Physica
517 1550 691 1593 quaedam
711 1555 746 1584 et
762 1551 969 1586 mechanica
996 1550 1219 1586 theoremata
1244 1554 1280 1586 et
1300 1550 1524 1594 problemata
1541 1551 1712 1595 proponit
1728 1554 1836 1595 poeta
1855 1551 1999 1595 quidam

204 1604 386 1641 laureatus
413 1607 655 1651 Coloniensis‚
691 1608 927 1643 Johannes
962 1608 1213 1643 Taisnerus
1246 1610 1337 1652 (nat.
1367 1610 1502 1654 1509),
1537 1610 1596 1653 qui
1633 1620 1761 1652 magna
1795 1610 1999 1654 arrogantia

203 1668 237 1698 et
260 1664 481 1708 impudentia
498 1664 647 1700 aliorum
667 1666 801 1710 scripta
825 1668 861 1701 in
880 1677 982 1701 suum
1000 1677 1103 1701 usum
1121 1666 1236 1702 vertit.
1272 1667 1313 1700 In
1332 1666 1423 1701 libro
1444 1668 1519 1709 „De
1537 1668 1728 1711 Magnete“
1749 1668 1864 1711 (1562)
1891 1678 2000 1712 quae-

202 1722 282 1756 dam
309 1723 497 1768 descripsit
522 1735 566 1758 ex
591 1724 682 1760 libro
708 1725 835 1760 Petri
860 1726 1106 1770 Peregrini
1131 1725 1403 1761 Maricurtensis
1430 1726 1507 1770 (cfr.
1535 1726 1604 1761 vol,
1630 1726 1675 1760 ΙΙ.
1701 1738 1736 1771 p.
1764 1726 1863 1771 639),
1893 1736 1998 1770 quem

205 1780 364 1815 ediderat
391 1781 602 1818 Achilles
629 1783 859 1819 Gasserus
885 1785 1020 1828 (1558),
1055 1785 1090 1818 111
1116 1795 1186 1828 quo
1214 1784 1310 1818 haud
1336 1784 1444 1829 plane
1471 1786 1608 1820 absona
1634 1783 1678 1819 de
1703 1789 1832 1819 natura
1855 1795 1999 1828 magne-

207 1837 264 1884 tis,
291 1839 334 1874 de
360 1840 499 1876 ratione
524 1841 627 1885 polos
654 1841 749 1876 illius
776 1842 980 1877 inveniendi
1006 1847 1073 1878 etc.
1102 1841 1415 1887 deprehendimus.
1468 1842 1663 1877 Contendit
1688 1847 1831 1887 auctor,
1860 1853 1880 1877 a
1905 1842 1999 1886 polis

205 1899 326 1933 mundi
351 1900 453 1943 polos
480 1900 654 1944 magnetis
680 1901 849 1936 virtutem
874 1902 1044 1947 recipere,
1073 1902 1250 1938 construit
1275 1901 1553 1936 instrumentum
1580 1912 1651 1945 quo
1682 1902 1815 1943 „scitur
1841 1901 1999 1936 azimuth

205 1956 310 2002 Solis,
338 1958 462 1992 Lunae
490 1963 525 1993 61
550 1959 745 2002 cujuslibet
771 1960 897 1995 stellae
923 1961 958 1995 in
983 1961 1217 1998 H01·izonte“.
1266 1960 1374 1995 Aliud
1399 1960 1679 1994 instrumentum
1712 1959 1757 1994 ad
1782 1963 1999 2004 perpetuum

204 2019 338 2048 motum
363 2016 591 2051 excitandum
616 2017 803 2062 describit,
840 2018 938 2053 nullo
964 2020 1069 2054 modo
1104 2019 1294 2055 laudabile.
1345 2019 1539 2053 Taisnerus
1565 2017 1656 2052 haec
1686 2018 1924 2053 instrumenta
1948 2017 1999 2051 in—

211 2072 291 2107 ania
318 2074 389 2108 suis
416 2074 553 2110 scilicet
578 2075 745 2112 laudibus
776 2076 965 2122 extollens,
991 2078 1106 2112 addit:
1143 2078 1193 2120 „si
1219 2078 1337 2112 minus
1364 2088 1408 2111 ex
1434 2076 1539 2110 animi
1566 2076 1748 2111 sententia
1773 2075 1998 2122 successerit,

206 2131 241 2165 id
266 2143 337 2166 non
363 2133 441 2178 arti,
468 2133 530 2168 sed
555 2135 717 2179 ignaviae
744 2140 779 2170 et
804 2140 888 2170 tuae
914 2136 1153 2181 negligentiae
1178 2135 1426 2180 imputandum
1455 2135 1555 2170 erit.“
1608 2134 1701 2169 Dein
1727 2133 1881 2168 affirmat
1899 2133 1998 2168 Tais-

205 2199 328 2235 nerus,
362 2190 637 2235 disputationem
670 2194 713 2228 ab
745 2195 823 2238 ipso
856 2194 1015 2229 habitam
1049 2194 1159 2229 fuisse
1193 2194 1400 2228 Florentiae
1433 2193 1475 2227 de
1500 2191 1705 2226 Aristotelis
1732 2191 1912 2226 erroribus
1946 2191 1997 2225 111-

208 2247 323 2291 deque
354 2250 530 2293 prodiisse
556 2255 747 2286 tractatum
772 2253 816 2287 ab
843 2254 921 2297 ipso
940 2252 1072 2287 editum
1095 2253 1138 2286 de
1163 2251 1453 2296 proportionibus
1473 2256 1635 2285 motuum
1652 2250 1831 2285 localium.
1865 2250 1901 2284 Si
1920 2249 2000 2294 quis

208 2311 326 2341 autem
351 2307 446 2342 hunc
473 2311 664 2343 tractatum
690 2311 894 2345 accuratius
920 2311 1129 2354 inspexerit,
1158 2311 1189 2344 ei
1215 2309 1421 2354 apparebit,
1458 2308 1677 2352 descriptum
1713 2318 1793 2343 esse
1818 2317 1837 2342 e
1863 2308 1998 2342 Bene-

208 2364 320 2399 dicti
345 2366 665 2410 speculationibus.
716 2370 925 2404 Tractatum
962 2369 1069 2403 alium
1110 2368 1153 2402 de
1177 2367 1278 2402 fluxu
1304 2372 1339 2402 et
1364 2366 1504 2402 refluxu
1540 2367 1647 2401 maris
1685 2366 1777 2400 idem
1805 2367 1998 2400 Taisnerus

205 2422 363 2458 vindicat
389 2435 513 2469 suum,
539 2430 576 2460 at
602 2426 638 2461 in
663 2427 731 2462 hoc
758 2438 900 2472 quoque
926 2427 1042 2462 furem
1068 2438 1106 2461 se
1133 2426 1297 2471 exhibet,
1331 2425 1427 2459 Frid.
1454 2423 1625 2468 Delphini
1650 2424 1794 2468 (Medici
1819 2429 1854 2459 et
1880 2424 1997 2468 philo-

207 2481 312 2526 sophi
342 2483 479 2528 Veneti)
516 2483 658 2528 longam
693 2486 735 2520 de
768 2485 892 2520 eadem
918 2496 955 2520 re
982 2485 1266 2528 disquisitionem
1293 2484 1408 2527 (1559)
1445 2493 1654 2527 excerpens.
1712 2483 1833 2517 Pauca
1863 2482 1900 2517 in
1932 2482 1999 2517 hac

208 2538 465 2584 disquisitione,
491 2552 583 2586 quae
608 2542 679 2578 sint
703 2555 795 2578 nova
812 2549 875 2579 aut
899 2544 1073 2587 graviora,
1102 2541 1415 2587 deprehendimus,
1440 2541 1476 2574 in
1495 2540 1602 2575 rebus
1621 2541 1882 2576 mathematicis
1900 2552 1997 2585 pror-

208 2607 270 2631 sus
297 2599 498 2634 caecutiens
517 2605 643 2636 auctor
661 2612 712 2647 ea,
740 2613 832 2645 quae
858 2603 936 2646 ipse
961 2603 1215 2637 observaverat
1240 2606 1300 2634 aut
1326 2600 1451 2634 auditu
1469 2603 1668 2643 acceperat,
1695 2600 1831 2635 miscet.
1875 2599 1999 2634 Sacron

207 2654 305 2690 bosci
332 2657 527 2702 sphaeram
554 2659 680 2704 (1559)
707 2665 742 2695 61
768 2661 937 2695 Gemmae
962 2660 1070 2694 Frisii
1103 2659 1273 2694 annulum
1309 2657 1586 2694 astronomicum
1620 2658 1737 2702 (1560)
1771 2657 1999 2701 transcripsit

217 2785 290 2816 dem
318 2788 352 2817 in
379 2788 486 2819 locum
512 2794 693 2831 equestrem
719 2795 889 2832 promotus
915 2794 946 2822 et
971 2800 1077 2822 comes
1103 2791 1276 2832 palatinus
1303 2789 1494 2828 designatus
1521 2792 1580 2822 est⁴
1619 2788 1713 2819 Anno
1735 2789 1837 2820 1551,
1863 2787 1997 2828 Lipsiae

215 2841 338 2863 munus
371 2837 515 2876 suscepit
546 2838 729 2869 matheseos
763 2838 957 2878 professoris
990 2840 1104 2879 ibique
1137 2841 1282 2867 mortuus
1319 2840 1367 2866 est
1400 2845 1488 2866 anno
1517 2837 1619 2868 1562.
1670 2835 1832 2865 Peucerus
1864 2835 1924 2865 1106
1959 2835 1997 2863 de

214 2879 402 2911 Hommelio
429 2883 489 2912 seit
511 2883 694 2921 judicium:
735 2895 970 2926 „conceperam
997 2894 1087 2926 spem
1114 2894 1271 2914 summam
1304 2884 1401 2912 etiam
1434 2883 1472 2911 de
1499 2883 1703 2921 Hommelio,
1737 2890 1833 2922 quem
1865 2881 1997 2918 iugenio

214 2935 287 2955 cum
314 2927 470 2969 Rhetico,
498 2929 671 2968 diligentia
697 2941 769 2963 cum
794 2931 948 2969 Erasmo,
977 2933 1124 2963 doctrina
1150 2941 1223 2961 611111
1249 2934 1390 2970 utroque
1418 2929 1670 2970 conferendum,
1695 2931 1831 2968 propter
1856 2931 1997 2958 aetatem

214 2973 311 3002 tertio
337 2974 408 3003 loco
437 2974 595 3007 colloco.“

347 3018 375 3056 ⁸)
401 3020 502 3051 Natus
530 3026 578 3052 est
603 3032 619 3052 e
639 3023 744 3054 nobili
768 3034 885 3063 genere
908 3026 1111 3063 Bambergae
1137 3034 1221 3055 anno
1251 3023 1352 3062 1500,
1377 3030 1524 3059 graecam
1550 3024 1581 3052 et
1596 3020 1737 3051 latinam
1756 3021 1899 3058 linguam
1917 3030 1996 3061 pro-

210 3062 364 3095 fitebatur
389 3065 579 3109 Tubingae,
613 3072 690 3109 post
719 3071 871 3113 Lipsiae,
904 3073 963 3102 ubi
988 3075 1134 3102 mortuus
1170 3074 1218 3102 est
1243 3079 1328 3100 anno
1357 3068 1466 3109 1574;
1501 3068 1677 3099 Homelius
1710 3076 1808 3106 gener
1839 3071 1906 3098 erat
1931 3065 1995 3097 Ca·-

211 3121 353 3146 merarii.
