<?xml version="1.0" encoding="UTF-8"?>
<!DOCTYPE html PUBLIC "-//W3C//DTD XHTML 1.0 Transitional//EN"
    "http://www.w3.org/TR/xhtml1/DTD/xhtml1-transitional.dtd">
<html xmlns="http://www.w3.org/1999/xhtml" xml:lang="en" lang="en">
 <head>
  <title>
</title>
<meta http-equiv="Content-Type" content="text/html;charset=utf-8" />
  <meta name='ocr-system' content='tesseract 3.04.00' />
  <meta name='ocr-capabilities' content='ocr_page ocr_carea ocr_par ocr_line ocrx_word'/>
</head>
<body>
  <div class='ocr_page' id='page_1' title='image "./p2operaomniaedid08kepluoft_0435.png"; bbox 0 0 2126 3388; ppageno 0'>
   <div class='ocr_carea' id='block_1_1' title="bbox 654 229 1899 276">
    <p class='ocr_par' dir='ltr' id='par_1_1' title="bbox 654 229 1899 276">
     <span class='ocr_line' id='line_1_1' title="bbox 654 229 1899 276; baseline 0.006 -12"><span class='ocrx_word' id='word_1_1' title='bbox 654 230 708 266; x_wconf 90' lang='lat' dir='ltr'>De</span> <span class='ocrx_word' id='word_1_2' title='bbox 732 229 855 266; x_wconf 88' lang='lat' dir='ltr'>amicis</span> <span class='ocrx_word' id='word_1_3' title='bbox 881 233 917 265; x_wconf 87' lang='lat' dir='ltr'>ct</span> <span class='ocrx_word' id='word_1_4' title='bbox 942 229 1142 267; x_wconf 81' lang='lat' dir='ltr'><strong>fautoribus</strong></span> <span class='ocrx_word' id='word_1_5' title='bbox 1168 231 1329 276; x_wconf 85' lang='lat' dir='ltr'>Keplcri.</span> <span class='ocrx_word' id='word_1_6' title='bbox 1815 232 1899 276; x_wconf 82' lang='grc'>981</span> 
     </span>
    </p>
   </div>
   <div class='ocr_carea' id='block_1_2' title="bbox 95 348 1904 3256">
    <p class='ocr_par' dir='ltr' id='par_1_2' title="bbox 99 348 1901 1099">
     <span class='ocr_line' id='line_1_2' title="bbox 100 348 1900 402; baseline 0.001 -13"><span class='ocrx_word' id='word_1_7' title='bbox 100 352 203 389; x_wconf 91' lang='lat' dir='ltr'>tione</span> <span class='ocrx_word' id='word_1_8' title='bbox 235 349 435 402; x_wconf 84' lang='lat' dir='ltr'><strong>respondit</strong></span> <span class='ocrx_word' id='word_1_9' title='bbox 467 354 504 388; x_wconf 90' lang='lat' dir='ltr'>et</span> <span class='ocrx_word' id='word_1_10' title='bbox 535 361 611 388; x_wconf 89' lang='lat' dir='ltr'>non</span> <span class='ocrx_word' id='word_1_11' title='bbox 643 348 759 387; x_wconf 87' lang='lat' dir='ltr'>modo</span> <span class='ocrx_word' id='word_1_12' title='bbox 792 350 828 385; x_wconf 92' lang='lat' dir='ltr'>in</span> <span class='ocrx_word' id='word_1_13' title='bbox 861 348 1073 387; x_wconf 85' lang='lat' dir='ltr'>refellendo</span> <span class='ocrx_word' id='word_1_14' title='bbox 1106 348 1329 388; x_wconf 85' lang='lat' dir='ltr'>adversario</span> <span class='ocrx_word' id='word_1_15' title='bbox 1362 350 1483 389; x_wconf 89' lang='lat' dir='ltr'>multo</span> <span class='ocrx_word' id='word_1_16' title='bbox 1505 351 1683 390; x_wconf 79' lang='lat' dir='ltr'>inferiore</span> <span class='ocrx_word' id='word_1_17' title='bbox 1706 354 1900 401; x_wconf 83' lang='lat' dir='ltr'>egregiam</span> 
     </span>
     <span class='ocr_line' id='line_1_3' title="bbox 100 407 1900 458; baseline 0.001 -10"><span class='ocrx_word' id='word_1_18' title='bbox 100 411 221 448; x_wconf 84' lang='lat' dir='ltr'>animi·</span> <span class='ocrx_word' id='word_1_19' title='bbox 250 411 423 447; x_wconf 88' lang='lat' dir='ltr'>servavit</span> <span class='ocrx_word' id='word_1_20' title='bbox 455 408 786 457; x_wconf 79' lang='lat' dir='ltr'>tranquillitatem,</span> <span class='ocrx_word' id='word_1_21' title='bbox 821 407 888 445; x_wconf 88' lang='lat' dir='ltr'>sed</span> <span class='ocrx_word' id='word_1_22' title='bbox 921 409 1037 445; x_wconf 87' lang='lat' dir='ltr'>etiam</span> <span class='ocrx_word' id='word_1_23' title='bbox 1058 408 1233 458; x_wconf 86' lang='lat' dir='ltr'>pluribus</span> <span class='ocrx_word' id='word_1_24' title='bbox 1257 410 1513 458; x_wconf 83' lang='lat' dir='ltr'>cogitationes</span> <span class='ocrx_word' id='word_1_25' title='bbox 1546 422 1637 448; x_wconf 85' lang='lat' dir='ltr'>suas</span> <span class='ocrx_word' id='word_1_26' title='bbox 1671 416 1709 449; x_wconf 89' lang='lat' dir='ltr'>et</span> <span class='ocrx_word' id='word_1_27' title='bbox 1729 412 1900 449; x_wconf 86' lang='lat' dir='ltr'>rationes</span> 
     </span>
     <span class='ocr_line' id='line_1_4' title="bbox 100 465 1900 518; baseline 0.002 -15"><span class='ocrx_word' id='word_1_28' title='bbox 100 467 322 516; x_wconf 76' lang='lat' dir='ltr'>explicavit,</span> <span class='ocrx_word' id='word_1_29' title='bbox 356 479 379 505; x_wconf 90' lang='lat' dir='ltr'>a</span> <span class='ocrx_word' id='word_1_30' title='bbox 403 467 715 515; x_wconf 86' lang='lat' dir='ltr'>Longomontani</span> <span class='ocrx_word' id='word_1_31' title='bbox 742 465 891 515; x_wconf 87' lang='lat' dir='ltr'>judicio</span> <span class='ocrx_word' id='word_1_32' title='bbox 912 465 1027 514; x_wconf 87' lang='lat' dir='ltr'>longe</span> <span class='ocrx_word' id='word_1_33' title='bbox 1049 472 1229 514; x_wconf 85' lang='lat' dir='ltr'>remotas,</span> <span class='ocrx_word' id='word_1_34' title='bbox 1264 479 1363 516; x_wconf 88' lang='lat' dir='ltr'>quac</span> <span class='ocrx_word' id='word_1_35' title='bbox 1396 468 1482 505; x_wconf 86' lang='lat' dir='ltr'>aliis</span> <span class='ocrx_word' id='word_1_36' title='bbox 1515 468 1748 516; x_wconf 89' lang='lat' dir='ltr'>hominibus,</span> <span class='ocrx_word' id='word_1_37' title='bbox 1782 481 1900 518; x_wconf 89' lang='lat' dir='ltr'>quam</span> 
     </span>
     <span class='ocr_line' id='line_1_5' title="bbox 100 524 1900 577; baseline 0.002 -15"><span class='ocrx_word' id='word_1_38' title='bbox 100 528 165 575; x_wconf 91' lang='lat' dir='ltr'>qui</span> <span class='ocrx_word' id='word_1_39' title='bbox 199 526 272 572; x_wconf 92' lang='lat' dir='ltr'>hic,</span> <span class='ocrx_word' id='word_1_40' title='bbox 308 525 593 575; x_wconf 73' lang='lat' dir='ltr'>„do1nestieus“</span> <span class='ocrx_word' id='word_1_41' title='bbox 629 524 824 573; x_wconf 87' lang='lat' dir='ltr'>quondam</span> <span class='ocrx_word' id='word_1_42' title='bbox 852 524 1060 574; x_wconf 88' lang='lat' dir='ltr'>Tychonis‚</span> <span class='ocrx_word' id='word_1_43' title='bbox 1096 529 1133 561; x_wconf 85' lang='lat' dir='ltr'>ct</span> <span class='ocrx_word' id='word_1_44' title='bbox 1165 524 1350 562; x_wconf 85' lang='lat' dir='ltr'>haeredes</span> <span class='ocrx_word' id='word_1_45' title='bbox 1384 532 1491 564; x_wconf 89' lang='lat' dir='ltr'>erant</span> <span class='ocrx_word' id='word_1_46' title='bbox 1523 525 1701 577; x_wconf 90' lang='lat' dir='ltr'>(quorum</span> <span class='ocrx_word' id='word_1_47' title='bbox 1733 528 1830 565; x_wconf 83' lang='lat' dir='ltr'>forte</span> <span class='ocrx_word' id='word_1_48' title='bbox 1863 532 1900 566; x_wconf 87' lang='lat' dir='ltr'>et</span> 
     </span>
     <span class='ocr_line' id='line_1_6' title="bbox 100 582 1898 634; baseline 0.001 -12"><span class='ocrx_word' id='word_1_49' title='bbox 100 596 218 622; x_wconf 84' lang='lat' dir='ltr'>causa</span> <span class='ocrx_word' id='word_1_50' title='bbox 249 590 285 622; x_wconf 90' lang='lat' dir='ltr'>et</span> <span class='ocrx_word' id='word_1_51' title='bbox 318 585 470 621; x_wconf 89' lang='lat' dir='ltr'>nomine</span> <span class='ocrx_word' id='word_1_52' title='bbox 494 582 672 634; x_wconf 78' lang='lat' dir='ltr'>scripsit),</span> <span class='ocrx_word' id='word_1_53' title='bbox 706 594 781 620; x_wconf 91' lang='lat' dir='ltr'>non</span> <span class='ocrx_word' id='word_1_54' title='bbox 814 582 938 619; x_wconf 91' lang='lat' dir='ltr'>solum</span> <span class='ocrx_word' id='word_1_55' title='bbox 971 582 1017 619; x_wconf 86' lang='lat' dir='ltr'>dc</span> <span class='ocrx_word' id='word_1_56' title='bbox 1050 583 1218 619; x_wconf 86' lang='lat' dir='ltr'>maxima</span> <span class='ocrx_word' id='word_1_57' title='bbox 1239 583 1397 633; x_wconf 84' lang='lat' dir='ltr'>Kepleri</span> <span class='ocrx_word' id='word_1_58' title='bbox 1431 584 1645 622; x_wconf 87' lang='lat' dir='ltr'>studiorum</span> <span class='ocrx_word' id='word_1_59' title='bbox 1678 586 1898 624; x_wconf 81' lang='lat' dir='ltr'>sinceritate</span> 
     </span>
     <span class='ocr_line' id='line_1_7' title="bbox 100 640 1900 692; baseline 0.001 -12"><span class='ocrx_word' id='word_1_60' title='bbox 100 643 262 691; x_wconf 88' lang='lat' dir='ltr'>ejusque</span> <span class='ocrx_word' id='word_1_61' title='bbox 295 642 535 679; x_wconf 83' lang='lat' dir='ltr'>humanitate</span> <span class='ocrx_word' id='word_1_62' title='bbox 567 641 856 690; x_wconf 82' lang='lat' dir='ltr'>persuaderent,</span> <span class='ocrx_word' id='word_1_63' title='bbox 889 640 1094 678; x_wconf 88' lang='lat' dir='ltr'>sedetiam</span> <span class='ocrx_word' id='word_1_64' title='bbox 1117 652 1266 678; x_wconf 90' lang='lat' dir='ltr'>summa</span> <span class='ocrx_word' id='word_1_65' title='bbox 1298 641 1414 690; x_wconf 89' lang='lat' dir='ltr'>hujus</span> <span class='ocrx_word' id='word_1_66' title='bbox 1447 644 1602 681; x_wconf 88' lang='lat' dir='ltr'>maximi</span> <span class='ocrx_word' id='word_1_67' title='bbox 1635 646 1779 692; x_wconf 82' lang='lat' dir='ltr'>ingenii</span> <span class='ocrx_word' id='word_1_68' title='bbox 1812 644 1900 682; x_wconf 86' lang='lat' dir='ltr'>affi-</span> 
     </span>
     <span class='ocr_line' id='line_1_8' title="bbox 100 698 1899 751; baseline 0.002 -14"><span class='ocrx_word' id='word_1_69' title='bbox 100 706 229 738; x_wconf 89' lang='lat' dir='ltr'>cerent</span> <span class='ocrx_word' id='word_1_70' title='bbox 252 699 519 739; x_wconf 82' lang='lat' dir='ltr'>admiratione.</span> <span class='ocrx_word' id='word_1_71' title='bbox 563 699 779 748; x_wconf 79' lang='lat' dir='ltr'>Responsio</span> <span class='ocrx_word' id='word_1_72' title='bbox 802 699 960 748; x_wconf 83' lang='lat' dir='ltr'>Kepleri</span> <span class='ocrx_word' id='word_1_73' title='bbox 993 699 1145 747; x_wconf 83' lang='lat' dir='ltr'>legatur</span> <span class='ocrx_word' id='word_1_74' title='bbox 1176 698 1254 738; x_wconf 85' lang='lat' dir='ltr'>vol.</span> <span class='ocrx_word' id='word_1_75' title='bbox 1279 699 1350 739; x_wconf 83' lang='grc' dir='ltr'>ΙΙΙ,</span> <span class='ocrx_word' id='word_1_76' title='bbox 1383 713 1418 750; x_wconf 86' lang='lat' dir='ltr'>p.</span> <span class='ocrx_word' id='word_1_77' title='bbox 1444 703 1495 738; x_wconf 76' lang='lat'>32</span> <span class='ocrx_word' id='word_1_78' title='bbox 1519 713 1584 748; x_wconf 89' lang='lat' dir='ltr'>ss.,</span> <span class='ocrx_word' id='word_1_79' title='bbox 1618 703 1678 739; x_wconf 91' lang='lat' dir='ltr'>cui</span> <span class='ocrx_word' id='word_1_80' title='bbox 1711 702 1899 751; x_wconf 88' lang='lat' dir='ltr'>epistolae</span> 
     </span>
     <span class='ocr_line' id='line_1_9' title="bbox 99 757 1900 810; baseline 0.001 -14"><span class='ocrx_word' id='word_1_81' title='bbox 99 771 122 796; x_wconf 90' lang='lat' dir='ltr'>a</span> <span class='ocrx_word' id='word_1_82' title='bbox 143 759 463 807; x_wconf 82' lang='lat' dir='ltr'>Longomontauo</span> <span class='ocrx_word' id='word_1_83' title='bbox 497 769 597 794; x_wconf 86' lang='lat' dir='ltr'>anno</span> <span class='ocrx_word' id='word_1_84' title='bbox 622 757 774 795; x_wconf 87' lang='lat' dir='ltr'>demum</span> <span class='ocrx_word' id='word_1_85' title='bbox 804 759 922 796; x_wconf 85' lang='grc'>1610,</span> <span class='ocrx_word' id='word_1_86' title='bbox 947 768 1172 806; x_wconf 87' lang='lat' dir='ltr'>responsum</span> <span class='ocrx_word' id='word_1_87' title='bbox 1195 763 1275 805; x_wconf 83' lang='lat' dir='ltr'>est3</span> <span class='ocrx_word' id='word_1_88' title='bbox 1310 769 1432 807; x_wconf 87' lang='lat' dir='ltr'>usque</span> <span class='ocrx_word' id='word_1_89' title='bbox 1454 758 1503 796; x_wconf 88' lang='lat' dir='ltr'>ad</span> <span class='ocrx_word' id='word_1_90' title='bbox 1526 759 1564 796; x_wconf 89' lang='lat' dir='ltr'>id</span> <span class='ocrx_word' id='word_1_91' title='bbox 1586 766 1737 810; x_wconf 89' lang='lat' dir='ltr'>tempus</span> <span class='ocrx_word' id='word_1_92' title='bbox 1759 772 1799 798; x_wconf 91' lang='lat' dir='ltr'>se</span> <span class='ocrx_word' id='word_1_93' title='bbox 1821 772 1900 798; x_wconf 89' lang='lat' dir='ltr'>non</span> 
     </span>
     <span class='ocr_line' id='line_1_10' title="bbox 101 811 1901 866; baseline 0.002 -12"><span class='ocrx_word' id='word_1_94' title='bbox 101 816 347 866; x_wconf 88' lang='lat' dir='ltr'>respondisse</span> <span class='ocrx_word' id='word_1_95' title='bbox 379 815 530 863; x_wconf 87' lang='lat' dir='ltr'>scribit,</span> <span class='ocrx_word' id='word_1_96' title='bbox 575 815 705 864; x_wconf 82' lang='lat' dir='ltr'>„quod</span> <span class='ocrx_word' id='word_1_97' title='bbox 738 815 932 864; x_wconf 84' lang='lat' dir='ltr'>peculiare</span> <span class='ocrx_word' id='word_1_98' title='bbox 984 811 1079 853; x_wconf 90' lang='lat' dir='ltr'>nihil</span> <span class='ocrx_word' id='word_1_99' title='bbox 1123 815 1373 854; x_wconf 77' lang='lat' dir='ltr'>continebant</span> <span class='ocrx_word' id='word_1_100' title='bbox 1414 821 1564 866; x_wconf 89' lang='lat' dir='ltr'>praeter</span> <span class='ocrx_word' id='word_1_101' title='bbox 1610 820 1901 857; x_wconf 87' lang='lat' dir='ltr'>excusationem</span> 
     </span>
     <span class='ocr_line' id='line_1_11' title="bbox 101 873 1901 925; baseline 0.001 -12"><span class='ocrx_word' id='word_1_102' title='bbox 101 877 249 913; x_wconf 49' lang='lat' dir='ltr'>tuamss.</span> <span class='ocrx_word' id='word_1_103' title='bbox 294 874 472 912; x_wconf 84' lang='lat' dir='ltr'>Ceterum</span> <span class='ocrx_word' id='word_1_104' title='bbox 505 885 661 924; x_wconf 88' lang='lat' dir='ltr'>prorsus</span> <span class='ocrx_word' id='word_1_105' title='bbox 693 873 811 910; x_wconf 88' lang='lat' dir='ltr'>alium</span> <span class='ocrx_word' id='word_1_106' title='bbox 844 885 888 910; x_wconf 88' lang='lat' dir='ltr'>ac</span> <span class='ocrx_word' id='word_1_107' title='bbox 920 878 1035 910; x_wconf 85' lang='lat' dir='ltr'>antea</span> <span class='ocrx_word' id='word_1_108' title='bbox 1068 884 1108 910; x_wconf 89' lang='lat' dir='ltr'>se</span> <span class='ocrx_word' id='word_1_109' title='bbox 1132 874 1292 922; x_wconf 86' lang='lat' dir='ltr'>praebet</span> <span class='ocrx_word' id='word_1_110' title='bbox 1315 875 1464 923; x_wconf 87' lang='lat' dir='ltr'>etquid</span> <span class='ocrx_word' id='word_1_111' title='bbox 1488 875 1678 925; x_wconf 89' lang='lat' dir='ltr'>Keplerus</span> <span class='ocrx_word' id='word_1_112' title='bbox 1704 876 1749 915; x_wconf 89' lang='lat' dir='ltr'>de</span> <span class='ocrx_word' id='word_1_113' title='bbox 1773 882 1901 915; x_wconf 88' lang='lat' dir='ltr'>astro-</span> 
     </span>
     <span class='ocr_line' id='line_1_12' title="bbox 100 931 1901 983; baseline 0.002 -14"><span class='ocrx_word' id='word_1_114' title='bbox 100 935 231 971; x_wconf 87' lang='lat' dir='ltr'>nomia</span> <span class='ocrx_word' id='word_1_115' title='bbox 263 933 406 982; x_wconf 88' lang='lat' dir='ltr'>optime</span> <span class='ocrx_word' id='word_1_116' title='bbox 439 933 630 978; x_wconf 89' lang='lat' dir='ltr'>meruerit,</span> <span class='ocrx_word' id='word_1_117' title='bbox 664 931 930 969; x_wconf 86' lang='lat' dir='ltr'>lubentissime</span> <span class='ocrx_word' id='word_1_118' title='bbox 963 931 1177 968; x_wconf 87' lang='lat' dir='ltr'>confitetur.</span> <span class='ocrx_word' id='word_1_119' title='bbox 1240 932 1298 969; x_wconf 83' lang='lat' dir='ltr'>De</span> <span class='ocrx_word' id='word_1_120' title='bbox 1330 932 1567 971; x_wconf 82' lang='lat' dir='ltr'>Academiae</span> <span class='ocrx_word' id='word_1_121' title='bbox 1598 934 1805 983; x_wconf 86' lang='lat' dir='ltr'>Pragensis</span> <span class='ocrx_word' id='word_1_122' title='bbox 1838 948 1901 973; x_wconf 87' lang='lat' dir='ltr'>re-</span> 
     </span>
     <span class='ocr_line' id='line_1_13' title="bbox 100 990 1899 1042; baseline 0.001 -13"><span class='ocrx_word' id='word_1_123' title='bbox 100 993 299 1029; x_wconf 81' lang='lat' dir='ltr'>stitutione</span> <span class='ocrx_word' id='word_1_124' title='bbox 331 1002 416 1028; x_wconf 85' lang='lat' dir='ltr'>sese</span> <span class='ocrx_word' id='word_1_125' title='bbox 450 991 684 1039; x_wconf 84' lang='lat' dir='ltr'>comperisse</span> <span class='ocrx_word' id='word_1_126' title='bbox 717 991 849 1027; x_wconf 89' lang='lat' dir='ltr'>scribit</span> <span class='ocrx_word' id='word_1_127' title='bbox 879 990 1033 1038; x_wconf 86' lang='lat' dir='ltr'>sibique</span> <span class='ocrx_word' id='word_1_128' title='bbox 1065 991 1274 1026; x_wconf 86' lang='lat' dir='ltr'>maximum</span> <span class='ocrx_word' id='word_1_129' title='bbox 1308 990 1477 1028; x_wconf 77' lang='lat' dir='ltr'>futurum</span> <span class='ocrx_word' id='word_1_130' title='bbox 1511 1004 1595 1030; x_wconf 91' lang='lat' dir='ltr'>esse</span> <span class='ocrx_word' id='word_1_131' title='bbox 1627 993 1834 1042; x_wconf 83' lang='lat' dir='ltr'>gaudium,</span> <span class='ocrx_word' id='word_1_132' title='bbox 1868 995 1899 1031; x_wconf 89' lang='lat' dir='ltr'>si</span> 
     </span>
     <span class='ocr_line' id='line_1_14' title="bbox 99 1048 1163 1099; baseline -0.002 -12"><span class='ocrx_word' id='word_1_133' title='bbox 99 1050 178 1087; x_wconf 87' lang='lat' dir='ltr'>illic</span> <span class='ocrx_word' id='word_1_134' title='bbox 208 1048 377 1099; x_wconf 87' lang='lat' dir='ltr'>Keplero</span> <span class='ocrx_word' id='word_1_135' title='bbox 411 1048 585 1086; x_wconf 88' lang='lat' dir='ltr'>docenda</span> <span class='ocrx_word' id='word_1_136' title='bbox 617 1048 889 1086; x_wconf 84' lang='lat' dir='ltr'>mathematice</span> <span class='ocrx_word' id='word_1_137' title='bbox 921 1049 1163 1085; x_wconf 87' lang='lat' dir='ltr'>tribueretur.</span> 
     </span>
    </p>

    <p class='ocr_par' dir='ltr' id='par_1_3' title="bbox 95 1105 1904 3256">
     <span class='ocr_line' id='line_1_15' title="bbox 243 1105 1900 1157; baseline 0.002 -13"><span class='ocrx_word' id='word_1_138' title='bbox 243 1107 441 1157; x_wconf 85' lang='lat' dir='ltr'>Tychonis</span> <span class='ocrx_word' id='word_1_139' title='bbox 475 1107 539 1156; x_wconf 90' lang='lat' dir='ltr'>qui</span> <span class='ocrx_word' id='word_1_140' title='bbox 573 1111 680 1144; x_wconf 89' lang='lat' dir='ltr'>erant</span> <span class='ocrx_word' id='word_1_141' title='bbox 712 1108 816 1157; x_wconf 90' lang='lat' dir='ltr'>prius</span> <span class='ocrx_word' id='word_1_142' title='bbox 849 1105 1064 1155; x_wconf 85' lang='lat' dir='ltr'>adjutores,</span> <span class='ocrx_word' id='word_1_143' title='bbox 1098 1105 1232 1144; x_wconf 72' lang='lat' dir='ltr'>-Joau</span> <span class='ocrx_word' id='word_1_144' title='bbox 1247 1118 1327 1144; x_wconf 87' lang='lat' dir='ltr'>nes</span> <span class='ocrx_word' id='word_1_145' title='bbox 1361 1107 1577 1155; x_wconf 86' lang='lat' dir='ltr'>Eriksen‚</span> <span class='ocrx_word' id='word_1_146' title='bbox 1611 1108 1900 1147; x_wconf 86' lang='lat' dir='ltr'>Ambrosius</span> 
     </span>
     <span class='ocr_line' id='line_1_16' title="bbox 106 1164 1902 1216; baseline 0.002 -14"><span class='ocrx_word' id='word_1_147' title='bbox 106 1165 212 1203; x_wconf 90' lang='lat' dir='ltr'>Rho</span> <span class='ocrx_word' id='word_1_148' title='bbox 229 1165 364 1212; x_wconf 89' lang='lat' dir='ltr'>dius,</span> <span class='ocrx_word' id='word_1_149' title='bbox 396 1164 526 1202; x_wconf 83' lang='lat' dir='ltr'>Joau</span> <span class='ocrx_word' id='word_1_150' title='bbox 541 1176 628 1202; x_wconf 91' lang='lat' dir='ltr'>nes</span> <span class='ocrx_word' id='word_1_151' title='bbox 650 1164 779 1201; x_wconf 87' lang='lat' dir='ltr'>Miill</span> <span class='ocrx_word' id='word_1_152' title='bbox 796 1176 881 1202; x_wconf 87' lang='lat' dir='ltr'>eru</span> <span class='ocrx_word' id='word_1_153' title='bbox 897 1176 925 1212; x_wconf 87' lang='lat' dir='ltr'>s,</span> <span class='ocrx_word' id='word_1_154' title='bbox 959 1165 1024 1213; x_wconf 91' lang='lat' dir='ltr'>qui</span> <span class='ocrx_word' id='word_1_155' title='bbox 1047 1164 1257 1215; x_wconf 88' lang='lat' dir='ltr'>Keplerum</span> <span class='ocrx_word' id='word_1_156' title='bbox 1281 1165 1384 1216; x_wconf 86' lang='lat' dir='ltr'>apud</span> <span class='ocrx_word' id='word_1_157' title='bbox 1406 1165 1630 1216; x_wconf 85' lang='lat' dir='ltr'>Tycliouem</span> <span class='ocrx_word' id='word_1_158' title='bbox 1655 1173 1692 1204; x_wconf 89' lang='lat' dir='ltr'>et</span> <span class='ocrx_word' id='word_1_159' title='bbox 1713 1172 1902 1206; x_wconf 91' lang='lat' dir='ltr'>noverant</span> 
     </span>
     <span class='ocr_line' id='line_1_17' title="bbox 102 1224 1902 1274; baseline 0.001 -12"><span class='ocrx_word' id='word_1_160' title='bbox 102 1235 139 1262; x_wconf 83' lang='lat' dir='ltr'>et</span> <span class='ocrx_word' id='word_1_161' title='bbox 169 1225 326 1261; x_wconf 82' lang='lat' dir='ltr'>maximi</span> <span class='ocrx_word' id='word_1_162' title='bbox 359 1225 671 1270; x_wconf 84' lang='lat' dir='ltr'>aestimaverant,</span> <span class='ocrx_word' id='word_1_163' title='bbox 705 1227 842 1272; x_wconf 88' lang='lat' dir='ltr'>postea</span> <span class='ocrx_word' id='word_1_164' title='bbox 867 1234 1024 1272; x_wconf 88' lang='lat' dir='ltr'>quoque</span> <span class='ocrx_word' id='word_1_165' title='bbox 1055 1224 1253 1272; x_wconf 86' lang='lat' dir='ltr'>antiquam</span> <span class='ocrx_word' id='word_1_166' title='bbox 1287 1225 1323 1259; x_wconf 93' lang='lat' dir='ltr'>in</span> <span class='ocrx_word' id='word_1_167' title='bbox 1345 1224 1554 1274; x_wconf 83' lang='lat' dir='ltr'>Keplcrum</span> <span class='ocrx_word' id='word_1_168' title='bbox 1587 1225 1700 1263; x_wconf 91' lang='lat' dir='ltr'>fidem</span> <span class='ocrx_word' id='word_1_169' title='bbox 1733 1230 1770 1263; x_wconf 90' lang='lat' dir='ltr'>et</span> <span class='ocrx_word' id='word_1_170' title='bbox 1801 1227 1902 1263; x_wconf 88' lang='lat' dir='ltr'>ami-</span> 
     </span>
     <span class='ocr_line' id='line_1_18' title="bbox 105 1282 1904 1334; baseline 0.001 -14"><span class='ocrx_word' id='word_1_171' title='bbox 105 1284 235 1320; x_wconf 88' lang='lat' dir='ltr'>citiam</span> <span class='ocrx_word' id='word_1_172' title='bbox 269 1282 585 1327; x_wconf 82' lang='lat' dir='ltr'>observaverunt,</span> <span class='ocrx_word' id='word_1_173' title='bbox 619 1282 728 1330; x_wconf 90' lang='lat' dir='ltr'>cujus</span> <span class='ocrx_word' id='word_1_174' title='bbox 761 1282 815 1318; x_wconf 90' lang='lat' dir='ltr'>rei</span> <span class='ocrx_word' id='word_1_175' title='bbox 848 1286 936 1318; x_wconf 87' lang='lat' dir='ltr'>sunt</span> <span class='ocrx_word' id='word_1_176' title='bbox 968 1282 1188 1318; x_wconf 88' lang='lat' dir='ltr'>testimonio</span> <span class='ocrx_word' id='word_1_177' title='bbox 1221 1282 1554 1330; x_wconf 84' lang='lat' dir='ltr'>frequentissimae</span> <span class='ocrx_word' id='word_1_178' title='bbox 1587 1283 1677 1321; x_wconf 83' lang='lat' dir='ltr'>illae</span> <span class='ocrx_word' id='word_1_179' title='bbox 1710 1284 1759 1321; x_wconf 87' lang='lat' dir='ltr'>ad</span> <span class='ocrx_word' id='word_1_180' title='bbox 1790 1284 1904 1334; x_wconf 78' lang='lat' dir='ltr'>Kep-</span> 
     </span>
     <span class='ocr_line' id='line_1_19' title="bbox 99 1339 1904 1390; baseline 0.001 -12"><span class='ocrx_word' id='word_1_181' title='bbox 99 1341 221 1378; x_wconf 86' lang='lat' dir='ltr'>lerum</span> <span class='ocrx_word' id='word_1_182' title='bbox 253 1341 301 1377; x_wconf 88' lang='lat' dir='ltr'>ab</span> <span class='ocrx_word' id='word_1_183' title='bbox 344 1339 419 1376; x_wconf 89' lang='lat' dir='ltr'>illis</span> <span class='ocrx_word' id='word_1_184' title='bbox 458 1340 622 1390; x_wconf 87' lang='lat' dir='ltr'>scriptae</span> <span class='ocrx_word' id='word_1_185' title='bbox 664 1339 851 1390; x_wconf 90' lang='lat' dir='ltr'>epistolae</span> <span class='ocrx_word' id='word_1_186' title='bbox 886 1339 1059 1389; x_wconf 76' lang='lat' dir='ltr'>(Kepleri</span> <span class='ocrx_word' id='word_1_187' title='bbox 1101 1341 1223 1390; x_wconf 88' lang='lat' dir='ltr'>ipsius</span> <span class='ocrx_word' id='word_1_188' title='bbox 1263 1340 1396 1379; x_wconf 84' lang='lat' dir='ltr'>literae</span> <span class='ocrx_word' id='word_1_189' title='bbox 1428 1352 1505 1378; x_wconf 91' lang='lat' dir='ltr'>non</span> <span class='ocrx_word' id='word_1_190' title='bbox 1543 1340 1720 1388; x_wconf 81' lang='lat' dir='ltr'>exstant).</span> <span class='ocrx_word' id='word_1_191' title='bbox 1780 1342 1904 1380; x_wconf 87' lang='lat' dir='ltr'>Vete-</span> 
     </span>
     <span class='ocr_line' id='line_1_20' title="bbox 99 1397 1904 1448; baseline 0.002 -13"><span class='ocrx_word' id='word_1_192' title='bbox 99 1411 178 1437; x_wconf 88' lang='lat' dir='ltr'>rem</span> <span class='ocrx_word' id='word_1_193' title='bbox 210 1410 320 1436; x_wconf 88' lang='lat' dir='ltr'>suam</span> <span class='ocrx_word' id='word_1_194' title='bbox 362 1399 587 1436; x_wconf 89' lang='lat' dir='ltr'>societatem</span> <span class='ocrx_word' id='word_1_195' title='bbox 628 1403 665 1435; x_wconf 91' lang='lat' dir='ltr'>et</span> <span class='ocrx_word' id='word_1_196' title='bbox 703 1399 913 1435; x_wconf 86' lang='lat' dir='ltr'>amicitiam</span> <span class='ocrx_word' id='word_1_197' title='bbox 945 1397 1115 1448; x_wconf 88' lang='lat' dir='ltr'>Keplero</span> <span class='ocrx_word' id='word_1_198' title='bbox 1155 1400 1192 1434; x_wconf 90' lang='lat' dir='ltr'>in</span> <span class='ocrx_word' id='word_1_199' title='bbox 1236 1401 1460 1436; x_wconf 86' lang='lat' dir='ltr'>memoriam</span> <span class='ocrx_word' id='word_1_200' title='bbox 1492 1406 1677 1437; x_wconf 87' lang='lat' dir='ltr'>revocant</span> <span class='ocrx_word' id='word_1_201' title='bbox 1715 1399 1904 1438; x_wconf 89' lang='lat' dir='ltr'>eundem-</span> 
     </span>
     <span class='ocr_line' id='line_1_21' title="bbox 100 1455 1902 1506; baseline 0.001 -12"><span class='ocrx_word' id='word_1_202' title='bbox 100 1469 175 1506; x_wconf 87' lang='lat' dir='ltr'>que</span> <span class='ocrx_word' id='word_1_203' title='bbox 209 1457 254 1494; x_wconf 90' lang='lat' dir='ltr'>de</span> <span class='ocrx_word' id='word_1_204' title='bbox 287 1458 456 1505; x_wconf 82' lang='lat' dir='ltr'>negotiis</span> <span class='ocrx_word' id='word_1_205' title='bbox 488 1459 586 1503; x_wconf 89' lang='lat' dir='ltr'>suis,</span> <span class='ocrx_word' id='word_1_206' title='bbox 635 1457 749 1494; x_wconf 88' lang='lat' dir='ltr'>etiam</span> <span class='ocrx_word' id='word_1_207' title='bbox 783 1455 829 1493; x_wconf 90' lang='lat' dir='ltr'>de</span> <span class='ocrx_word' id='word_1_208' title='bbox 862 1457 979 1493; x_wconf 86' lang='lat' dir='ltr'>variis</span> <span class='ocrx_word' id='word_1_209' title='bbox 1011 1456 1126 1494; x_wconf 89' lang='lat' dir='ltr'>rebus</span> <span class='ocrx_word' id='word_1_210' title='bbox 1169 1457 1334 1506; x_wconf 88' lang='lat' dir='ltr'>publicis</span> <span class='ocrx_word' id='word_1_211' title='bbox 1367 1457 1548 1504; x_wconf 84' lang='lat' dir='ltr'>edocent,</span> <span class='ocrx_word' id='word_1_212' title='bbox 1595 1463 1636 1495; x_wconf 91' lang='lat' dir='ltr'>ut</span> <span class='ocrx_word' id='word_1_213' title='bbox 1667 1458 1902 1506; x_wconf 89' lang='lat' dir='ltr'>Eriksen‚</span> 
     </span>
     <span class='ocr_line' id='line_1_22' title="bbox 100 1513 1903 1566; baseline 0.002 -14"><span class='ocrx_word' id='word_1_214' title='bbox 100 1517 165 1565; x_wconf 91' lang='lat' dir='ltr'>qui</span> <span class='ocrx_word' id='word_1_215' title='bbox 198 1521 277 1552; x_wconf 80' lang='lat' dir='ltr'>tum</span> <span class='ocrx_word' id='word_1_216' title='bbox 310 1516 347 1551; x_wconf 89' lang='lat' dir='ltr'>in</span> <span class='ocrx_word' id='word_1_217' title='bbox 381 1514 519 1563; x_wconf 83' lang='lat' dir='ltr'>Belgia</span> <span class='ocrx_word' id='word_1_218' title='bbox 553 1519 644 1561; x_wconf 87' lang='lat' dir='ltr'>erat,</span> <span class='ocrx_word' id='word_1_219' title='bbox 679 1514 724 1552; x_wconf 89' lang='lat' dir='ltr'>de</span> <span class='ocrx_word' id='word_1_220' title='bbox 758 1513 950 1552; x_wconf 89' lang='lat' dir='ltr'>Ostendes</span> <span class='ocrx_word' id='word_1_221' title='bbox 972 1515 1077 1552; x_wconf 92' lang='lat' dir='ltr'>urbis</span> <span class='ocrx_word' id='word_1_222' title='bbox 1101 1515 1326 1553; x_wconf 89' lang='lat' dir='ltr'>obsessione</span> <span class='ocrx_word' id='word_1_223' title='bbox 1350 1517 1502 1566; x_wconf 87' lang='lat' dir='ltr'>scripsit</span> <span class='ocrx_word' id='word_1_224' title='bbox 1524 1515 1694 1566; x_wconf 81' lang='lat'>(1601):</span> <span class='ocrx_word' id='word_1_225' title='bbox 1732 1516 1903 1565; x_wconf 90' lang='lat' dir='ltr'>„dicunt,</span> 
     </span>
     <span class='ocr_line' id='line_1_23' title="bbox 100 1572 1903 1624; baseline 0.001 -13"><span class='ocrx_word' id='word_1_226' title='bbox 100 1573 358 1611; x_wconf 85' lang='lat' dir='ltr'>Archiducem</span> <span class='ocrx_word' id='word_1_227' title='bbox 393 1572 595 1611; x_wconf 87' lang='lat' dir='ltr'>Albertum</span> <span class='ocrx_word' id='word_1_228' title='bbox 627 1572 714 1623; x_wconf 89' lang='lat' dir='ltr'>plus</span> <span class='ocrx_word' id='word_1_229' title='bbox 747 1584 863 1621; x_wconf 87' lang='lat' dir='ltr'>quam</span> <span class='ocrx_word' id='word_1_230' title='bbox 898 1572 1028 1610; x_wconf 82' lang='lat' dir='ltr'>deceni</span> <span class='ocrx_word' id='word_1_231' title='bbox 1051 1575 1133 1610; x_wconf 89' lang='lat' dir='ltr'>auri</span> <span class='ocrx_word' id='word_1_232' title='bbox 1155 1573 1347 1611; x_wconf 88' lang='lat' dir='ltr'>milliones</span> <span class='ocrx_word' id='word_1_233' title='bbox 1370 1575 1407 1611; x_wconf 90' lang='lat' dir='ltr'>in</span> <span class='ocrx_word' id='word_1_234' title='bbox 1432 1573 1634 1613; x_wconf 88' lang='lat' dir='ltr'>obsidione</span> <span class='ocrx_word' id='word_1_235' title='bbox 1655 1574 1903 1624; x_wconf 83' lang='lat' dir='ltr'>impendisse,</span> 
     </span>
     <span class='ocr_line' id='line_1_24' title="bbox 100 1631 1903 1682; baseline 0.001 -13"><span class='ocrx_word' id='word_1_236' title='bbox 100 1644 171 1670; x_wconf 92' lang='lat' dir='ltr'>nec</span> <span class='ocrx_word' id='word_1_237' title='bbox 203 1637 331 1669; x_wconf 89' lang='lat' dir='ltr'>tamen</span> <span class='ocrx_word' id='word_1_238' title='bbox 365 1631 492 1669; x_wconf 88' lang='lat' dir='ltr'>adhuc</span> <span class='ocrx_word' id='word_1_239' title='bbox 523 1631 614 1680; x_wconf 87' lang='lat' dir='ltr'>quid</span> <span class='ocrx_word' id='word_1_240' title='bbox 648 1637 755 1668; x_wconf 87' lang='lat' dir='ltr'>tanto</span> <span class='ocrx_word' id='word_1_241' title='bbox 794 1631 903 1668; x_wconf 85' lang='lat' dir='ltr'>hiatu</span> <span class='ocrx_word' id='word_1_242' title='bbox 938 1631 1096 1680; x_wconf 86' lang='lat' dir='ltr'>dignum</span> <span class='ocrx_word' id='word_1_243' title='bbox 1129 1632 1349 1671; x_wconf 76' lang='lat' dir='ltr'>effectuni“.</span> <span class='ocrx_word' id='word_1_244' title='bbox 1412 1633 1534 1671; x_wconf 90' lang='lat' dir='ltr'>Iidem</span> <span class='ocrx_word' id='word_1_245' title='bbox 1576 1634 1742 1670; x_wconf 87' lang='lat' dir='ltr'>amicum</span> <span class='ocrx_word' id='word_1_246' title='bbox 1775 1633 1903 1682; x_wconf 88' lang='lat' dir='ltr'>qualis</span> 
     </span>
     <span class='ocr_line' id='line_1_25' title="bbox 100 1689 1903 1741; baseline 0 -13"><span class='ocrx_word' id='word_1_247' title='bbox 100 1703 171 1728; x_wconf 77' lang='lat' dir='ltr'>sua</span> <span class='ocrx_word' id='word_1_248' title='bbox 204 1701 440 1739; x_wconf 88' lang='lat' dir='ltr'>suorumque</span> <span class='ocrx_word' id='word_1_249' title='bbox 473 1689 656 1737; x_wconf 89' lang='lat' dir='ltr'>conditio,</span> <span class='ocrx_word' id='word_1_250' title='bbox 691 1701 790 1738; x_wconf 88' lang='lat' dir='ltr'>quae</span> <span class='ocrx_word' id='word_1_251' title='bbox 822 1691 898 1726; x_wconf 91' lang='lat' dir='ltr'>sint</span> <span class='ocrx_word' id='word_1_252' title='bbox 919 1691 1088 1737; x_wconf 84' lang='lat' dir='ltr'>negotia,</span> <span class='ocrx_word' id='word_1_253' title='bbox 1123 1690 1215 1738; x_wconf 89' lang='lat' dir='ltr'>quid</span> <span class='ocrx_word' id='word_1_254' title='bbox 1239 1691 1442 1741; x_wconf 86' lang='lat' dir='ltr'>profecerit</span> <span class='ocrx_word' id='word_1_255' title='bbox 1464 1693 1500 1727; x_wconf 90' lang='lat' dir='ltr'>in</span> <span class='ocrx_word' id='word_1_256' title='bbox 1525 1693 1761 1729; x_wconf 81' lang='lat' dir='ltr'>astronomia</span> <span class='ocrx_word' id='word_1_257' title='bbox 1783 1693 1903 1730; x_wconf 86' lang='lat' dir='ltr'>inter-</span> 
     </span>
     <span class='ocr_line' id='line_1_26' title="bbox 100 1747 1904 1800; baseline -0.001 -13"><span class='ocrx_word' id='word_1_258' title='bbox 100 1754 249 1797; x_wconf 81' lang='lat' dir='ltr'>rogant,</span> <span class='ocrx_word' id='word_1_259' title='bbox 283 1749 331 1786; x_wconf 87' lang='lat' dir='ltr'>ab</span> <span class='ocrx_word' id='word_1_260' title='bbox 365 1760 489 1797; x_wconf 86' lang='lat' dir='ltr'>coque</span> <span class='ocrx_word' id='word_1_261' title='bbox 520 1753 588 1785; x_wconf 88' lang='lat' dir='ltr'>aut</span> <span class='ocrx_word' id='word_1_262' title='bbox 621 1759 737 1798; x_wconf 88' lang='lat' dir='ltr'>opera</span> <span class='ocrx_word' id='word_1_263' title='bbox 769 1754 836 1784; x_wconf 89' lang='lat' dir='ltr'>aut</span> <span class='ocrx_word' id='word_1_264' title='bbox 869 1747 1103 1796; x_wconf 83' lang='lat' dir='ltr'>astrologica</span> <span class='ocrx_word' id='word_1_265' title='bbox 1130 1748 1279 1797; x_wconf 87' lang='lat' dir='ltr'>judicia</span> <span class='ocrx_word' id='word_1_266' title='bbox 1310 1754 1460 1799; x_wconf 88' lang='lat' dir='ltr'>petunt.</span> <span class='ocrx_word' id='word_1_267' title='bbox 1521 1749 1670 1797; x_wconf 87' lang='lat' dir='ltr'>Quibus</span> <span class='ocrx_word' id='word_1_268' title='bbox 1702 1750 1904 1800; x_wconf 89' lang='lat' dir='ltr'>petitioni-</span> 
     </span>
     <span class='ocr_line' id='line_1_27' title="bbox 98 1806 1902 1856; baseline 0 -12"><span class='ocrx_word' id='word_1_269' title='bbox 98 1808 170 1844; x_wconf 89' lang='lat' dir='ltr'>bus</span> <span class='ocrx_word' id='word_1_270' title='bbox 202 1808 233 1844; x_wconf 90' lang='lat' dir='ltr'>si</span> <span class='ocrx_word' id='word_1_271' title='bbox 267 1818 343 1844; x_wconf 90' lang='lat' dir='ltr'>non</span> <span class='ocrx_word' id='word_1_272' title='bbox 375 1808 504 1845; x_wconf 83' lang='lat' dir='ltr'>statim</span> <span class='ocrx_word' id='word_1_273' title='bbox 541 1808 657 1844; x_wconf 88' lang='lat' dir='ltr'>cessit</span> <span class='ocrx_word' id='word_1_274' title='bbox 688 1806 898 1855; x_wconf 87' lang='lat' dir='ltr'>Keplerus,</span> <span class='ocrx_word' id='word_1_275' title='bbox 931 1806 1046 1844; x_wconf 89' lang='lat' dir='ltr'>modo</span> <span class='ocrx_word' id='word_1_276' title='bbox 1080 1806 1126 1844; x_wconf 88' lang='lat' dir='ltr'>de</span> <span class='ocrx_word' id='word_1_277' title='bbox 1160 1806 1396 1846; x_wconf 85' lang='lat' dir='ltr'>diuturniore</span> <span class='ocrx_word' id='word_1_278' title='bbox 1428 1807 1581 1845; x_wconf 82' lang='lat' dir='ltr'>silentio</span> <span class='ocrx_word' id='word_1_279' title='bbox 1605 1813 1902 1856; x_wconf 89' lang='lat' dir='ltr'>conqueruntur,</span> 
     </span>
     <span class='ocr_line' id='line_1_28' title="bbox 97 1865 1903 1915; baseline 0.001 -13"><span class='ocrx_word' id='word_1_280' title='bbox 97 1865 212 1903; x_wconf 87' lang='lat' dir='ltr'>modo</span> <span class='ocrx_word' id='word_1_281' title='bbox 244 1867 384 1902; x_wconf 86' lang='lat' dir='ltr'>veteris</span> <span class='ocrx_word' id='word_1_282' title='bbox 417 1877 509 1902; x_wconf 87' lang='lat' dir='ltr'>suae</span> <span class='ocrx_word' id='word_1_283' title='bbox 542 1876 628 1902; x_wconf 90' lang='lat' dir='ltr'>eum</span> <span class='ocrx_word' id='word_1_284' title='bbox 661 1865 870 1902; x_wconf 84' lang='lat' dir='ltr'>admonent</span> <span class='ocrx_word' id='word_1_285' title='bbox 899 1866 1103 1911; x_wconf 86' lang='lat' dir='ltr'>amicitiae,</span> <span class='ocrx_word' id='word_1_286' title='bbox 1137 1877 1253 1914; x_wconf 85' lang='lat' dir='ltr'>quam</span> <span class='ocrx_word' id='word_1_287' title='bbox 1287 1877 1377 1915; x_wconf 80' lang='lat' dir='ltr'>erga</span> <span class='ocrx_word' id='word_1_288' title='bbox 1408 1878 1449 1904; x_wconf 89' lang='lat' dir='ltr'>se</span> <span class='ocrx_word' id='word_1_289' title='bbox 1479 1877 1565 1903; x_wconf 90' lang='lat' dir='ltr'>eum</span> <span class='ocrx_word' id='word_1_290' title='bbox 1599 1868 1786 1915; x_wconf 85' lang='lat' dir='ltr'>integram</span> <span class='ocrx_word' id='word_1_291' title='bbox 1820 1878 1903 1904; x_wconf 88' lang='lat' dir='ltr'>ser-</span> 
     </span>
     <span class='ocr_line' id='line_1_29' title="bbox 99 1923 1903 1974; baseline 0.001 -14"><span class='ocrx_word' id='word_1_292' title='bbox 99 1929 279 1962; x_wconf 87' lang='lat' dir='ltr'>vaturum</span> <span class='ocrx_word' id='word_1_293' title='bbox 312 1929 350 1960; x_wconf 89' lang='lat' dir='ltr'>ct</span> <span class='ocrx_word' id='word_1_294' title='bbox 382 1925 608 1960; x_wconf 85' lang='lat' dir='ltr'>continuato</span> <span class='ocrx_word' id='word_1_295' title='bbox 641 1923 839 1960; x_wconf 88' lang='lat' dir='ltr'>literarum</span> <span class='ocrx_word' id='word_1_296' title='bbox 879 1924 1107 1960; x_wconf 87' lang='lat' dir='ltr'>commercio</span> <span class='ocrx_word' id='word_1_297' title='bbox 1139 1926 1413 1973; x_wconf 85' lang='lat' dir='ltr'>praestiturum</span> <span class='ocrx_word' id='word_1_298' title='bbox 1453 1936 1536 1962; x_wconf 85' lang='lat' dir='ltr'>esse</span> <span class='ocrx_word' id='word_1_299' title='bbox 1568 1926 1640 1974; x_wconf 87' lang='lat' dir='ltr'>ipsi</span> <span class='ocrx_word' id='word_1_300' title='bbox 1674 1929 1710 1962; x_wconf 91' lang='lat' dir='ltr'>et</span> <span class='ocrx_word' id='word_1_301' title='bbox 1748 1930 1903 1974; x_wconf 88' lang='lat' dir='ltr'>sperent</span> 
     </span>
     <span class='ocr_line' id='line_1_30' title="bbox 102 1980 1903 2032; baseline 0 -12"><span class='ocrx_word' id='word_1_302' title='bbox 102 1988 139 2020; x_wconf 87' lang='lat' dir='ltr'>et</span> <span class='ocrx_word' id='word_1_303' title='bbox 170 1981 438 2019; x_wconf 85' lang='lat' dir='ltr'>ardentissime</span> <span class='ocrx_word' id='word_1_304' title='bbox 471 1983 642 2030; x_wconf 87' lang='lat' dir='ltr'>cupiant.</span> <span class='ocrx_word' id='word_1_305' title='bbox 705 1981 767 2018; x_wconf 88' lang='lat' dir='ltr'>Sic</span> <span class='ocrx_word' id='word_1_306' title='bbox 799 1980 1033 2018; x_wconf 87' lang='lat' dir='ltr'>Rhodius</span> <span class='ocrx_word' id='word_1_307' title='bbox 1066 1983 1218 2032; x_wconf 86' lang='lat' dir='ltr'>scripsit</span> <span class='ocrx_word' id='word_1_308' title='bbox 1250 1994 1350 2020; x_wconf 89' lang='lat' dir='ltr'>anno</span> <span class='ocrx_word' id='word_1_309' title='bbox 1378 1983 1508 2020; x_wconf 78' lang='lat'>1605:</span> <span class='ocrx_word' id='word_1_310' title='bbox 1546 1982 1698 2031; x_wconf 83' lang='lat' dir='ltr'>„Quam</span> <span class='ocrx_word' id='word_1_311' title='bbox 1731 1994 1804 2032; x_wconf 88' lang='lat' dir='ltr'>ego</span> <span class='ocrx_word' id='word_1_312' title='bbox 1835 1983 1903 2020; x_wconf 88' lang='lat' dir='ltr'>fir-</span> 
     </span>
     <span class='ocr_line' id='line_1_31' title="bbox 98 2041 1901 2090; baseline 0.001 -13"><span class='ocrx_word' id='word_1_313' title='bbox 98 2042 210 2078; x_wconf 87' lang='lat' dir='ltr'>miter</span> <span class='ocrx_word' id='word_1_314' title='bbox 232 2046 384 2078; x_wconf 87' lang='lat' dir='ltr'>teneam</span> <span class='ocrx_word' id='word_1_315' title='bbox 410 2046 623 2078; x_wconf 86' lang='lat' dir='ltr'>vestrorum</span> <span class='ocrx_word' id='word_1_316' title='bbox 646 2041 873 2077; x_wconf 87' lang='lat' dir='ltr'>memoriam</span> <span class='ocrx_word' id='word_1_317' title='bbox 896 2051 1088 2088; x_wconf 86' lang='lat' dir='ltr'>quamque</span> <span class='ocrx_word' id='word_1_318' title='bbox 1122 2042 1233 2078; x_wconf 89' lang='lat' dir='ltr'>unice</span> <span class='ocrx_word' id='word_1_319' title='bbox 1266 2042 1368 2077; x_wconf 89' lang='lat' dir='ltr'>votis</span> <span class='ocrx_word' id='word_1_320' title='bbox 1402 2042 1496 2078; x_wconf 87' lang='lat' dir='ltr'>meis</span> <span class='ocrx_word' id='word_1_321' title='bbox 1530 2045 1707 2090; x_wconf 82' lang='lat' dir='ltr'>expetam</span> <span class='ocrx_word' id='word_1_322' title='bbox 1730 2046 1901 2079; x_wconf 87' lang='lat' dir='ltr'>vestram</span> 
     </span>
     <span class='ocr_line' id='line_1_32' title="bbox 101 2097 1902 2148; baseline -0.001 -12"><span class='ocrx_word' id='word_1_323' title='bbox 101 2098 164 2136; x_wconf 79' lang='lat' dir='ltr'>vel</span> <span class='ocrx_word' id='word_1_324' title='bbox 196 2099 318 2137; x_wconf 90' lang='lat' dir='ltr'>literis</span> <span class='ocrx_word' id='word_1_325' title='bbox 350 2098 414 2136; x_wconf 87' lang='lat' dir='ltr'>vel</span> <span class='ocrx_word' id='word_1_326' title='bbox 447 2109 574 2136; x_wconf 88' lang='lat' dir='ltr'>coram</span> <span class='ocrx_word' id='word_1_327' title='bbox 607 2099 770 2147; x_wconf 78' lang='lat' dir='ltr'>experiri</span> <span class='ocrx_word' id='word_1_328' title='bbox 803 2097 1131 2145; x_wconf 87' lang='lat' dir='ltr'>benevolentiam,</span> <span class='ocrx_word' id='word_1_329' title='bbox 1165 2100 1248 2148; x_wconf 88' lang='lat' dir='ltr'>ipse</span> <span class='ocrx_word' id='word_1_330' title='bbox 1272 2099 1426 2147; x_wconf 90' lang='lat' dir='ltr'>quidem</span> <span class='ocrx_word' id='word_1_331' title='bbox 1451 2105 1582 2137; x_wconf 87' lang='lat' dir='ltr'>sancte</span> <span class='ocrx_word' id='word_1_332' title='bbox 1613 2111 1771 2148; x_wconf 89' lang='lat' dir='ltr'>possum</span> <span class='ocrx_word' id='word_1_333' title='bbox 1796 2099 1902 2137; x_wconf 84' lang='lat' dir='ltr'>affir-</span> 
     </span>
     <span class='ocr_line' id='line_1_33' title="bbox 100 2156 1896 2206; baseline 0.001 -12"><span class='ocrx_word' id='word_1_334' title='bbox 100 2169 226 2203; x_wconf 89' lang='lat' dir='ltr'>mare,</span> <span class='ocrx_word' id='word_1_335' title='bbox 261 2163 296 2194; x_wconf 89' lang='lat' dir='ltr'>et</span> <span class='ocrx_word' id='word_1_336' title='bbox 330 2156 465 2194; x_wconf 87' lang='lat' dir='ltr'>literae</span> <span class='ocrx_word' id='word_1_337' title='bbox 499 2156 642 2193; x_wconf 88' lang='lat' dir='ltr'>dudum</span> <span class='ocrx_word' id='word_1_338' title='bbox 675 2168 696 2193; x_wconf 89' lang='lat' dir='ltr'>a</span> <span class='ocrx_word' id='word_1_339' title='bbox 728 2168 788 2193; x_wconf 88' lang='lat' dir='ltr'>me</span> <span class='ocrx_word' id='word_1_340' title='bbox 821 2157 986 2205; x_wconf 86' lang='lat' dir='ltr'>scriptae</span> <span class='ocrx_word' id='word_1_341' title='bbox 1021 2156 1103 2205; x_wconf 88' lang='lat' dir='ltr'>jam</span> <span class='ocrx_word' id='word_1_342' title='bbox 1143 2162 1368 2206; x_wconf 84' lang='lat' dir='ltr'>praesentes</span> <span class='ocrx_word' id='word_1_343' title='bbox 1401 2162 1602 2195; x_wconf 83' lang='lat' dir='ltr'>testantur.</span> <span class='ocrx_word' id='word_1_344' title='bbox 1667 2156 1793 2205; x_wconf 83' lang='lat' dir='ltr'>Quam</span> <span class='ocrx_word' id='word_1_345' title='bbox 1825 2169 1896 2195; x_wconf 88' lang='lat' dir='ltr'>vos</span> 
     </span>
     <span class='ocr_line' id='line_1_34' title="bbox 97 2214 1897 2264; baseline 0 -11"><span class='ocrx_word' id='word_1_346' title='bbox 97 2220 232 2254; x_wconf 88' lang='lat' dir='ltr'>contra</span> <span class='ocrx_word' id='word_1_347' title='bbox 254 2216 326 2252; x_wconf 89' lang='lat' dir='ltr'>mci</span> <span class='ocrx_word' id='word_1_348' title='bbox 362 2215 580 2263; x_wconf 87' lang='lat' dir='ltr'>abjeceritis</span> <span class='ocrx_word' id='word_1_349' title='bbox 603 2215 828 2252; x_wconf 86' lang='lat' dir='ltr'>memoriam</span> <span class='ocrx_word' id='word_1_350' title='bbox 852 2214 914 2252; x_wconf 89' lang='lat' dir='ltr'>vel</span> <span class='ocrx_word' id='word_1_351' title='bbox 937 2226 980 2252; x_wconf 86' lang='lat' dir='ltr'>ex</span> <span class='ocrx_word' id='word_1_352' title='bbox 1004 2226 1049 2252; x_wconf 92' lang='lat' dir='ltr'>eo</span> <span class='ocrx_word' id='word_1_353' title='bbox 1073 2220 1235 2261; x_wconf 87' lang='lat' dir='ltr'>constat,</span> <span class='ocrx_word' id='word_1_354' title='bbox 1270 2215 1374 2264; x_wconf 89' lang='lat' dir='ltr'>quod</span> <span class='ocrx_word' id='word_1_355' title='bbox 1397 2215 1554 2253; x_wconf 81' lang='lat' dir='ltr'>tabellio</span> <span class='ocrx_word' id='word_1_356' title='bbox 1576 2215 1703 2253; x_wconf 89' lang='lat' dir='ltr'>nullas</span> <span class='ocrx_word' id='word_1_357' title='bbox 1725 2221 1897 2253; x_wconf 88' lang='lat' dir='ltr'>vestrum</span> 
     </span>
     <span class='ocr_line' id='line_1_35' title="bbox 95 2272 1896 2323; baseline 0 -12"><span class='ocrx_word' id='word_1_358' title='bbox 95 2274 240 2320; x_wconf 88' lang='lat' dir='ltr'>literas,</span> <span class='ocrx_word' id='word_1_359' title='bbox 273 2275 350 2310; x_wconf 90' lang='lat' dir='ltr'>imo</span> <span class='ocrx_word' id='word_1_360' title='bbox 382 2284 429 2311; x_wconf 87' lang='lat' dir='ltr'>ne</span> <span class='ocrx_word' id='word_1_361' title='bbox 462 2272 626 2310; x_wconf 89' lang='lat' dir='ltr'>salutem</span> <span class='ocrx_word' id='word_1_362' title='bbox 661 2272 814 2320; x_wconf 85' lang='lat' dir='ltr'>quidem</span> <span class='ocrx_word' id='word_1_363' title='bbox 847 2273 1010 2310; x_wconf 86' lang='lat' dir='ltr'>afferret.</span> <span class='ocrx_word' id='word_1_364' title='bbox 1071 2273 1160 2310; x_wconf 87' lang='lat' dir='ltr'>Tuli</span> <span class='ocrx_word' id='word_1_365' title='bbox 1193 2274 1230 2310; x_wconf 88' lang='lat' dir='ltr'>id</span> <span class='ocrx_word' id='word_1_366' title='bbox 1272 2275 1400 2311; x_wconf 90' lang='lat' dir='ltr'>animo</span> <span class='ocrx_word' id='word_1_367' title='bbox 1441 2275 1676 2321; x_wconf 82' lang='lat' dir='ltr'>aegerrimo,</span> <span class='ocrx_word' id='word_1_368' title='bbox 1722 2275 1786 2323; x_wconf 90' lang='lat' dir='ltr'>qui</span> <span class='ocrx_word' id='word_1_369' title='bbox 1814 2274 1896 2322; x_wconf 87' lang='lat' dir='ltr'>jam</span> 
     </span>
     <span class='ocr_line' id='line_1_36' title="bbox 95 2331 1897 2381; baseline 0.001 -13"><span class='ocrx_word' id='word_1_370' title='bbox 95 2333 288 2369; x_wconf 82' lang='lat' dir='ltr'>amiserim</span> <span class='ocrx_word' id='word_1_371' title='bbox 320 2333 464 2369; x_wconf 89' lang='lat' dir='ltr'>amicos</span> <span class='ocrx_word' id='word_1_372' title='bbox 496 2342 584 2377; x_wconf 91' lang='lat' dir='ltr'>eos,</span> <span class='ocrx_word' id='word_1_373' title='bbox 628 2342 725 2379; x_wconf 89' lang='lat' dir='ltr'>quos</span> <span class='ocrx_word' id='word_1_374' title='bbox 758 2342 829 2378; x_wconf 81' lang='lat' dir='ltr'>ego</span> <span class='ocrx_word' id='word_1_375' title='bbox 862 2332 997 2368; x_wconf 87' lang='lat' dir='ltr'>merito</span> <span class='ocrx_word' id='word_1_376' title='bbox 1028 2331 1172 2379; x_wconf 87' lang='lat' dir='ltr'>primos</span> <span class='ocrx_word' id='word_1_377' title='bbox 1208 2331 1420 2379; x_wconf 87' lang='lat' dir='ltr'>habebam,</span> <span class='ocrx_word' id='word_1_378' title='bbox 1467 2336 1585 2381; x_wconf 83' lang='lat' dir='ltr'>atque</span> <span class='ocrx_word' id='word_1_379' title='bbox 1628 2332 1702 2370; x_wconf 88' lang='lat' dir='ltr'>hoc</span> <span class='ocrx_word' id='word_1_380' title='bbox 1742 2332 1897 2380; x_wconf 89' lang='lat' dir='ltr'>quidem</span> 
     </span>
     <span class='ocr_line' id='line_1_37' title="bbox 97 2388 1897 2438; baseline -0.001 -11"><span class='ocrx_word' id='word_1_381' title='bbox 97 2390 310 2436; x_wconf 88' lang='lat' dir='ltr'>molestius,</span> <span class='ocrx_word' id='word_1_382' title='bbox 347 2389 450 2438; x_wconf 90' lang='lat' dir='ltr'>quod</span> <span class='ocrx_word' id='word_1_383' title='bbox 474 2402 559 2426; x_wconf 89' lang='lat' dir='ltr'>cum</span> <span class='ocrx_word' id='word_1_384' title='bbox 584 2389 761 2426; x_wconf 90' lang='lat' dir='ltr'>Limnaei</span> <span class='ocrx_word' id='word_1_385' title='bbox 783 2388 979 2435; x_wconf 82' lang='lat' dir='ltr'>Jenensis,</span> <span class='ocrx_word' id='word_1_386' title='bbox 1004 2388 1138 2427; x_wconf 88' lang='lat' dir='ltr'>Pitisci</span> <span class='ocrx_word' id='word_1_387' title='bbox 1159 2389 1517 2437; x_wconf 73' lang='lat' dir='ltr'>Heidelbergensis,</span> <span class='ocrx_word' id='word_1_388' title='bbox 1541 2390 1751 2437; x_wconf 89' lang='lat' dir='ltr'>Maestlini,</span> <span class='ocrx_word' id='word_1_389' title='bbox 1774 2390 1897 2427; x_wconf 90' lang='lat' dir='ltr'>Prae-</span> 
     </span>
     <span class='ocr_line' id='line_1_38' title="bbox 96 2448 1897 2497; baseline 0 -12"><span class='ocrx_word' id='word_1_390' title='bbox 96 2449 182 2485; x_wconf 91' lang='lat' dir='ltr'>torii</span> <span class='ocrx_word' id='word_1_391' title='bbox 225 2460 352 2486; x_wconf 86' lang='lat' dir='ltr'>coram</span> <span class='ocrx_word' id='word_1_392' title='bbox 385 2449 421 2484; x_wconf 90' lang='lat' dir='ltr'>in</span> <span class='ocrx_word' id='word_1_393' title='bbox 455 2449 764 2497; x_wconf 85' lang='lat' dir='ltr'>peregrinatione</span> <span class='ocrx_word' id='word_1_394' title='bbox 806 2459 892 2485; x_wconf 89' lang='lat' dir='ltr'>mea</span> <span class='ocrx_word' id='word_1_395' title='bbox 932 2452 1133 2485; x_wconf 86' lang='lat' dir='ltr'>assecutus</span> <span class='ocrx_word' id='word_1_396' title='bbox 1172 2449 1243 2485; x_wconf 90' lang='lat' dir='ltr'>sim</span> <span class='ocrx_word' id='word_1_397' title='bbox 1285 2450 1514 2495; x_wconf 87' lang='lat' dir='ltr'>amicitiam,</span> <span class='ocrx_word' id='word_1_398' title='bbox 1555 2450 1706 2486; x_wconf 87' lang='lat' dir='ltr'>interim</span> <span class='ocrx_word' id='word_1_399' title='bbox 1737 2448 1897 2497; x_wconf 88' lang='lat' dir='ltr'>Kepleri</span> 
     </span>
     <span class='ocr_line' id='line_1_39' title="bbox 97 2505 1897 2556; baseline 0 -13"><span class='ocrx_word' id='word_1_400' title='bbox 97 2508 172 2544; x_wconf 88' lang='lat' dir='ltr'>mei</span> <span class='ocrx_word' id='word_1_401' title='bbox 205 2507 417 2552; x_wconf 85' lang='lat' dir='ltr'>amiserim,</span> <span class='ocrx_word' id='word_1_402' title='bbox 464 2518 579 2554; x_wconf 89' lang='lat' dir='ltr'>quam</span> <span class='ocrx_word' id='word_1_403' title='bbox 612 2510 650 2543; x_wconf 91' lang='lat' dir='ltr'>et</span> <span class='ocrx_word' id='word_1_404' title='bbox 681 2507 842 2554; x_wconf 89' lang='lat' dir='ltr'>primam</span> <span class='ocrx_word' id='word_1_405' title='bbox 884 2510 921 2543; x_wconf 89' lang='lat' dir='ltr'>et</span> <span class='ocrx_word' id='word_1_406' title='bbox 951 2506 1160 2543; x_wconf 86' lang='lat' dir='ltr'>maximam</span> <span class='ocrx_word' id='word_1_407' title='bbox 1203 2505 1424 2544; x_wconf 82' lang='lat' dir='ltr'>volebam.“</span> <span class='ocrx_word' id='word_1_408' title='bbox 1488 2506 1559 2545; x_wconf 88' lang='lat' dir='ltr'>Cui</span> <span class='ocrx_word' id='word_1_409' title='bbox 1592 2506 1778 2556; x_wconf 85' lang='lat' dir='ltr'>epistolae</span> <span class='ocrx_word' id='word_1_410' title='bbox 1811 2517 1897 2544; x_wconf 87' lang='lat' dir='ltr'>curn</span> 
     </span>
     <span class='ocr_line' id='line_1_40' title="bbox 95 2563 1897 2613; baseline -0.001 -11"><span class='ocrx_word' id='word_1_411' title='bbox 95 2565 202 2602; x_wconf 91' lang='lat' dir='ltr'>brevi</span> <span class='ocrx_word' id='word_1_412' title='bbox 247 2570 335 2613; x_wconf 90' lang='lat' dir='ltr'>post</span> <span class='ocrx_word' id='word_1_413' title='bbox 366 2576 389 2601; x_wconf 89' lang='lat' dir='ltr'>a</span> <span class='ocrx_word' id='word_1_414' title='bbox 420 2563 588 2613; x_wconf 87' lang='lat' dir='ltr'>Keplero</span> <span class='ocrx_word' id='word_1_415' title='bbox 631 2575 858 2612; x_wconf 87' lang='lat' dir='ltr'>responsum</span> <span class='ocrx_word' id='word_1_416' title='bbox 899 2568 1020 2608; x_wconf 85' lang='lat' dir='ltr'>esset,</span> <span class='ocrx_word' id='word_1_417' title='bbox 1062 2563 1239 2601; x_wconf 86' lang='lat' dir='ltr'>Rhodius</span> <span class='ocrx_word' id='word_1_418' title='bbox 1283 2564 1341 2602; x_wconf 90' lang='lat' dir='ltr'>his</span> <span class='ocrx_word' id='word_1_419' title='bbox 1384 2566 1512 2603; x_wconf 90' lang='lat' dir='ltr'>verbis</span> <span class='ocrx_word' id='word_1_420' title='bbox 1553 2571 1590 2604; x_wconf 85' lang='lat' dir='ltr'>et</span> <span class='ocrx_word' id='word_1_421' title='bbox 1627 2565 1818 2602; x_wconf 88' lang='lat' dir='ltr'>laetitiam</span> <span class='ocrx_word' id='word_1_422' title='bbox 1860 2569 1897 2602; x_wconf 89' lang='lat' dir='ltr'>et</span> 
     </span>
     <span class='ocr_line' id='line_1_41' title="bbox 97 2621 1897 2672; baseline 0.001 -13"><span class='ocrx_word' id='word_1_423' title='bbox 97 2624 243 2672; x_wconf 86' lang='lat' dir='ltr'>gratias</span> <span class='ocrx_word' id='word_1_424' title='bbox 274 2624 463 2660; x_wconf 86' lang='lat' dir='ltr'>maximas</span> <span class='ocrx_word' id='word_1_425' title='bbox 496 2634 587 2658; x_wconf 85' lang='lat' dir='ltr'>suas</span> <span class='ocrx_word' id='word_1_426' title='bbox 620 2623 819 2670; x_wconf 83' lang='lat' dir='ltr'>exprimit:</span> <span class='ocrx_word' id='word_1_427' title='bbox 857 2622 1002 2670; x_wconf 78' lang='lat' dir='ltr'>„Erant</span> <span class='ocrx_word' id='word_1_428' title='bbox 1033 2622 1125 2658; x_wconf 87' lang='lat' dir='ltr'>mihi</span> <span class='ocrx_word' id='word_1_429' title='bbox 1148 2626 1225 2660; x_wconf 85' lang='lat' dir='ltr'>tam</span> <span class='ocrx_word' id='word_1_430' title='bbox 1249 2628 1381 2670; x_wconf 84' lang='lat' dir='ltr'>gratae</span> <span class='ocrx_word' id='word_1_431' title='bbox 1414 2628 1550 2661; x_wconf 87' lang='lat' dir='ltr'>ettam</span> <span class='ocrx_word' id='word_1_432' title='bbox 1579 2621 1775 2671; x_wconf 86' lang='lat' dir='ltr'>jucundae</span> <span class='ocrx_word' id='word_1_433' title='bbox 1806 2626 1897 2660; x_wconf 88' lang='lat' dir='ltr'>tuae</span> 
     </span>
     <span class='ocr_line' id='line_1_42' title="bbox 96 2680 1896 2730; baseline 0.001 -14"><span class='ocrx_word' id='word_1_434' title='bbox 96 2682 295 2730; x_wconf 85' lang='lat' dir='ltr'>proximae</span> <span class='ocrx_word' id='word_1_435' title='bbox 326 2680 473 2725; x_wconf 85' lang='lat' dir='ltr'>literae,</span> <span class='ocrx_word' id='word_1_436' title='bbox 509 2691 624 2728; x_wconf 88' lang='lat' dir='ltr'>quam</span> <span class='ocrx_word' id='word_1_437' title='bbox 658 2691 757 2728; x_wconf 89' lang='lat' dir='ltr'>quae</span> <span class='ocrx_word' id='word_1_438' title='bbox 790 2684 827 2717; x_wconf 93' lang='lat' dir='ltr'>et</span> <span class='ocrx_word' id='word_1_439' title='bbox 857 2681 1100 2728; x_wconf 86' lang='lat' dir='ltr'>gratissimae</span> <span class='ocrx_word' id='word_1_440' title='bbox 1133 2685 1168 2717; x_wconf 91' lang='lat' dir='ltr'>et</span> <span class='ocrx_word' id='word_1_441' title='bbox 1195 2680 1514 2728; x_wconf 84' lang='lat' dir='ltr'>jucundissimae.</span> <span class='ocrx_word' id='word_1_442' title='bbox 1569 2681 1688 2718; x_wconf 88' lang='lat' dir='ltr'>Erant</span> <span class='ocrx_word' id='word_1_443' title='bbox 1718 2681 1896 2718; x_wconf 86' lang='lat' dir='ltr'>nimirum</span> 
     </span>
     <span class='ocr_line' id='line_1_43' title="bbox 97 2737 1898 2786; baseline -0.001 -9"><span class='ocrx_word' id='word_1_444' title='bbox 97 2738 394 2777; x_wconf 86' lang='lat' dir='ltr'>benevolentiae</span> <span class='ocrx_word' id='word_1_445' title='bbox 425 2739 684 2775; x_wconf 87' lang='lat' dir='ltr'>amicissimae</span> <span class='ocrx_word' id='word_1_446' title='bbox 716 2737 880 2786; x_wconf 77' lang='lat' dir='ltr'>plenae“</span> <span class='ocrx_word' id='word_1_447' title='bbox 916 2742 988 2775; x_wconf 88' lang='lat' dir='ltr'>etc.</span> <span class='ocrx_word' id='word_1_448' title='bbox 1048 2737 1156 2775; x_wconf 86' lang='lat' dir='ltr'>Idem</span> <span class='ocrx_word' id='word_1_449' title='bbox 1189 2744 1323 2775; x_wconf 84' lang='lat' dir='ltr'>exorta</span> <span class='ocrx_word' id='word_1_450' title='bbox 1354 2750 1454 2776; x_wconf 90' lang='lat' dir='ltr'>anno</span> <span class='ocrx_word' id='word_1_451' title='bbox 1491 2743 1613 2777; x_wconf 83' lang='lat'>1607.</span> <span class='ocrx_word' id='word_1_452' title='bbox 1646 2739 1685 2775; x_wconf 87' lang='lat' dir='ltr'>in</span> <span class='ocrx_word' id='word_1_453' title='bbox 1707 2738 1898 2776; x_wconf 88' lang='lat' dir='ltr'>Bohemia</span> 
     </span>
     <span class='ocr_line' id='line_1_44' title="bbox 96 2795 1895 2846; baseline 0.001 -11"><span class='ocrx_word' id='word_1_454' title='bbox 96 2797 317 2846; x_wconf 86' lang='lat' dir='ltr'>pestilentia</span> <span class='ocrx_word' id='word_1_455' title='bbox 338 2795 526 2833; x_wconf 90' lang='lat' dir='ltr'>sollicitus</span> <span class='ocrx_word' id='word_1_456' title='bbox 547 2795 644 2833; x_wconf 87' lang='lat' dir='ltr'>haec</span> <span class='ocrx_word' id='word_1_457' title='bbox 665 2795 816 2833; x_wconf 88' lang='lat' dir='ltr'>scribit:</span> <span class='ocrx_word' id='word_1_458' title='bbox 850 2795 923 2832; x_wconf 87' lang='lat' dir='ltr'>Tui</span> <span class='ocrx_word' id='word_1_459' title='bbox 956 2796 1129 2843; x_wconf 88' lang='lat' dir='ltr'>inprimis</span> <span class='ocrx_word' id='word_1_460' title='bbox 1152 2807 1197 2832; x_wconf 87' lang='lat' dir='ltr'>ac</span> <span class='ocrx_word' id='word_1_461' title='bbox 1228 2800 1379 2833; x_wconf 85' lang='lat' dir='ltr'>tuorum</span> <span class='ocrx_word' id='word_1_462' title='bbox 1412 2798 1534 2835; x_wconf 91' lang='lat' dir='ltr'>vicem</span> <span class='ocrx_word' id='word_1_463' title='bbox 1557 2798 1670 2834; x_wconf 87' lang='lat' dir='ltr'>anxie</span> <span class='ocrx_word' id='word_1_464' title='bbox 1702 2795 1895 2837; x_wconf 87' lang='lat' dir='ltr'>dolebam.</span> 
     </span>
     <span class='ocr_line' id='line_1_45' title="bbox 96 2852 1896 2903; baseline 0.001 -11"><span class='ocrx_word' id='word_1_465' title='bbox 96 2856 264 2893; x_wconf 90' lang='lat' dir='ltr'>Nimium</span> <span class='ocrx_word' id='word_1_466' title='bbox 298 2856 398 2893; x_wconf 90' lang='lat' dir='ltr'>enim</span> <span class='ocrx_word' id='word_1_467' title='bbox 430 2854 602 2899; x_wconf 86' lang='lat' dir='ltr'>verebar,</span> <span class='ocrx_word' id='word_1_468' title='bbox 636 2865 683 2890; x_wconf 84' lang='lat' dir='ltr'>ne</span> <span class='ocrx_word' id='word_1_469' title='bbox 715 2852 913 2901; x_wconf 88' lang='lat' dir='ltr'>publicum</span> <span class='ocrx_word' id='word_1_470' title='bbox 936 2852 1029 2889; x_wconf 88' lang='lat' dir='ltr'>illud</span> <span class='ocrx_word' id='word_1_471' title='bbox 1054 2854 1263 2890; x_wconf 90' lang='lat' dir='ltr'>maximum</span> <span class='ocrx_word' id='word_1_472' title='bbox 1285 2854 1428 2891; x_wconf 85' lang='lat' dir='ltr'>malum</span> <span class='ocrx_word' id='word_1_473' title='bbox 1451 2866 1521 2892; x_wconf 91' lang='lat' dir='ltr'>vos</span> <span class='ocrx_word' id='word_1_474' title='bbox 1545 2866 1699 2903; x_wconf 89' lang='lat' dir='ltr'>quoque</span> <span class='ocrx_word' id='word_1_475' title='bbox 1721 2855 1896 2903; x_wconf 83' lang='lat' dir='ltr'>privatos</span> 
     </span>
     <span class='ocr_line' id='line_1_46' title="bbox 102 2910 1896 2962; baseline 0 -11"><span class='ocrx_word' id='word_1_476' title='bbox 102 2912 365 2962; x_wconf 88' lang='lat' dir='ltr'>compellaret.</span> <span class='ocrx_word' id='word_1_477' title='bbox 409 2911 529 2961; x_wconf 85' lang='lat' dir='ltr'>Spero</span> <span class='ocrx_word' id='word_1_478' title='bbox 563 2917 600 2948; x_wconf 89' lang='lat' dir='ltr'>et</span> <span class='ocrx_word' id='word_1_479' title='bbox 632 2916 735 2948; x_wconf 88' lang='lat' dir='ltr'>certo</span> <span class='ocrx_word' id='word_1_480' title='bbox 769 2910 932 2957; x_wconf 87' lang='lat' dir='ltr'>confido,</span> <span class='ocrx_word' id='word_1_481' title='bbox 966 2910 1146 2958; x_wconf 79' lang='lat' dir='ltr'>angelum</span> <span class='ocrx_word' id='word_1_482' title='bbox 1178 2911 1286 2947; x_wconf 91' lang='lat' dir='ltr'>illum</span> <span class='ocrx_word' id='word_1_483' title='bbox 1309 2912 1591 2950; x_wconf 89' lang='lat' dir='ltr'>interfectorem</span> <span class='ocrx_word' id='word_1_484' title='bbox 1620 2913 1731 2961; x_wconf 85' lang='lat' dir='ltr'>jussu</span> <span class='ocrx_word' id='word_1_485' title='bbox 1763 2912 1896 2951; x_wconf 89' lang='lat' dir='ltr'>divino</span> 
     </span>
     <span class='ocr_line' id='line_1_47' title="bbox 102 2967 1895 3020; baseline 0 -12"><span class='ocrx_word' id='word_1_486' title='bbox 102 2972 214 3009; x_wconf 90' lang='lat' dir='ltr'>vobis</span> <span class='ocrx_word' id='word_1_487' title='bbox 245 2971 475 3020; x_wconf 80' lang='lat' dir='ltr'>pepercisse.</span> <span class='ocrx_word' id='word_1_488' title='bbox 541 2969 653 3006; x_wconf 86' lang='lat' dir='ltr'>Anno</span> <span class='ocrx_word' id='word_1_489' title='bbox 689 2973 810 3008; x_wconf 80' lang='grc'><strong>1614.</strong></span> <span class='ocrx_word' id='word_1_490' title='bbox 849 2967 949 3006; x_wconf 87' lang='lat' dir='ltr'>idem</span> <span class='ocrx_word' id='word_1_491' title='bbox 983 2967 1159 3005; x_wconf 85' lang='lat' dir='ltr'>Rhodius</span> <span class='ocrx_word' id='word_1_492' title='bbox 1191 2968 1308 3006; x_wconf 90' lang='lat' dir='ltr'>hacc:</span> <span class='ocrx_word' id='word_1_493' title='bbox 1353 2968 1598 3019; x_wconf 87' lang='lat' dir='ltr'>Quamquam</span> <span class='ocrx_word' id='word_1_494' title='bbox 1630 2981 1703 3018; x_wconf 86' lang='lat' dir='ltr'>ego</span> <span class='ocrx_word' id='word_1_495' title='bbox 1731 2970 1812 3017; x_wconf 88' lang='lat' dir='ltr'>jam</span> <span class='ocrx_word' id='word_1_496' title='bbox 1845 2971 1895 3008; x_wconf 87' lang='lat' dir='ltr'>ab</span> 
     </span>
     <span class='ocr_line' id='line_1_48' title="bbox 98 3025 1894 3078; baseline -0.001 -11"><span class='ocrx_word' id='word_1_497' title='bbox 98 3029 248 3078; x_wconf 88' lang='lat' dir='ltr'>aliquot</span> <span class='ocrx_word' id='word_1_498' title='bbox 279 3030 388 3066; x_wconf 88' lang='lat' dir='ltr'>annis</span> <span class='ocrx_word' id='word_1_499' title='bbox 421 3027 549 3065; x_wconf 87' lang='lat' dir='ltr'>nullas</span> <span class='ocrx_word' id='word_1_500' title='bbox 581 3038 706 3076; x_wconf 88' lang='lat' dir='ltr'>neque</span> <span class='ocrx_word' id='word_1_501' title='bbox 739 3026 787 3063; x_wconf 87' lang='lat' dir='ltr'>ad</span> <span class='ocrx_word' id='word_1_502' title='bbox 819 3030 856 3063; x_wconf 85' lang='lat' dir='ltr'>te</span> <span class='ocrx_word' id='word_1_503' title='bbox 890 3025 976 3064; x_wconf 88' lang='lat' dir='ltr'>dedi</span> <span class='ocrx_word' id='word_1_504' title='bbox 1009 3037 1134 3074; x_wconf 89' lang='lat' dir='ltr'>neque</span> <span class='ocrx_word' id='word_1_505' title='bbox 1167 3038 1188 3062; x_wconf 89' lang='lat' dir='ltr'>a</span> <span class='ocrx_word' id='word_1_506' title='bbox 1221 3031 1257 3064; x_wconf 88' lang='lat' dir='ltr'>te</span> <span class='ocrx_word' id='word_1_507' title='bbox 1280 3029 1412 3076; x_wconf 88' lang='lat' dir='ltr'>accepi</span> <span class='ocrx_word' id='word_1_508' title='bbox 1443 3028 1586 3071; x_wconf 79' lang='lat' dir='ltr'>literas,</span> <span class='ocrx_word' id='word_1_509' title='bbox 1619 3030 1721 3066; x_wconf 86' lang='lat' dir='ltr'>scias</span> <span class='ocrx_word' id='word_1_510' title='bbox 1752 3033 1894 3076; x_wconf 88' lang='lat' dir='ltr'>tamen,</span> 
     </span>
     <span class='ocr_line' id='line_1_49' title="bbox 99 3084 1895 3136; baseline 0.001 -12"><span class='ocrx_word' id='word_1_511' title='bbox 99 3089 152 3124; x_wconf 89' lang='lat' dir='ltr'>tui</span> <span class='ocrx_word' id='word_1_512' title='bbox 186 3087 289 3136; x_wconf 90' lang='lat' dir='ltr'>apud</span> <span class='ocrx_word' id='word_1_513' title='bbox 320 3099 381 3124; x_wconf 88' lang='lat' dir='ltr'>me</span> <span class='ocrx_word' id='word_1_514' title='bbox 411 3087 635 3125; x_wconf 87' lang='lat' dir='ltr'>memoriam</span> <span class='ocrx_word' id='word_1_515' title='bbox 679 3096 764 3123; x_wconf 85' lang='lat' dir='ltr'>esse</span> <span class='ocrx_word' id='word_1_516' title='bbox 807 3084 1089 3132; x_wconf 89' lang='lat' dir='ltr'>quotidianam,</span> <span class='ocrx_word' id='word_1_517' title='bbox 1130 3096 1207 3132; x_wconf 89' lang='lat' dir='ltr'>qua</span> <span class='ocrx_word' id='word_1_518' title='bbox 1250 3096 1324 3121; x_wconf 89' lang='lat' dir='ltr'>non</span> <span class='ocrx_word' id='word_1_519' title='bbox 1368 3085 1494 3124; x_wconf 87' lang='lat' dir='ltr'>solum</span> <span class='ocrx_word' id='word_1_520' title='bbox 1534 3086 1712 3125; x_wconf 88' lang='lat' dir='ltr'>recordor</span> <span class='ocrx_word' id='word_1_521' title='bbox 1753 3088 1895 3125; x_wconf 87' lang='lat' dir='ltr'>veteris</span> 
     </span>
     <span class='ocr_line' id='line_1_50' title="bbox 97 3142 1894 3194; baseline 0.001 -13"><span class='ocrx_word' id='word_1_522' title='bbox 97 3144 201 3182; x_wconf 91' lang='lat' dir='ltr'>illius</span> <span class='ocrx_word' id='word_1_523' title='bbox 243 3149 397 3183; x_wconf 87' lang='lat' dir='ltr'>nostrae</span> <span class='ocrx_word' id='word_1_524' title='bbox 437 3145 650 3190; x_wconf 82' lang='lat' dir='ltr'>amicitiae,</span> <span class='ocrx_word' id='word_1_525' title='bbox 701 3142 768 3181; x_wconf 88' lang='lat' dir='ltr'>sed</span> <span class='ocrx_word' id='word_1_526' title='bbox 810 3143 984 3191; x_wconf 88' lang='lat' dir='ltr'>inprimis</span> <span class='ocrx_word' id='word_1_527' title='bbox 1023 3146 1176 3179; x_wconf 87' lang='lat' dir='ltr'>tuorum</span> <span class='ocrx_word' id='word_1_528' title='bbox 1214 3143 1613 3192; x_wconf 82' lang='lat' dir='ltr'>ingeniosissimorum</span> <span class='ocrx_word' id='word_1_529' title='bbox 1652 3145 1894 3194; x_wconf 86' lang='lat' dir='ltr'>scriptorum,</span> 
     </span>
     <span class='ocr_line' id='line_1_51' title="bbox 101 3200 1895 3256; baseline 0.002 -16"><span class='ocrx_word' id='word_1_530' title='bbox 101 3204 242 3253; x_wconf 86' lang='lat' dir='ltr'>quibus</span> <span class='ocrx_word' id='word_1_531' title='bbox 276 3215 354 3241; x_wconf 90' lang='lat' dir='ltr'>rem</span> <span class='ocrx_word' id='word_1_532' title='bbox 386 3203 709 3251; x_wconf 85' lang='lat' dir='ltr'>mathematicam,</span> <span class='ocrx_word' id='word_1_533' title='bbox 743 3203 775 3239; x_wconf 84' lang='lat' dir='ltr'>si</span> <span class='ocrx_word' id='word_1_534' title='bbox 807 3202 894 3252; x_wconf 90' lang='lat' dir='ltr'>quis</span> <span class='ocrx_word' id='word_1_535' title='bbox 927 3200 1037 3251; x_wconf 86' lang='lat' dir='ltr'>alius,</span> <span class='ocrx_word' id='word_1_536' title='bbox 1071 3200 1119 3239; x_wconf 90' lang='lat' dir='ltr'>ad</span> <span class='ocrx_word' id='word_1_537' title='bbox 1153 3201 1278 3252; x_wconf 88' lang='lat' dir='ltr'>ipsum</span> <span class='ocrx_word' id='word_1_538' title='bbox 1310 3201 1507 3256; x_wconf 80' lang='lat' dir='ltr'>fastigium</span> <span class='ocrx_word' id='word_1_539' title='bbox 1528 3215 1651 3256; x_wconf 85' lang='lat' dir='ltr'>usque</span> <span class='ocrx_word' id='word_1_540' title='bbox 1673 3214 1895 3256; x_wconf 78' lang='lat' dir='ltr'>promoves,</span> 
     </span>
    </p>
   </div>
  </div>
 </body>
</html>
