2157 3398
233 151 316 196 648
636 149 873 186 Summarium
896 148 1077 185 Historiae
1101 148 1356 185 Astronomiae
1381 148 1502 185 seculo
1527 148 1623 185 XVI.

236 270 432 316 Copernico
460 272 620 304 statuere
645 267 806 310 velimus,
833 267 981 302 Terram
1008 267 1190 302 annuatim
1209 267 1382 312 convolvi,
1410 268 1505 312 quod
1524 267 1642 302 adhue
1667 267 1774 311 longe
1789 267 1926 313 majore
1944 278 2025 313 pro-

232 329 379 364 batione
410 328 560 370 indiget,
591 327 662 360 imo
694 325 730 359 id
762 326 811 360 ita
845 336 883 360 se
916 335 1145 370 nequaquam
1176 325 1324 370 habere,
1356 337 1423 362 suo
1455 328 1531 361 Zoco
1564 327 1762 362 luculenter
1789 327 2027 362 ostendemus.

234 386 339 431 Quod
370 385 560 421 affixarum
594 383 779 418 stellarum
811 385 934 419 orbem
971 383 1158 427 Copernici
1189 383 1387 419 imitatione
1422 384 1512 418 adeo
1546 383 1658 418 vastis
1692 384 1897 419 interstitiis
1931 384 2028 419 ultra

235 444 378 481 Saturni
406 443 594 487 sphaeram
619 446 790 485 removet,
817 446 857 476 ut
882 440 1038 485 spatium
1063 439 1172 484 illud,
1211 441 1306 485 quod
1332 446 1387 477 est
1412 452 1432 476 a
1457 441 1541 476 Sole
1567 442 1611 476 ad
1638 452 1720 486 nos,
1755 442 1833 486 ejus
1859 447 2027 487 respectu

234 501 442 538 insensibile
469 500 615 544 evadat,
649 510 723 534 non
748 504 854 534 antea
879 500 930 534 ita
957 509 995 533 se
1020 499 1155 534 habere
1179 499 1426 543 persuadebit,
1463 510 1568 545 quam
1595 499 1715 534 Solem
1740 500 1775 534 in
1801 506 1924 535 centro
1950 501 2028 535 uni-

234 561 326 596 versi
351 571 389 594 re
414 570 498 594 vera
523 559 768 602 quiescentem
794 558 1017 601 Terramque
1050 557 1141 591 circa
1178 557 1276 593 hunc
1307 558 1550 594 anniversarie
1584 559 1746 594 convolvi
1773 558 1929 593 evicerit.
1979 559 2028 593 Et

233 620 263 654 si
288 618 378 653 nihil
402 617 499 652 aliud
525 616 785 650 absurditatem
810 616 845 649 in
870 615 938 649 hac
965 615 1206 659 Copernicaea
1232 616 1495 651 revolutionum
1514 616 1773 651 mundanarum
1791 616 2029 661 dispositione

234 677 436 721 detegeret,
470 674 506 709 id
532 674 657 718 utique
682 673 883 717 sufficeret,
915 673 1011 718 quod
1037 673 1126 708 adeo
1152 673 1363 709 immensum
1389 676 1545 720 spatium
1570 675 1665 709 intra
1692 675 1886 709 Saturnum
1912 679 1948 710 et
1972 675 2030 710 fir-

233 738 451 769 mamentum
477 732 663 769 stellarum
688 742 839 776 prorsus
866 732 1044 766 sideribus
1071 742 1222 767 vacuum
1248 732 1409 776 nullique
1435 733 1517 766 usui
1543 732 1762 767 destinatum
1788 732 2005 767 admitteret.

370 792 585 828 Maestlinus
612 791 731 826 locum
758 791 884 826 stellae
911 795 1096 835 computat
1121 790 1295 825 adhibens
1324 795 1478 834 quatuor
1503 790 1594 826 fixas
1620 792 1665 836 (5.
1694 796 1730 827 et
1746 792 1783 828 8.
1802 792 2029 836 Cassiopeae,

232 853 265 887 8.
295 851 439 896 Cephei,
465 851 519 886 20.
546 850 661 885 Ursae
686 849 844 893 majoris,
873 848 997 883 ordine
1025 848 1283 892 Copernicano,
1310 848 1505 884 secundum
1532 848 1858 884 denominationem
1875 849 2028 884 Brahei:

235 921 330 956 genu
366 914 401 943 et
425 908 582 944 lucidam
607 908 643 942 in
678 906 850 942 cathedra
877 905 1110 950 Cassiopeae,
1147 906 1332 941 sinistrum
1365 906 1551 941 brachium
1577 908 1713 952 Cephei
1747 912 1782 942 et
1812 907 1968 942 lucidam
1993 908 2029 942 in

231 968 323 1014 pede
340 968 479 1011 Ursae),
506 976 656 1010 quarum
681 964 923 1008 longitudines
950 968 985 998 et
1010 963 1217 998 latitudines
1243 974 1287 998 ex
1308 964 1496 1009 Copernici
1522 965 1686 1008 catalogo
1714 965 1897 1009 desumsit,
1922 965 2022 1000 inde-

232 1037 302 1071 que
327 1024 566 1070 deprehendit
591 1023 718 1058 stellae
742 1022 840 1066 long.
867 1024 906 1057 00
932 1022 988 1057 35¹
1007 1024 1061 1065 ὃ,
1087 1021 1149 1058 lat.
1176 1023 1238 1056 540
1262 1022 1339 1057 bor.
1388 1023 1466 1057 Hoc
1501 1023 1658 1067 probans
1686 1024 1821 1068 Tycho,
1856 1023 2029 1058 adhibitis

229 1085 319 1120 locis
346 1089 382 1118 et
406 1082 659 1117 latitudinibus
692 1080 846 1115 fixarum
880 1080 923 1115 ab
955 1081 1034 1124 ipso
1068 1080 1290 1123 constitutis,
1326 1080 1445 1115 locum
1478 1080 1605 1116 stellae
1639 1091 1682 1116 ex
1715 1082 2030 1117 observationibus

233 1141 417 1177 Maestlini
441 1141 578 1174 invenit
606 1141 646 1174 7⁰
663 1141 694 1173 δ’
713 1140 757 1174 8”
779 1140 832 1182 ὃ),
860 1138 921 1173 lat.
950 1138 1011 1172 530
1029 1138 1094 1181 39¹,
1123 1138 1206 1173 dum
1232 1137 1347 1182 ipsius
1373 1138 1641 1174 observationes
1661 1139 1834 1175 exhibent
1850 1140 1889 1175 6⁰
1907 1139 1961 1174 54⁴
1983 1142 2020 1178 Ἡ

234 1205 270 1237 et
293 1200 355 1235 lat.
384 1200 445 1234 530
468 1199 539 1234 45¹.

371 1257 550 1292 Libellum
576 1254 759 1290 Maestlini
786 1255 830 1289 de
855 1259 995 1289 cometa
1022 1255 1104 1289 anni
1132 1256 1220 1290 1577
1254 1255 1379 1300 paucis
1417 1256 1570 1291 diximus
1605 1257 1674 1291 vol.
1700 1257 1728 1291 Ι.
1755 1268 1789 1301 p.
1817 1257 1900 1300 188,
1938 1267 2030 1301 quae

233 1317 289 1352 his
315 1315 535 1360 supplemus.
585 1313 709 1359 Tycho
736 1313 865 1347 iterum
889 1312 1043 1347 laudans
1061 1312 1246 1348 Maestlini
1271 1314 1307 1347 in
1334 1313 1559 1349 observando
1587 1314 1824 1350 subtilitatem
1847 1314 1903 1349 his
1921 1314 2030 1349 ratio-

235 1385 317 1410 nem
343 1374 420 1417 ejus
448 1371 635 1407 describit:
667 1370 968 1412 „Observationes
995 1381 1090 1414 suas,
1120 1371 1314 1406 destitutus
1342 1374 1437 1407 omni
1462 1373 1783 1408 instrumentorum
1809 1373 1929 1418 copia,
1962 1373 2030 1407 ite-

234 1443 312 1467 rum
338 1442 401 1476 per
426 1431 524 1465 filum
550 1434 688 1464 tantum
708 1429 858 1473 perfecit
876 1431 919 1464 ad
940 1431 1082 1465 oculum
1101 1430 1331 1476 applicatum,
1359 1432 1454 1476 quod
1481 1433 1600 1476 dirigit
1626 1433 1670 1468 ad
1689 1434 1709 1467 4
1729 1433 1886 1468 diversas
1905 1431 2031 1468 stellas

236 1490 303 1524 hac
329 1489 480 1529 ratione,
506 1492 547 1522 ut
572 1488 671 1523 sidus
699 1487 963 1522 observandum
990 1488 1025 1522 in
1050 1488 1152 1524 binas
1178 1490 1314 1525 incidat
1339 1495 1467 1534 rectas,
1493 1493 1538 1526 ab
1564 1492 1634 1526 illis
1661 1491 1775 1527 stellis
1801 1491 2033 1527 transversim

237 1549 374 1583 ductas.
423 1547 536 1582 Nimis
563 1551 682 1580 autem
710 1557 859 1581 securus
885 1546 952 1582 fuit
976 1547 1011 1581 in
1038 1547 1302 1583 constituendis
1334 1548 1486 1583 fixarum
1519 1549 1808 1594 longitudinibus
1834 1550 2031 1585 latitudini-

234 1608 374 1650 busque
399 1605 529 1650 partim
557 1614 574 1638 c
600 1603 802 1639 Prutenicis
829 1604 1005 1650 deductis,
1032 1605 1081 1638 ita
1108 1609 1147 1640 ut
1173 1616 1272 1640 error
1298 1606 1333 1640 in
1359 1606 1572 1650 quibusdam
1597 1609 1776 1652 integrum
1795 1607 1945 1653 gradum
1972 1618 2032 1642 ex-

236 1667 341 1702 cedat
375 1676 490 1710 eoque
526 1666 641 1700 minus
674 1668 840 1700 accurate
876 1666 974 1700 locus
1001 1671 1162 1700 cometae
1187 1667 1357 1702 constitui
1392 1666 1562 1711 potuerit.
1610 1666 1666 1700 Eo
1692 1666 1805 1710 magis
1830 1665 2032 1700 mirandum

235 1729 310 1769 est,
349 1723 579 1758 Maestlinum
612 1728 686 1757 tam
720 1733 847 1767 parum
872 1734 892 1757 a
923 1724 1072 1758 veritate
1106 1724 1292 1759 aberrasse
1329 1725 1364 1758 in
1402 1724 1569 1759 eruendis
1602 1727 1763 1758 cometae
1799 1722 2031 1767 apparentiis.

234 1783 370 1817 Locum
387 1782 651 1817 intersectionis
670 1782 793 1816 circuli
811 1786 970 1817 cometae
990 1793 1069 1816 cum
1088 1782 1254 1825 ecliptica
1272 1783 1374 1826 ponit
1391 1783 1427 1816 in
1444 1782 1507 1817 ⁴210
1525 1787 1571 1826 φ,
1590 1782 1759 1826 angulum
1778 1780 2032 1824 obliquationis

236 1841 411 1876 maximae
438 1842 564 1876 statuit
588 1842 652 1876 280
678 1841 743 1875 28‘.
794 1841 826 1875 E
854 1841 1042 1885 Copernici
1066 1841 1330 1885 hypothesibus
1354 1840 1548 1884 investigat
1575 1841 1698 1875 orbem
1724 1839 1903 1883 quendam
1937 1837 2033 1872 circa

234 1900 424 1944 sphaeram
448 1900 618 1943 Veneris,
652 1900 713 1943 qui
738 1899 987 1934 latitudinibus
1014 1900 1092 1943 ejus
1124 1905 1278 1944 praeest,
1316 1899 1418 1943 cujus
1446 1898 1675 1934 commutatio
1701 1897 1828 1932 diurna
1855 1897 1901 1931 sit
1917 1897 1957 1930 1⁰
1975 1896 2031 1930 21¹

238 1957 414 2001 cujusque
442 1957 551 1992 ductu
578 1962 752 1993 cometam
779 1958 813 1991 in
840 1958 1099 2002 consequentia
1126 1959 1308 2003 signorum
1335 1957 1565 1992 convolutum
1592 1966 1670 1991 esse
1697 1955 1862 1991 affirmat.
1914 1953 2030 1997 Quum

235 2019 354 2049 autem
378 2014 436 2049 hic
463 2015 561 2050 solus
587 2016 682 2050 orbis
710 2017 930 2061 apparentiis
957 2021 1119 2051 cometae
1145 2016 1180 2050 in
1207 2015 1466 2059 longitudinem
1492 2025 1563 2050 non
1589 2014 1757 2059 sufficiat,
1783 2013 1883 2048 addit
1909 2011 2031 2047 circel-

235 2071 308 2106 lum
333 2072 440 2116 plano
466 2073 571 2117 primi
597 2074 693 2108 orbis
720 2075 765 2109 ad
793 2077 943 2120 angulos
968 2081 1086 2110 rectos
1120 2077 1402 2119 incumbentem,
1436 2075 1471 2108 in
1499 2075 1603 2119 cujus
1630 2074 1803 2109 diametro
1829 2073 2031 2108 librationis

237 2131 391 2173 quodam
415 2137 515 2167 motu
542 2138 682 2168 cometa
707 2134 951 2177 reciprocetur
978 2138 1012 2167 ct
1037 2144 1267 2177 progressum
1292 2134 1327 2167 in
1354 2133 1439 2168 orbe
1472 2132 1598 2176 majori
1623 2142 1719 2166 nunc
1749 2131 1910 2166 inhibeat
1935 2142 2030 2166 nunc

235 2189 421 2233 acceleret,
449 2191 750 2226 semidiametrum
775 2192 870 2227 orbis
890 2192 1083 2227 deferentis
1105 2193 1288 2236 aequalem
1316 2191 1465 2227 assumit
1482 2190 1745 2225 semidiametro
1765 2188 1860 2224 orbis
1881 2189 2031 2223 Veneris

235 2250 390 2294 partium
415 2250 523 2293 8420,
557 2250 717 2294 qualium
748 2251 871 2286 semid.
907 2251 1003 2286 orbis
1035 2252 1169 2285 terreni
1201 2250 1309 2285 annui
1344 2254 1398 2284 est
1429 2250 1557 2293 100003
1595 2249 1861 2284 semidiametro
1896 2248 2031 2283 circelli

233 2308 357 2343 tribuit
382 2310 421 2343 7⁰
439 2309 512 2351 153
540 2309 842 2344 eccentricitatem
869 2309 965 2343 orbis
991 2310 1094 2353 ponit
1120 2309 1313 2344 earundem
1338 2307 1492 2352 partium
1517 2308 1619 2342 246.“
1648 2327 1691 2331 ——
1715 2307 1872 2352 Reponit
1898 2308 2031 2342 Maest-

234 2367 329 2401 linus
356 2370 530 2402 cometam
548 2367 585 2401 in
603 2366 777 2401 altissimo
797 2367 958 2411 aethere,
985 2367 1136 2401 aliorum
1154 2372 1273 2402 autem
1289 2367 1433 2401 innixus
1452 2365 1664 2401 auctoritate
1690 2377 1761 2400 non
1787 2369 1910 2409 negat,
1936 2364 2030 2409 prio-

235 2436 313 2459 rum
338 2429 539 2470 temporum
565 2429 722 2460 cometas
749 2424 961 2460 sublunares
980 2426 1182 2467 exstitisse,
1210 2426 1277 2469 „ab
1306 2423 1573 2459 exhalationum
1592 2424 1742 2458 materia
1759 2434 1901 2459 sursum
1926 2427 2031 2467 rapta

237 2487 272 2517 et
297 2482 516 2518 inflammata
541 2484 679 2519 initium
713 2483 878 2526 duxisse,
905 2494 994 2527 vago
1019 2484 1228 2526 incertoque
1253 2488 1351 2517 motu
1378 2482 1623 2517 discurrisse.“
1676 2481 1834 2516 Caudam
1866 2485 2028 2516 cometae

235 2552 306 2575 non
339 2542 472 2577 directe
505 2542 541 2576 in
567 2542 751 2587 oppositas
779 2540 852 2576 Soli
883 2546 1022 2586 partes,
1058 2542 1121 2576 sed
1154 2541 1237 2576 inde
1271 2540 1427 2575 evidenti
1457 2538 1645 2574 intervallo
1683 2539 1899 2581 declinasse,
1937 2540 2030 2575 sicut

237 2600 360 2645 Tycho
387 2601 473 2644 vult,
500 2612 572 2636 non
598 2601 730 2636 strictis
756 2600 873 2635 verbis
899 2600 1114 2635 Maestlinus
1140 2599 1336 2644 contendit,
1364 2599 1428 2634 sed
1453 2598 1524 2633 tale
1551 2598 1636 2642 quid
1662 2599 1831 2642 voluisse,
1858 2597 2028 2642 colligere

235 2658 320 2694 licet
347 2670 390 2694 ex
417 2660 656 2695 delineatione
682 2659 855 2705 opusculo
881 2659 1055 2702 praefixa.

372 2718 464 2752 Huic
498 2718 677 2763 Tychonis
711 2717 928 2752 enarrationi
967 2727 1125 2752 summae
1156 2717 1280 2762 scripti
1310 2717 1554 2753 Maestliniani
1584 2718 1674 2753 haec
1708 2717 1881 2753 addimus.
1933 2715 2029 2752 Scite

239 2775 346 2810 refert
378 2777 595 2812 Maestlinus
630 2776 778 2811 aliorum
813 2776 1101 2821 observationes,
1137 2787 1227 2820 quae
1260 2776 1329 2821 ipsi
1363 2777 1614 2816 innotuerunt,
1655 2784 1849 2818 eorumque
1887 2784 2028 2809 errores

239 2833 383 2869 refutat.
432 2835 485 2869 De
511 2835 610 2878 loco,
645 2839 725 2869 ortu
752 2838 788 2869 et
819 2838 947 2869 natura
978 2839 1138 2869 cometae
1163 2834 1315 2878 ingenue
1352 2835 1485 2870 fatetur
1519 2844 1556 2868 se
1589 2832 1639 2868 nil
1671 2833 1757 2868 certi
1788 2833 2028 2876 pronunciare

238 2902 356 2935 posse,
380 2892 689 2928 Aristotelicorum
724 2903 806 2928 vero
838 2893 1106 2934 auctoritatem,
1137 2892 1197 2936 qui
1233 2893 1372 2927 coelum
1404 2892 1513 2928 nullis
1538 2891 1796 2927 mutationibus
1833 2890 2027 2925 obnoxium

241 2959 319 2983 esse
345 2951 576 2991 contendant,
609 2961 731 2986 omnes
765 2956 922 2986 cometas
948 2951 1013 2986 sub
1038 2952 1179 2986 Lunam
1204 2951 1240 2986 in
1265 2954 1384 2985 aerem
1414 2951 1546 2985 Terrae
1574 2949 1766 2985 detrudant
1789 2946 1945 2993 illosque
1971 2960 2026 2984 so-

238 3005 337 3040 boles
363 3007 492 3042 Terrae
529 3008 720 3053 effingant,
753 3009 914 3044 modeste
950 3009 1092 3052 quidem
1118 3009 1181 3044 sed
1213 3008 1378 3052 firmiter,
1412 3007 1594 3042 accersitis
1625 3006 1782 3050 priorum
1810 3006 1853 3041 de
1878 3007 2026 3042 cometis

239 3062 490 3108 relationibus,
522 3065 649 3109 rejicit.
696 3067 827 3102 Verum
862 3072 1022 3103 cometae
1057 3072 1190 3102 motum
1224 3071 1258 3101 et
1291 3065 1495 3101 distantiam
1521 3077 1542 3101 a
1567 3065 1678 3100 Terra
1711 3065 1894 3109 inquirens
1921 3066 2023 3101 dicit:

243 3131 344 3167 „cum
368 3120 550 3159 indefessa
574 3122 804 3161 meditatione
830 3125 1044 3162 usitatarum
1075 3124 1331 3170 hypothesium
1357 3133 1480 3160 omnes
1505 3123 1682 3169 sphaeras
1707 3128 1966 3170 pertractarem
1993 3129 2030 3162 et
