2126 3388
255 178 341 233 900
931 184 1015 220 Vita
1039 176 1189 220 Joannis
1215 184 1373 230 Kepleri.

264 304 435 349 quissima
459 297 515 336 me
549 299 651 344 sequi
682 299 859 344 malleque
884 309 963 334 cum
987 299 1188 344 primitivae
1215 299 1388 336 ecclesiae
1413 297 1619 333 doctoribus
1643 308 1781 344 errare,
1808 309 1914 343 quam
1938 310 2045 334 nova-

257 365 376 396 torum
401 359 592 394 obscuram
620 356 840 401 diligentiam
866 356 1006 393 imitari.
1057 357 1127 392 Sed
1151 362 1240 402 puto
1268 361 1303 392 ct
1327 355 1477 391 firmiter
1501 366 1716 400 persuasum
1738 356 1825 390 mihi
1850 361 1923 400 est,
1950 366 2046 391 erro-

254 429 323 460 res,
351 426 499 461 quorum
524 425 606 450 reos
632 418 744 458 agunt
765 415 1154 450 Catholico-Romanos
1178 418 1370 459 nostrates,
1396 424 1509 449 novos
1535 424 1615 449 esse
1640 424 1706 448 nec
1732 424 1776 448 ex
1802 414 1952 449 ecclesia
1977 413 2047 457 pri-

256 475 388 510 mitiva.
438 472 615 516 Theologi
640 473 755 507 nostri
780 477 926 508 strenue
949 472 1125 507 hactenus
1151 483 1262 508 novos
1288 482 1403 517 aeque
1428 482 1471 507 ac
1496 476 1634 507 veteres
1659 476 1870 517 oppugnant
1895 476 1930 507 et
1953 472 2047 506 inter

254 533 342 567 alios
367 530 542 566 Arndium
567 531 685 574 (quem
710 540 794 565 orco
819 531 953 574 scripto
970 529 1114 574 publico
1132 530 1270 565 addixit
1287 531 1332 566 D.
1350 529 1592 565 Cancellarius
1611 530 1807 574 osiander)‚
1831 530 2047 573 Menzerum,

253 589 486 624 Photinianos
491 614 646 624 ......
694 588 821 622 Frater
852 597 953 622 meus
983 588 1146 631 ignarum
1180 598 1218 622 se
1251 588 1357 633 plane
1382 588 1432 624 ait
1455 587 1604 631 negotii,
1639 586 1848 622 divisionem
1873 586 2047 621 bonorum

252 651 394 681 tuorum
418 649 659 681 maternorum
685 646 948 689 concernentis3
977 645 1042 680 sibi
1069 646 1118 680 nil
1144 646 1429 681 commendatum
1454 645 1578 689 inquit,
1606 644 1668 679 sed
1694 644 1776 679 dedi
1793 644 2047 679 Bidembachio

253 707 386 749 nostro,
413 704 473 748 qui
499 708 538 738 ut
563 708 651 747 puto
677 703 721 738 ad
747 707 1007 738 assessoratum
1034 703 1171 747 Spiram
1197 708 1345 739 vocatus
1373 708 1439 739 est.
1459 724 1502 728 —
1518 703 1740 738 Monetariae
1765 703 1817 736 rei
1842 702 2048 746 depravatio

253 773 369 797 mores
396 766 432 797 et
458 773 596 796 omnem
622 762 769 807 politiae
792 766 828 796 et
854 761 1082 796 oeconomiae
1099 761 1272 796 rationem
1290 761 1472 805 pervertit.
1509 762 1581 796 Res
1599 760 1742 805 quidem
1759 760 1795 794 in
1813 770 1892 795 eum
1918 764 2048 794 statum

252 820 418 855 restituta
443 824 508 864 est,
533 824 573 855 ut
597 820 757 855 thalerus
783 830 848 864 pro
875 821 892 854 1
914 819 951 856 fl.
971 821 1015 855 30
1032 820 1086 855 kr.
1113 819 1352 865 expendatur3
1380 819 1443 854 sed
1466 818 1616 854 necdum
1645 817 1868 862 corruptelae
1895 821 2049 858 cessant,

256 889 346 922 quas
371 879 552 923 corruptio
577 878 639 913 illa
663 879 874 913 introduxit.
922 878 1022 913 Vale.

393 936 492 979 Quae
509 935 688 971 Besoldus
715 936 757 970 de
777 947 919 971 rumore
946 936 1031 971 dicit
1047 940 1205 972 mutatae
1231 937 1326 980 fidei,
1353 942 1438 971 tunc
1464 935 1637 980 temporis
1662 934 1820 970 nondum
1836 944 1920 970 vera
1937 938 2050 977 erant,

258 993 324 1029 sed
348 995 474 1039 paucis
500 995 602 1029 annis
627 999 711 1039 post
735 1005 913 1029 rumorem
939 994 1037 1029 illum
1064 994 1182 1028 exitus
1207 994 1374 1039 probavit
1400 995 1597 1038 (cfr.vol.1.
1623 1006 1658 1036 p.
1679 994 1767 1038 188).
1807 993 1862 1027 De
1886 1003 1925 1028 re
1949 1004 2049 1027 num-

259 1052 371 1087 maria
397 1057 432 1087 et
458 1052 633 1087 similibus
658 1052 748 1086 haec
771 1052 948 1087 Besoldus
982 1052 1163 1096 prioribus
1194 1052 1307 1087 literis
1339 1053 1495 1096 Keplero
1527 1052 1777 1086 nunciaverat:
1811 1051 2049 1096 „Depravatio

257 1111 476 1145 monetariae
511 1110 563 1144 rei
588 1110 707 1144 omnia
730 1109 833 1145 nobis
866 1110 1077 1144 commercia
1103 1110 1285 1156 deprimit,
1318 1122 1383 1146 nec
1409 1111 1514 1146 vendi
1546 1121 1611 1145 nec
1637 1110 1705 1144 emi
1730 1109 1953 1153 necessaria,
1987 1108 2050 1144 sed

261 1172 390 1202 cuncta
414 1168 610 1212 permutari
635 1168 753 1203 solent
758 1194 877 1204 .....
927 1169 1002 1203 Nos
1027 1167 1086 1203 hic
1110 1169 1147 1203 in
1172 1180 1310 1204 summa
1335 1170 1439 1214 copia
1463 1179 1627 1204 annonae
1655 1168 1830 1203 esurimus
1857 1171 1893 1202 et
1913 1167 1989 1211 jam
2014 1167 2049 1201 in

260 1237 301 1261 eo
329 1231 395 1270 est,
422 1231 461 1262 ut
487 1227 681 1271 dissipetur
714 1226 895 1262 academia
930 1231 1070 1268 nostra,
1104 1227 1190 1262 satis
1225 1226 1315 1262 alias
1345 1227 1527 1271 frequens.
1576 1227 1745 1262 Monetae
1776 1230 1813 1261 et
1836 1226 1970 1261 nummi
1994 1224 2050 1259 vel

257 1284 415 1328 pravitas
448 1284 507 1319 vel
541 1285 742 1320 aestimatio
774 1284 910 1318 incerta
936 1294 977 1318 eo
1002 1294 1075 1318 rem
1101 1285 1258 1328 redegit,
1292 1289 1332 1320 ut
1356 1284 1407 1318 nil
1430 1284 1624 1328 vendatur,
1658 1284 1707 1318 nil
1734 1283 1801 1318 emi
1824 1283 1959 1328 possit,
1986 1282 2050 1317 sed

259 1346 388 1377 cuncta
413 1346 677 1386 permutentur:
699 1341 848 1376 nonnisi
873 1341 1052 1377 frumento
1081 1342 1304 1386 comparabis
1329 1343 1459 1383 vinum,
1485 1341 1627 1376 nonnisi
1644 1342 1724 1376 vino
1742 1345 1872 1386 vestes,
1897 1340 2050 1375 calceos.

259 1400 342 1435 Vini
366 1401 448 1435 novi
473 1410 696 1444 mensuram,
724 1401 784 1444 qui
810 1399 972 1443 hospites
1000 1401 1182 1436 studiosos
1209 1401 1329 1443 alunt,
1354 1401 1491 1436 floreno
1518 1402 1572 1437 vel
1598 1402 1704 1437 etiam
1733 1403 1776 1438 18
1799 1401 1896 1436 bazis
1923 1400 2050 1435 distra-

258 1457 362 1492 hunt.
403 1458 483 1492 Jam
511 1459 603 1492 enim
628 1458 806 1502 incipiunt
830 1457 963 1492 sentire
989 1468 1112 1492 omnes
1130 1458 1264 1492 nummi
1281 1459 1478 1494 bonitatem
1496 1460 1725 1496 intrinsecam
1745 1460 1954 1504 justumque
1973 1458 2050 1500 ejus

257 1515 412 1558 pretium
446 1526 517 1550 non
548 1515 748 1559 putativum
781 1525 845 1549 seu
876 1515 1125 1559 imposititium
1157 1516 1416 1561 inspiciendum
1449 1523 1485 1552 et
1517 1529 1561 1553 ex
1588 1529 1629 1554 eo
1663 1518 1820 1553 omnium
1851 1526 1980 1561 capere
2005 1526 2050 1550 ex

260 1581 376 1617 aequa
400 1574 633 1617 proportione
666 1573 964 1608 aestimationem.
990 1594 1033 1597 —
1059 1574 1100 1608 In
1126 1575 1182 1608 his
1217 1575 1343 1610 iisdem
1373 1575 1503 1620 literis,
1539 1576 1632 1610 datis
1664 1586 1755 1610 anno
1783 1587 1811 1611 c.
1839 1575 1941 1618 1622,
1966 1574 2051 1617 legi-

258 1641 357 1665 mus:
384 1630 497 1665 Silent
521 1631 770 1676 inquisitiones
795 1641 890 1665 nunc
914 1631 1010 1675 apud
1036 1643 1120 1674 nos,
1150 1643 1241 1676 quae
1266 1633 1353 1668 mire
1377 1643 1434 1668 me
1458 1633 1660 1677 turbarunt,
1690 1633 1785 1677 quod
1810 1632 1958 1668 viderim
1976 1637 2050 1667 tur-

260 1687 339 1722 bari
362 1688 454 1733 pios,
479 1690 630 1733 probos⁷
656 1689 824 1733 quodque
851 1690 1096 1734 cognoverim,
1129 1701 1173 1725 ex
1201 1691 1312 1726 altera
1342 1696 1446 1735 parte
1472 1691 1648 1725 fanaticos
1680 1690 1811 1725 multos
1838 1690 1904 1724 sub
1931 1689 2050 1733 specie

260 1746 406 1790 pietatis
431 1747 620 1791 profanum
646 1748 870 1792 propositum
897 1748 1028 1782 habere
1053 1749 1170 1785 finem.
1211 1751 1290 1794 Ego
1317 1750 1387 1784 fide
1413 1748 1609 1793 amplector
1634 1748 1761 1792 omnia,
1789 1757 1879 1792 quae
1903 1757 2052 1782 consen-

261 1813 322 1838 sus
347 1804 489 1848 piorum
513 1805 676 1839 Patrum'
689 1805 923 1854 adprobabit,
963 1806 1143 1851 planeque
1174 1807 1209 1842 in
1237 1817 1278 1842 eo
1306 1818 1383 1842 sum
1415 1810 1512 1841 totus
1548 1812 1583 1840 et
1606 1817 1712 1850 porro
1738 1806 1773 1840 in
1801 1816 1841 1840 eo
1866 1805 2050 1848 laborabo,

259 1865 300 1896 ut
324 1862 443 1905 sciam,
469 1863 556 1907 quid
582 1863 626 1898 de
652 1864 784 1899 nostris
811 1864 929 1918 etiam,
955 1864 990 1900 h.
1010 1875 1040 1901 e
1065 1865 1283 1900 Luthelanis
1309 1865 1531 1901 novitatibus
1558 1865 1624 1909 (ita
1643 1863 1821 1900 Catholici
1838 1863 2050 1908 loquuntur)

259 1920 416 1956 sentiant
439 1921 492 1955 illi
515 1922 565 1965 pii
589 1926 722 1966 patres.
749 1943 792 1947 ——
920 1920 982 1960 ''⁸'··.

396 1978 454 2012 Ex
482 1978 811 2020 „observationibus
838 1981 949 2016 aeris‘
976 1982 1012 2016 in
1037 1981 1278 2026 Ephemeride
1303 1981 1411 2025 hujus
1447 1980 1530 2015 anni
1565 1979 1885 2024 deprehendimus,
1919 1979 2050 2024 Keple-

261 2046 341 2070 rum
365 2036 491 2071 Lincio
517 2036 650 2072 abiisse
677 2038 733 2072 die
758 2038 815 2074 20.
843 2039 1074 2081 Novembris,
1109 2044 1363 2075 commoratum
1389 2038 1550 2074 Passavii
1576 2050 1597 2074 a
1624 2039 1679 2074 die
1705 2039 1760 2074 21
1785 2039 1822 2073 in
1847 2039 1904 2083 26,
1933 2038 2052 2073 Ratis-

264 2093 380 2128 bonae
405 2104 519 2138 usque
544 2095 581 2129 in
607 2096 637 2129 S.
665 2096 873 2131 Decembris
901 2102 936 2131 et
960 2097 1042 2131 inde
1061 2097 1201 2133 Ulmam
1226 2098 1432 2142 pervenisse
1458 2108 1489 2133 c.
1516 2097 1608 2132 diem
1634 2097 1665 2132 9.
1686 2096 1904 2132 Decembris.
1944 2097 2054 2132 Ante-

259 2162 367 2195 quam
399 2153 577 2197 Keplerus
608 2153 733 2189 Lincio
767 2155 898 2200 abiret,
940 2156 1052 2191 filium
1088 2157 1329 2200 Ludovicum,
1368 2160 1443 2190 tum
1489 2154 1733 2189 novemdecim
1773 2164 1887 2189 annos
1917 2158 2052 2198 natum,

260 2209 296 2243 in
322 2211 546 2255 gymnasium
573 2211 875 2248 Sulzbachianum
900 2214 1005 2250 misit.
1055 2215 1143 2250 Inde
1169 2214 1368 2258 Tubingam
1399 2214 1497 2249 venit
1526 2214 1623 2249 filius
1655 2225 1684 2249 c.
1709 2225 1868 2250 mensem
1894 2215 2053 2260 Septem-

260 2265 345 2310 bris,
372 2268 468 2312 quod
493 2279 538 2303 ex
563 2269 620 2303 his
647 2274 792 2306 senatus
818 2271 1057 2316 Tubingensis
1082 2273 1196 2308 literis
1222 2272 1484 2308 intercessoriis
1511 2272 1555 2307 ad
1573 2273 1710 2308 Ducem
1727 2272 2054 2318 Wurttembergiae

261 2324 354 2361 datis
379 2331 539 2371 apparet,
567 2327 696 2371 quibus
722 2329 828 2363 etiam
853 2339 984 2365 causae
1011 2330 1212 2366 emissionis
1236 2329 1302 2364 filii
1327 2330 1577 2366 Sulzbachium
1603 2330 1782 2366 dicuntur.

469 2385 801 2431 Durchleuchtiger,
827 2387 1111 2432 Hochgeborner
1133 2390 1254 2424 Furst.

398 2442 444 2478 Ε.
469 2442 511 2477 F.
538 2442 580 2478 G.
606 2443 748 2478 werden
774 2444 857 2479 Sich
881 2444 1058 2480 Zweiffels
1090 2445 1168 2492 frey
1195 2447 1325 2491 gnedig
1357 2447 1523 2482 erinnern
1555 2451 1698 2491 mogen‚
1732 2447 1887 2483 welcher
1910 2456 2052 2483 massen

258 2497 383 2543 jungst
407 2500 632 2535 verwichnen
656 2501 685 2535 F
688 2501 827 2546 rueling
851 2503 887 2537 in
913 2502 1008 2538 Ober
1032 2502 1261 2540 Oesterreich
1284 2505 1339 2540 ein
1366 2505 1555 2547 allgemein
1581 2505 1779 2550 scharpffes
1796 2506 1904 2541 Edict
1928 2516 2052 2549 ergan-

263 2567 330 2601 gen
355 2557 429 2592 und
453 2557 646 2601 publiciert
671 2560 824 2604 worden,
851 2560 933 2596 dass
960 2561 1030 2595 alle
1057 2562 1119 2596 der
1137 2562 1262 2597 Ortten
1287 2563 1545 2598 hausshablich
1571 2573 1762 2607 gesessene
1779 2562 2052 2608 Evangelische,

261 2614 329 2661 bey
352 2616 543 2652 leiblichen
561 2617 687 2663 Ayden
711 2618 919 2653 verbunden
945 2619 1022 2654 sein
1048 2620 1173 2665 sollen,
1201 2622 1283 2656 ihre
1301 2621 1461 2656 Kindern
1487 2632 1553 2655 von
1581 2621 1648 2656 den
1668 2620 1951 2664 Evangelischen
1968 2619 2052 2655 Uni-

262 2675 471 2719 versiteten,
506 2675 592 2710 oder
623 2676 754 2712 andere
786 2676 1011 2720 dergleichen
1037 2677 1180 2724 Ortten,
1219 2680 1313 2714 nach
1337 2680 1447 2715 hauss
1472 2679 1705 2714 zuerfordern
1729 2679 1799 2714 vnd
1822 2689 1888 2713 zue
1913 2677 2052 2713 Pabsti-

263 2731 368 2765 scher
392 2732 559 2777 Religion
585 2732 813 2769 informieren
837 2735 1042 2770 zuelassen:
1082 2737 1193 2772 daher
1217 2738 1378 2782 gevolgt,
1405 2738 1487 2773 dass
1514 2737 1660 2772 ettliche
1685 2737 1910 2782 guthertzige
1935 2735 2052 2769 Land-

263 2787 393 2823 herren
416 2789 452 2822 in
470 2789 564 2825 Ober
581 2790 817 2834 Oesterreich,
845 2804 911 2828 zue
935 2794 1178 2831 rhumblicher
1194 2797 1414 2841 Bezeugung
1438 2797 1515 2831 Irer
1539 2804 1653 2838 gegen
1677 2794 1846 2829 ‚Iohanne
1858 2792 2052 2838 ΚΘΡΡῙΕΓΟ,

263 2846 538 2882 vortrefflichem
563 2849 634 2883 vnd
660 2849 993 2886 weittberuembten
1018 2853 1280 2897 Kayserlichen
1298 2855 1562 2899 Mathematico,
1587 2854 1779 2899 tragender
1801 2852 2053 2896 wolgeneigter

266 2901 442 2948 affection,
470 2904 597 2940 dessen
624 2906 733 2952 Sohn,
759 2908 901 2953 zeigcrn
933 2909 1006 2944 diss
1032 2910 1254 2945 Ludovicum
1279 2912 1500 2957 Kepplerum
1527 2913 1654 2956 (inscio
1679 2912 1806 2955 Patre,
1839 2909 1949 2944 damit
1974 2910 2051 2945 der-

267 2959 364 2996 selbe
387 2961 451 2995 mit
477 2967 597 3006 gutem
622 2964 795 3007 gewissen
821 2967 1003 3001 schweren
1029 2968 1185 3013 khonne,
1214 2970 1296 3005 dass
1320 2971 1372 3004 Er
1396 2971 1495 3006 nicht
1518 2971 1633 3015 wisse,
1660 2981 1705 3005 an
1729 2973 1821 3004 wass
1841 2968 1966 3004 Ortten
1993 2980 2052 3014 ge-

266 3017 389 3053 melter
424 3019 500 3054 sein
524 3021 621 3055 Sohu
652 3022 735 3057 Sich
769 3022 949 3067 vffhallte,
982 3026 1052 3061 vnd
1087 3027 1198 3062 daher
1234 3028 1429 3063 denselben
1465 3030 1565 3064 nicht
1596 3027 1687 3063 nach
1713 3028 1834 3062 Hauss
1866 3027 2050 3063 erfordern

268 3073 413 3110 khonen
440 3076 487 3120 [v.
504 3088 530 3112 s.
549 3089 584 3122 p.
605 3079 705 3123 897])
731 3081 848 3115 Herrn
865 3081 1028 3127 Augusti,
1054 3084 1326 3129 Pfaltzgravens
1352 3096 1418 3120 zue
1437 3086 1630 3122 Sultzbach
1647 3087 1676 3120 F
1679 3086 1874 3121 tirstlichen
1899 3086 2050 3132 gnzzden,

270 3132 504 3177 underthcnig
529 3136 797 3180 commendiert,
824 3139 888 3174 der
912 3140 1028 3176 enden
1053 3141 1137 3177 Sich
1162 3142 1324 3178 derselbe
1357 3142 1425 3188 bey
1450 3142 1529 3179 dem
1555 3143 1747 3188 Gymnasio
1777 3153 1845 3178 zue
1868 3143 2051 3189 besagtem
