2126 3388
973 164 1074 202 1616.
1832 159 1916 204 843

122 280 169 319 de
201 280 343 318 tabulis
376 281 455 330 illa,
491 295 590 333 quae
617 283 698 333 jam
731 287 820 321 sunt
851 284 889 321 in
921 288 1070 333 parato,
1103 285 1226 333 primo
1259 294 1415 332 quoque
1447 287 1619 333 tempore
1642 281 1916 330 exscribamus,

122 340 239 378 editio
277 351 366 376 vero
400 342 539 390 cuique
572 354 643 380 sua
675 343 771 380 citra
800 341 961 380 alterius
994 344 1197 391 praeventi
1230 342 1481 380 offensionem
1514 342 1635 380 libera
1668 345 1738 395 est.

261 407 352 442 Hinc
378 409 509 442 transit
535 409 713 453 Keplerus
740 408 784 443 ad
808 409 964 451 Lunam,
1001 419 1107 453 quam
1133 407 1319 443 Fabricius
1350 407 1605 443 circumdatam
1638 418 1718 443 esse
1751 410 1830 440 aere
1858 405 1919 440 ob-

121 466 386 501 servationibus
414 467 488 502 suis
514 467 658 512 probari
685 472 848 511 censeat,
882 467 1055 511 illumque
1087 466 1232 512 ablegat
1263 466 1309 501 ad
1335 465 1501 509 Opticam
1535 476 1652 510 suam,
1686 465 1746 500 ubi
1772 465 1918 498 demon-

121 528 273 559 stratum
300 525 357 567 sit,
383 536 511 560 causas
537 525 662 560 talium
687 526 980 570 apparentiarum
1007 536 1052 560 ex
1077 530 1180 570 parte
1205 524 1240 559 in
1265 524 1363 559 visus
1389 523 1542 558 fallaciis
1572 522 1796 567 quaerendas
1823 531 1917 556 esse.

123 603 166 608 —
198 583 418 618 Sententiam
452 584 607 618 Fabricii
642 584 686 618 de
718 584 910 628 hypothesi
947 584 1193 627 Copernicana
1226 593 1440 628 aggressus,
1479 582 1529 616 sic
1563 582 1681 626 pergit
1718 579 1917 625 Keplerus:

122 638 296 676 Tandem
329 641 366 675 in
399 639 652 688 Prognostico
694 642 784 677 anni
820 644 944 678 1617.
985 640 1161 678 efferbuit
1193 639 1373 677 Fabricio
1414 649 1512 683 meo,
1555 641 1596 674 ut
1635 636 1808 683 videtur,
1852 635 1918 674 diu

123 708 344 746 compressa
377 698 463 741 bilis
495 700 532 734 111
566 698 736 746 aliquam
768 698 1020 744 iracundiam,
1053 704 1148 746 puto
1171 708 1248 734 non
1269 697 1385 734 aliam
1409 697 1457 734 ob
1482 707 1652 741 causam,
1687 706 1802 743 quam
1826 696 1918 742 quia

123 766 197 792 non
230 755 424 804 respondi,
453 758 499 793 'ut
531 757 686 794 tandem
720 756 782 794 vel
814 756 980 794 stimulis
1013 757 1218 793 verborum
1250 755 1432 802 efficeres,
1466 753 1569 803 quod
1592 757 1649 790 tot
1668 754 1802 790 amicis
1824 764 1919 802 pro-

123 814 396 851 vocationibus
429 826 504 851 non
536 816 829 864 impetraveras.
892 815 993 863 Ergo
1027 818 1173 851 motum
1205 813 1384 857 Telluris,
1417 823 1481 850 cor
1512 817 1548 849 et
1580 812 1747 849 animam
1779 823 1918 858 meam,

123 873 295 909 incursas
327 884 468 921 magno
498 872 707 918 molimine,
741 873 861 911 verba
891 884 990 919 mea,
1023 882 1231 921 suppresso
1254 876 1381 908 tamen
1414 881 1500 908 meo
1533 870 1698 915 nomine,
1732 881 1777 907 ex
1801 869 1920 907 Com-

122 932 320 968 mentariis
362 930 408 968 de
448 936 555 968 motu
595 931 752 978 Martis,
801 931 941 979 quibus
984 929 1032 968 ad
1073 930 1332 978 objectionem
1375 928 1570 978 quandam
1603 927 1840 976 respondem
1881 929 1918 964 in

123 1000 278 1026 scenam
321 989 508 1037 producta
549 990 640 1038 joco
682 989 870 1035 traducis,
916 1000 992 1037 quo
1034 990 1149 1026 etiam
1197 994 1373 1026 sanctum
1415 987 1489 1024 Dei
1532 987 1654 1023 virum
1704 987 1916 1023 intexuisti.

123 1047 296 1094 Possem,
329 1049 361 1084 si
393 1049 454 1096 pie
486 1060 654 1097 possem,
687 1049 920 1086 contrarium
947 1047 1080 1095 Jocum
1112 1058 1297 1094 regerere,
1333 1057 1418 1083 cum
1450 1056 1524 1082 non
1559 1049 1707 1081 tantum
1742 1045 1778 1080 in
1811 1049 1919 1081 motu

124 1105 277 1150 Terrae,
311 1105 414 1154 quod
447 1107 531 1144 vult
564 1107 814 1156 Copernieus,
846 1117 983 1143 sensus
1017 1104 1215 1143 oculorum
1248 1117 1271 1142 a
1302 1115 1341 1142 re
1373 1105 1458 1153 ipsa
1492 1103 1653 1149 differat,
1688 1102 1756 1140 sed
1789 1104 1919 1148 etiam,

125 1163 228 1211 quod
261 1170 302 1201 tu
334 1167 483 1213 cogeris
515 1165 636 1211 fateri,
674 1167 737 1217 „in
769 1163 897 1202 medio
930 1163 1040 1209 coeli,
1074 1165 1112 1200 in
1144 1163 1261 1212 plaga
1292 1174 1453 1200 occasus
1484 1173 1551 1211 per
1584 1161 1695 1198 urbes
1729 1165 1766 1199 et
1797 1160 1920 1198 valles

125 1221 346 1260 Palestinae
380 1223 583 1272 descripta,
617 1225 655 1260 in
687 1235 779 1262 casu
813 1223 977 1271 denique
1010 1226 1048 1260 et
1079 1233 1242 1260 ascensu
1274 1218 1428 1268 Solis“,
1461 1231 1561 1269 quae
1594 1220 1723 1256 omnia
1754 1223 1844 1256 sunt
1875 1217 1924 1255 ad

124 1281 251 1317 visum
285 1282 376 1318 certi
409 1281 576 1319 hominis
617 1294 729 1328 vera,
770 1293 838 1330 per
860 1293 900 1318 se
930 1291 1022 1318 vera
1054 1291 1129 1316 non
1163 1285 1253 1317 sunt
1284 1284 1431 1317 remota
1463 1277 1772 1316 consideratione
1805 1278 1924 1315 visus.

123 1338 261 1376 Nonne
294 1344 332 1376 tu
366 1341 449 1388 ipse
481 1352 614 1389 negas,
651 1340 837 1388 „Terram
868 1340 937 1376 niti
971 1336 1203 1385 columnis“,
1244 1337 1347 1387 quod
1380 1338 1455 1375 scis
1487 1337 1676 1374 affirmare
1708 1336 1925 1384 Scripturas

124 1396 174 1434 ad
205 1397 390 1435 literam?
443 1397 495 1435 At
527 1410 602 1437 non
635 1399 763 1448 placet
794 1397 888 1435 mihi
921 1402 1060 1443 tecum,
1094 1398 1160 1445 qui
1192 1401 1436 1434 astronomus
1469 1395 1628 1433 celebris
1651 1406 1704 1440 es,
1737 1392 1784 1431 de
1818 1404 1925 1431 com·—

123 1456 305 1493 munibus
338 1457 434 1504 istis,
468 1469 568 1506 quae
600 1469 647 1495 ne
680 1456 887 1505 theologus
920 1454 1076 1504 quidem
1108 1456 1202 1492 satis
1236 1467 1321 1493 curn
1346 1455 1535 1503 dignitate
1561 1453 1737 1498 moverit,
1771 1450 1926 1489 vitiliti-

124 1525 234 1562 gare3
267 1514 407 1552 frustra
439 1517 629 1563 exarsisti,
662 1527 739 1552 non
772 1520 921 1552 tantum
954 1515 1046 1561 quia
1081 1513 1176 1550 nihil
1200 1524 1272 1563 ego
1295 1523 1548 1562 responsurus
1580 1523 1677 1557 sum,
1710 1509 1776 1548 sed
1809 1511 1925 1547 etiam

125 1572 216 1620 quia
246 1572 340 1609 nihil
373 1579 412 1610 tu
445 1573 599 1622 proficis
632 1572 735 1623 apud
767 1571 1047 1622 philosophos,
1092 1572 1156 1620 qui
1196 1571 1369 1620 plerique
1409 1575 1498 1620 post
1540 1570 1711 1607 sidereos
1757 1567 1924 1606 Galilaei

125 1631 288 1668 nuncios
317 1632 398 1680 jam
434 1632 578 1669 dudum
612 1630 668 1682 (ut
700 1643 821 1680 nuper
854 1630 1010 1677 quidam
1042 1631 1099 1667 tui
1120 1629 1257 1667 similis
1280 1630 1624 1683 antiennosigaeus
1645 1638 1735 1665 vere
1757 1624 1925 1676 scripsit)

125 1688 500 1737 Copernicoturiunt.
565 1690 639 1727 Adi
673 1694 710 1728 et
741 1689 832 1728 audi
857 1689 1126 1738 Copernicum‚
1160 1688 1378 1734 Rheticum,
1411 1686 1678 1732 Maestlinum,
1712 1683 1926 1734 Origanum

124 1751 162 1784 et
200 1758 310 1785 meae
349 1749 546 1797 Epitomes
581 1749 853 1786 Astronomiae
886 1747 1025 1784 librum
1056 1748 1242 1795 primum,
1291 1748 1323 1784 si
1357 1745 1513 1796 quando
1554 1742 1812 1792 bibliopolae,
1858 1744 1923 1792 qui

123 1809 273 1842 sumtus
306 1806 409 1852 facit,
444 1806 650 1845 editionem
685 1807 770 1855 ejus
801 1810 993 1844 maturare
1025 1804 1215 1854 placuerit
1219 1833 1397 1845 ......
1461 1802 1574 1852 Quod
1606 1806 1793 1851 superest,
1825 1801 1926 1840 hanc

121 1865 412 1912 responsionem
442 1877 568 1903 meam
601 1867 717 1914 aequi
749 1866 919 1914 bonique
953 1863 1131 1910 consule,
1174 1875 1300 1912 neque
1332 1868 1370 1901 te
1401 1863 1624 1912 poeniteat,
1657 1859 1924 1909 Ephemeridis

122 1920 239 1969 hujus
271 1922 466 1960 vestibulo
500 1925 634 1968 inseri,
669 1923 714 1961 de
748 1923 858 1972 cujus
891 1922 965 1960 fide
998 1933 1110 1959 nemo
1143 1926 1180 1960 te
1213 1923 1296 1970 ipso
1329 1922 1471 1959 rectius
1502 1920 1644 1969 poterit
1670 1918 1859 1967 judicare,
1892 1919 1925 1955 si

123 1979 294 2017 volueris
326 1980 644 2030 diligentiamque
686 1981 874 2019 hactenus
917 1985 1142 2028 usurpatam
1186 1980 1234 2017 ad
1269 1978 1553 2017 observandum
1586 1977 1774 2015 attuleris.
1839 1975 1926 2014 Hae

122 2037 239 2085 igitur
271 2040 368 2076 inter
399 2041 542 2088 primos
575 2041 718 2085 fruere,
752 2039 903 2077 coelum
936 2043 974 2076 et
1006 2043 1177 2077 meteora
1209 2038 1350 2084 confer,
1384 2048 1546 2082 errores,
1579 2037 1612 2073 si
1644 2046 1742 2084 quos
1771 2034 1921 2083 liquido

123 2094 433 2144 deprehenderis,
466 2098 557 2135 mihi
593 2098 730 2146 detege
763 2109 901 2146 meque
934 2101 972 2134 et
1003 2097 1076 2134 hac
1109 2101 1146 2134 et
1178 2097 1319 2145 quibus
1351 2095 1438 2133 aliis
1468 2095 1613 2144 poteris
1644 2093 1860 2131 rationibus
1883 2093 1921 2129 111

123 2154 363 2193 emendando
397 2156 635 2194 Tabularum
674 2168 790 2205 opere
821 2155 978 2205 publico
1009 2154 1146 2193 sedulo
1178 2154 1338 2204 adjuva.
1401 2153 1515 2192 Vale.

260 2222 461 2266 Nescimus,
487 2234 571 2256 num
600 2222 779 2266 Keplerus
804 2221 1062 2266 praefationem
1090 2221 1184 2256 hanc
1211 2220 1362 2256 seorsim
1388 2219 1482 2265 typis
1509 2218 1734 2263 exsculptam
1753 2217 1922 2253 Fabricio

124 2278 259 2314 miserit
284 2289 377 2313 anno
403 2280 472 2314 hoc
502 2281 611 2323 16163
639 2282 694 2324 sin
720 2281 849 2324 minuS,
876 2279 1064 2314 Fabricius
1090 2279 1220 2314 librum
1238 2278 1444 2314 absolutum
1461 2288 1533 2312 non
1552 2276 1702 2321 accepit,
1731 2288 1810 2311 cum
1828 2287 1922 2311 anno

127 2337 216 2372 1617
241 2347 261 2371 a
279 2338 416 2372 rustico
437 2338 619 2374 Ostelensi
644 2339 857 2374 interemtus
883 2337 1001 2378 fuerit,
1028 2337 1123 2382 quod
1149 2336 1329 2381 Keplerus
1354 2347 1448 2371 anno
1475 2335 1615 2370 demum
1638 2335 1723 2371 1619
1749 2344 1794 2368 ex
1811 2334 1923 2369 Remo

124 2395 298 2440 comperit
324 2397 396 2439 (cfr.
423 2398 488 2431 vol.
514 2400 540 2432 I.
566 2410 600 2439 p.
629 2398 720 2441 305).

261 2455 304 2488 In
330 2454 482 2498 epistola
507 2454 726 2491 dedicatoria
742 2456 878 2501 primae
905 2455 1018 2500 partis
1036 2453 1330 2499 Ephemeridum‚
1359 2452 1443 2487 data
1460 2451 1601 2488 Linciis
1620 2451 1694 2487 Cal.
1713 2451 1801 2486 Nov.
1824 2451 1922 2493 1616,

124 2512 383 2557 Imperatorem
416 2513 608 2548 Matthiam
641 2514 820 2549 allocutus
854 2513 968 2548 refert
1001 2512 1197 2557 Keplerus,
1234 2512 1497 2556 Imperatorem
1534 2510 1770 2554 Rudolphum
1795 2507 1924 2543 aerarii

125 2568 319 2614 praefectis
345 2570 553 2615 mandasse,
589 2576 628 2607 ut
653 2571 801 2606 residua
836 2571 1094 2616 stipendiorum
1125 2570 1185 2614 [ad
1212 2570 1303 2606 2000
1328 2569 1382 2610 fl.)
1417 2568 1644 2603 exsolverent
1677 2572 1713 2601 et
1738 2565 1808 2601 alia
1833 2566 1925 2601 2000

127 2627 310 2662 adderent.
361 2628 403 2662 Id
430 2639 500 2671 quo
527 2629 644 2663 minus
670 2629 805 2664 factum
840 2629 904 2673 sit,
940 2628 1108 2664 effectum
1140 2638 1220 2663 esse
1254 2626 1463 2662 infelicitate
1499 2624 1724 2670 sequentium
1750 2634 1924 2658 annorum

127 2692 163 2720 et
188 2690 302 2720 morte
327 2684 523 2729 Rudolphi.
573 2686 627 2720 De
652 2691 844 2730 praesente
868 2691 1034 2730 tempore
1061 2685 1150 2720 haec
1176 2685 1300 2720 affert:
1335 2682 1387 2719 At
1415 2692 1492 2718 non
1515 2691 1586 2729 ego
1608 2683 1811 2728 propterea
1831 2690 1923 2727 pro-

127 2742 254 2790 posito
288 2740 418 2778 destiti
450 2753 521 2778 nec
553 2743 722 2779 animum
747 2741 993 2791 despondens
1016 2741 1064 2779 ad
1088 2741 1165 2779 alia
1188 2741 1306 2788 vulgo
1331 2740 1550 2787 acceptiora
1578 2738 1777 2786 copiisque
1798 2748 1922 2774 rerum

127 2798 176 2837 ad
207 2800 312 2836 vitae
344 2798 588 2847 splendorem
621 2805 659 2837 et
690 2799 822 2836 luxum
854 2800 1140 2837 abundantiora
1173 2799 1320 2843 transii,
1360 2798 1450 2845 quin
1482 2797 1634 2845 potius,
1669 2799 1854 2843 quantum
1887 2800 1924 2832 et

126 2856 285 2907 publica
317 2857 544 2905 inquietudo
587 2863 624 2895 et
657 2856 860 2895 domestici
892 2856 1020 2894 luctus
1051 2861 1142 2893 sunt
1175 2856 1303 2904 passi,
1346 2856 1384 2891 in
1416 2864 1557 2902 magna
1587 2863 1710 2890 rerum
1743 2854 1924 2901 angustia

127 2914 262 2952 sedulo
293 2916 456 2963 perrexi,
490 2914 612 2952 donec
644 2914 699 2952 M.
734 2914 872 2952 Vestra
903 2926 964 2951 me
996 2925 1062 2962 per
1093 2913 1153 2950 Ill.
1186 2918 1223 2951 et
1245 2912 1342 2950 Gen.
1369 2912 1417 2949 D.
1439 2910 1665 2948 Helffricum
1688 2922 1711 2947 a
1733 2910 1921 2957 Meckaw,

127 2973 374 3011 secretiorum
398 2973 644 3011 consiliorum
666 2973 893 3022 participem
916 2977 954 3009 et
975 2982 1197 3020 supremum
1229 2971 1500 3012 camerarium,
1533 2970 1571 3005 in
1602 2969 1804 3018 proposito
1835 2980 1921 3006 meo

129 3032 245 3080 inque
276 3032 445 3069 servitiis
467 3033 545 3070 suis
566 3032 771 3081 persistere
799 3031 965 3079 juberet,
999 3028 1182 3066 subsidiis
1214 3029 1317 3075 istis,
1351 3039 1450 3076 quae
1482 3026 1536 3064 M.
1559 3026 1722 3065 Vestrae
1752 3025 1922 3064 fidelium

131 3089 310 3128 Austriae
340 3091 549 3139 superioris
580 3100 782 3139 procerum
818 3087 1032 3127 liberalitas
1065 3086 1160 3124 mihi
1191 3087 1343 3136 roganti
1379 3086 1585 3136 superstite
1616 3083 1823 3135 Rudolpho
1854 3086 1923 3124 tri-
