2126 3388
185 144 298 189 1000
850 140 934 175 Vita
956 138 1106 174 Joannis
1131 137 1289 184 Kepleri.

188 263 482 309 ordinatissimo,
515 258 769 311 pulcherrimo
801 254 1041 306 ejiciamus.“
1108 255 1168 309 „O
1200 257 1300 294 male
1331 252 1526 293 factum“!
1559 254 1750 294 exclamat
1778 254 1970 305 Keplerus

187 327 226 361 in
257 322 518 361 annotatione.
584 317 692 365 „Imo
734 316 918 353 revocavi
955 315 993 350 in
1026 313 1284 353 Harmonicis.
1347 313 1423 349 Cur
1459 318 1589 351 autem
1630 313 1857 361 ejiciamus?
1908 312 1969 350 An

188 383 278 431 quia
310 378 478 415 infinitae
510 380 547 413 et
577 376 685 423 proin
721 373 863 411 ordinis
905 373 1061 410 minime
1093 371 1286 422 capaces?
1337 370 1458 419 Atqui
1498 382 1574 408 non
1615 372 1745 419 ipsae,
1787 370 1853 408 sed
1886 382 1971 408 mea

187 440 290 476 illius
321 435 502 483 temporis
534 433 698 477 inscitia,
733 431 945 468 communis
976 429 1069 466 mihi
1102 441 1187 467 cum
1219 429 1424 479 plerisque,
1460 428 1602 466 ordinis
1634 427 1785 465 illarum
1817 429 1970 466 minime

188 506 310 544 capax
342 498 435 530 erat.
497 491 635 538 Itaque
666 489 732 526 lib.
766 488 795 525 Ι.
829 488 1154 525 Harmonicorum
1185 489 1271 533 (vol.
1300 489 1342 524 V.
1369 500 1402 533 p.
1429 489 1474 524 80
1500 488 1565 532 ss.)
1600 490 1636 523 et
1669 485 1861 523 delectum
1894 487 1968 523 ali-

189 564 302 602 quem
334 551 432 587 111101-
464 548 632 584 infinitas
665 546 778 584 docui
811 550 849 583 et
880 545 1052 582 ordinem
1084 547 1121 581 in
1155 545 1215 581 his
1246 543 1544 593 pulcherrimum
1586 545 1622 580 in
1661 543 1786 581 lucem
1817 543 1970 592 protuli.

190 611 289 648 Nam
322 619 386 645 cur
416 607 539 644 lineas
571 617 640 642 nos
672 616 718 642 ex
750 604 960 653 archetypo
994 602 1124 640 mundi
1156 602 1414 649 eliminemus,
1449 613 1534 639 cum
1566 601 1687 639 lineas
1718 602 1825 639 Deus
1859 613 1972 651 opere

189 671 271 717 ipso
305 665 545 714 expresserit,
579 667 705 699 motus
737 662 885 699 scilicet
916 659 1214 710 planetai·um‘?³‘

326 722 388 760 Ad
411 727 526 771 caput
544 721 638 766 XII,
663 731 738 769 quo
762 721 955 758 sectiones
978 717 1226 756 monochordi
1247 719 1380 766 paucis
1405 722 1624 765 tanguntur,
1646 721 1808 754 annotat
1822 720 1973 754 auctor:

193 782 294 830 „Hic
325 786 416 818 sunt
447 781 641 828 ipsissima
672 779 860 828 principia
892 779 963 814 mei
998 779 1124 826 operis
1145 776 1370 813 Harmonici
1393 787 1516 824 eaque
1548 787 1624 812 non
1656 779 1805 812 tantum
1838 776 1975 823 opina-

190 843 361 884 tionum,
405 850 503 886 quae
534 837 812 886 posterioribus
845 835 1084 884 temporibus
1117 834 1364 882 corrigendae
1396 834 1553 879 fuerint,
1597 833 1662 871 sed
1702 835 1818 871 etiarn
1849 833 1974 870 veris-

192 901 290 936 sima
319 898 374 934 rei
405 897 540 945 ipsius.
604 893 740 931 Omnis
772 895 871 932 enim
902 893 1172 942 philosophica
1203 891 1415 940 speculatio
1456 891 1571 929 debet
1601 892 1752 928 initium
1784 902 1920 939 capere
1951 902 1975 928 a

193 966 376 993 sensuum
408 955 694 1002 experimentis,
727 952 789 989 hic
821 963 923 998 vero,
959 963 1057 999 quae
1089 962 1224 988 sensus
1257 949 1410 987 auditus
1444 954 1604 988 testetur
1636 948 1681 986 de
1713 960 1871 986 numero
1903 959 1976 986 vo-

193 1026 278 1051 cum
312 1024 398 1050 curn
430 1024 506 1049 una
537 1011 668 1059 aliqua
702 1010 1007 1055 consonantium,
1040 1008 1349 1046 emendatissime
1382 1013 1418 1045 et
1449 1008 1560 1056 plene
1592 1018 1812 1056 expressum
1843 1005 1976 1045 hahes,

194 1072 335 1109 Mirum
370 1075 430 1108 est
463 1069 661 1118 equidem,
696 1080 779 1106 cum
813 1073 870 1104 tot
903 1079 947 1104 ex
980 1068 1139 1115 antiqno
1173 1067 1386 1103 exstiterint
1423 1067 1625 1114 scriptores
1656 1065 1977 1110 harmonicorum,

194 1130 374 1178 nuspiam
407 1139 529 1176 penes
562 1128 667 1176 ipsos
700 1137 897 1164 occurrere
930 1125 1243 1162 observationem
1275 1123 1374 1160 hanc
1396 1123 1441 1161 de
1463 1134 1620 1160 numero
1643 1124 1856 1161 sectionum
1887 1122 1980 1160 har-

194 1188 437 1224 monicarum
471 1185 585 1234 plane
618 1183 943 1221 fundamentalem
977 1188 1013 1220 et
1045 1194 1144 1230 quae
1176 1186 1280 1219 recta
1312 1181 1360 1219 ad
1393 1192 1529 1219 causas
1558 1180 1671 1228 ducit,
1705 1192 1790 1219 cum
1822 1186 1899 1218 13111
1931 1181 1981 1218 811

194 1246 354 1283 obvium
392 1243 568 1290 cuilibet,
613 1242 651 1279 id
682 1244 720 1279 in
754 1241 896 1279 chorda
928 1252 1158 1289 quacunque
1190 1245 1368 1285 extensa,
1413 1240 1523 1288 cujus
1562 1240 1731 1287 spatium
1762 1239 1979 1287 subJeetum

191 1304 332 1342 circino
372 1301 494 1338 dividi
525 1302 672 1351 possit,
705 1299 868 1348 simplici
901 1299 1160 1348 applicatione
1196 1299 1248 1335 rei
1283 1297 1418 1344 durae,
1463 1302 1505 1334 ut
1537 1297 1649 1335 cultri
1680 1302 1747 1334 aut
1779 1297 1900 1335 clavis
1931 1296 1980 1334 ad

192 1360 383 1406 chordam,
417 1371 532 1396 manu
563 1370 659 1404 una,
704 1364 741 1396 et
772 1358 1019 1406 percussione
1052 1357 1218 1405 partium
1250 1355 1333 1404 ejus
1366 1357 1687 1393 interstinctarum
1720 1366 1806 1392 cum
1836 1355 1980 1404 plectro

192 1422 230 1456 in
262 1430 378 1456 manu
409 1416 551 1463 altera,
593 1417 898 1465 experimentari.
960 1415 1097 1463 Itaque
1131 1426 1279 1451 summa
1311 1413 1381 1450 fuit
1412 1414 1485 1451 ista
1518 1413 1684 1451 felicitas
1723 1415 1763 1450 in
1791 1413 1980 1462 principio

193 1476 472 1526 speculationis
507 1474 681 1512 tendenti
713 1474 760 1512 ad
794 1485 889 1522 opus
913 1472 1188 1510 Harmonicum
1211 1470 1466 1518 scribendum,
1502 1472 1680 1520 quamvis
1711 1476 1802 1508 tune
1824 1471 1979 1520 quidem

192 1534 364 1572 nondum
396 1533 435 1570 id
469 1535 597 1570 animo
632 1532 930 1570 destinaveram.
995 1531 1121 1568 Causa
1153 1534 1292 1577 autem,
1327 1541 1392 1566 cur
1424 1535 1570 1578 septem
1603 1529 1734 1567 ordine
1767 1540 1882 1567 voces
1913 1541 1981 1566 us-

193 1605 266 1641 que
299 1591 347 1629 ad
380 1591 567 1640 diapason
600 1602 685 1628 cum
717 1592 794 1627 ima
825 1593 1004 1638 suscepta
1036 1593 1267 1635 consonent,
1308 1592 1366 1625 est
1397 1588 1490 1635 ista,
1524 1588 1615 1636 quia
1655 1587 1798 1626 chorda
1837 1588 1981 1637 septies

190 1651 412 1689 harmonice
445 1648 566 1686 dividi
597 1649 765 1697 potest.“

329 1706 632 1745 Concordantias
657 1702 898 1755 „perfectas“
924 1704 1132 1753 (octavam,
1165 1708 1341 1752 quartam
1364 1707 1402 1740 et
1423 1705 1616 1752 quintam)
1640 1702 1851 1740 deduxerat
1869 1703 1981 1752 Kep-

190 1767 292 1805 lerus
318 1777 340 1803 a
361 1765 549 1814 quadrato
583 1769 619 1802 et
650 1763 842 1812 triangulo
876 1763 976 1809 cubi,
1010 1761 1190 1799 tetra'e'dri
1222 1767 1259 1800 et
1291 1761 1471 1808 octaedri,
1508 1758 1799 1812 ‚‚imperfectas“
1834 1773 1858 1799 3
1889 1761 1982 1799 dec-

191 1823 334 1872 angulo
375 1822 605 1861 dodecae‘dri
645 1827 681 1859 et
723 1820 924 1859 icosa'cdri.
987 1819 1046 1857 Ad
1089 1820 1184 1857 11300
1227 1824 1386 1858 annotat
1424 1825 1576 1869 postea:
1624 1819 1870 1867 „jucundum
1911 1824 1980 1865 est,

192 1884 333 1933 primos
374 1882 639 1920 inventionum
678 1887 855 1926 conatus,
898 1879 1012 1915 etiam
1045 1882 1233 1924 errantes,
1276 1879 1425 1917 intueri.
1486 1878 1584 1915 Ecce
1627 1889 1764 1915 causas
1795 1878 1983 1926 genuinas

193 1946 231 1978 et
262 1939 526 1989 archetypicas
559 1938 928 1982 concordantiarum,
962 1948 1058 1985 quas
1081 1937 1257 1973 manibus
1280 1936 1494 1983 versabam,
1528 1936 1746 1973 coecutiens
1772 1935 1879 1973 velut
1910 1935 1982 1973 ab-

192 2003 319 2036 sentes
359 1999 471 2034 anxie
513 1997 702 2044 quaesivi.
769 1996 986 2043 Figurae
1027 1994 1212 2043 planae
1244 1999 1332 2031 811111
1368 2005 1507 2032 0311830
1544 1993 1898 2031 0011001·(1311113111111
1941 2005 1982 2031 80

194 2057 304 2106 ipsis,
345 2067 421 2092 non
454 2059 643 2103 quatenus
682 2053 778 2090 fiunt
810 2052 1018 2090 solidarum
1058 2052 1264 2100 figurarum
1306 2051 1538 2100 superficies.
1590 2052 1747 2089 Frustra
1779 2050 1826 2089 ad
1858 2050 1984 2089 solida

194 2113 343 2164 respexi
375 2114 412 2148 in
446 2111 723 2150 constituendis
764 2111 995 2148 harmonicis
1036 2115 1208 2147 motuum
1251 2110 1574 2160 proportionibus
1636 2110 1803 2157 Figurae
1844 2108 1982 2159 planae

197 2184 242 2210 ex
273 2183 351 2208 11113
381 2175 488 2221 parte
520 2169 698 2207 dividunt
729 2168 912 2207 circulum
934 2168 1164 2213 harmonice,
1198 2179 1244 2205 ex
1266 2167 1386 2205 altera
1408 2173 1514 2217 parte
1536 2173 1750 2216 congruunt
1772 2169 1809 2204 in
1840 2168 1983 2215 figuras

195 2230 363 2278 quinque
403 2228 559 2266 solidas.
632 2228 731 2276 Ergo
774 2232 811 2265 et
849 2227 1071 2264 harmonica
1114 2226 1245 2263 circuli
1287 2225 1427 2263 divisio
1468 2231 1503 2263 et
1547 2226 1717 2275 quinque
1758 2225 1903 2274 figurae
1944 2226 1982 2262 in

195 2300 271 2325 uno
304 2288 427 2333 tertio,
460 2288 499 2323 in
530 2286 661 2334 figuris
692 2284 839 2323 scilicet
866 2284 991 2334 planis
1023 2285 1293 2322 coiiveniunt.“

335 2344 397 2382 Ad
428 2345 568 2382 verba:
616 2344 794 2392 „Divisio
826 2342 912 2379 fidis
944 2354 1015 2379 nec
1046 2343 1083 2378 in
1115 2342 1257 2380 circulo
1288 2341 1348 2389 fit,
1390 2352 1460 2379 uec
1492 2341 1644 2388 angulis
1676 2342 1812 2388 utitur,
1845 2340 1913 2379 sed
1944 2341 1983 2376 in

196 2404 314 2454 plano
353 2414 419 2453 per
459 2406 599 2440 rectam
642 2401 782 2439 lineam
824 2400 1029 2450 perficitur.
1091 2399 1260 2437 Possunt
1300 2405 1428 2437 tamen
1471 2398 1721 2436 nihilominus
1752 2404 1790 2437 et
1821 2409 1982 2436 concor-

202 2462 358 2499 dantiae
392 2465 429 2498 et
460 2465 639 2510 aspectus
671 2459 812 2496 habere
846 2469 1047 2496 commune
1078 2457 1182 2506 quid,
1216 2457 1320 2506 quod
1341 2457 1475 2495 eadem
1497 2458 1676 2506 utrinque
1699 2454 1903 2494 causatur“
1928 2479 1984 2484 —-

200 2523 361 2557 annotat
399 2518 611 2567 Keplerus:
662 2516 761 2569 „Hic
801 2515 1064 2566 paragraphus
1105 2515 1371 2565 complectitur
1410 2520 1532 2553 totam
1571 2515 1649 2553 fere
1692 2514 1983 2565 dispositionem

200 2577 524 2615 Harmonicorum
556 2586 741 2612 meorum.
803 2575 902 2612 Nam
933 2585 1133 2612 commune
1166 2573 1259 2610 illud
1291 2575 1576 2623 geometricum,
1609 2578 1793 2622 tanquam
1826 2584 1983 2610 causam

200 2635 500 2684 archetypicam,
532 2634 713 2683 praemisi
744 2633 841 2670 libro
863 2632 893 2669 Ι.
956 2629 1037 2684 (De
1069 2631 1274 2680 figurarum
1306 2631 1551 2680 regularium,
1585 2643 1685 2679 quae
1717 2632 1984 2681 proportiones

199 2693 443 2730 harmonicas
476 2693 641 2742 pariunt,
676 2694 772 2737 ortu,
807 2690 996 2728 classibus
1019 2690 1111 2737 etc.)
1144 2694 1180 2727 et
1210 2689 1307 2728 libro
1330 2690 1380 2727 lI.
1415 2689 1483 2737 (de
1514 2689 1719 2738 figurarum
1750 2687 1982 2737 regularium

208 2750 491 2799 congruentia),
526 2749 618 2798 quid
650 2760 740 2787 vero
774 2748 868 2785 illud
901 2752 1079 2786 causetur
1102 2749 1139 2784 in
1161 2749 1319 2794 musica,
1352 2747 1543 2797 explicavi
1576 2748 1674 2785 libro
1697 2747 1768 2784 ΙΙΙ.
1801 2746 1877 2795 (Βο
1900 2751 1983 2783 01111

203 2810 495 2858 proportionum
526 2807 833 2845 harmonicarum
866 2806 990 2855 deque
1021 2810 1157 2843 natura
1188 2811 1225 2843 et
1257 2806 1479 2844 differentiis
1500 2817 1624 2843 rerum
1646 2805 1696 2843 ad
1718 2808 1870 2843 cantum
1894 2815 1984 2853 per-

204 2868 444 2913 tinentium),
479 2865 571 2914 quid
603 2867 641 2902 in
674 2865 915 2915 aspectibus,
957 2864 1054 2901 libro
1085 2863 1181 2901 IV.“
1246 2864 1320 2913 (De
1353 2863 1722 2912 configurationibus
1753 2862 1984 2899 harmonicis

206 2924 397 2961 radiorum
429 2923 651 2962 sideralium
689 2924 728 2960 in
759 2923 878 2961 Terra
920 2933 1127 2970 earumque
1169 2921 1305 2960 effectu
1342 2923 1379 2958 in
1413 2921 1557 2960 ciendis
1595 2921 1774 2959 meteoris
1815 2919 1981 2969 aliisque

209 2978 481 3035 naturalibus.)

346 3039 405 3077 De
437 3039 637 3089 Copernici
669 3040 836 3084 ratione,
878 3042 1005 3075 motus
1041 3037 1281 3087 planetarum
1323 3037 1372 3075 ad
1403 3041 1574 3075 centrum
1605 3035 1706 3074 orbis
1737 3034 1893 3073 Terreni
1923 3046 1986 3073 re-

207 3095 370 3145 ferendi,
411 3096 508 3136 haec
539 3097 631 3136 dicit
659 3096 872 3146 Keplerus:
917 3095 1044 3149 „Ante
1076 3097 1204 3134 omnia
1234 3095 1431 3135 retexendi
1461 3095 1607 3133 numeri
1637 3092 1837 3146 Copernici
1867 3097 1984 3142 atque
