2126 3388
863 191 962 228 1612.
993 191 1090 228 1613.
1773 192 1855 236 809

67 321 103 356 p.
128 309 220 353 475.)
269 309 410 345 Literas
427 309 572 354 Kepleri
590 308 634 344 de
655 306 812 353 „Apellis
837 306 983 353 literis“‚
1011 318 1098 353 quas
1122 318 1186 353 per
1204 307 1450 344 Wackherum
1468 313 1672 354 acceperat,
1697 308 1857 354 integras

69 366 295 402 exhibuimus
321 366 390 402 vol.
416 367 461 401 ΙΙ.
486 378 523 413 p.
549 366 616 403 776
643 377 706 411 33.;
739 366 834 402 111631
862 366 918 402 1113
950 366 1062 402 literis
1096 367 1275 403 sententia
1300 367 1447 412 Kepleri
1483 368 1526 403 de
1550 371 1678 403 natura
1702 366 1857 403 macula-

68 437 146 460 rum
172 425 208 459 in
235 425 331 460 Sole.

204 485 310 527 1613.
352 487 560 525 Revolutio
583 487 683 525 anni.
725 486 879 524 Turbae
901 497 986 524 eum
1008 486 1273 526 Stehenbokia
1287 486 1339 540 ᾗ).
1400 489 1512 527 Vena
1540 494 1646 528 secta
1666 501 1858 540 suppura-

67 547 210 585 tionem
249 545 397 583 humeri
435 547 569 583 averti.
611 567 665 572 —
708 544 804 583 Cum
847 556 950 583 novo
991 545 1155 584 Caesare
1201 558 1383 585 ascensus
1429 547 1697 588 Ratisbonam.
1763 549 1858 586 Post

66 603 230 642 reditum
263 604 439 641 Caesaris
479 603 695 641 Ratisbona
735 603 912 641 Lincium
952 603 988 641 d.
1023 608 1088 643 30.
1123 603 1301 643 Octobris
1341 605 1532 644 celebravi
1574 608 1729 658 nuptias
1771 618 1857 645 cum

69 664 213 712 virgine
244 662 442 710 indigena.
478 655 493 672 ⁹

202 728 382 773 Keplerus
407 738 471 772 per
496 726 721 771 mandatum,
758 727 880 762 datum
906 728 1064 762 Viennae
1098 728 1131 764 (1.
1158 729 1215 765 29.
1242 730 1328 764 Dec.
1358 730 1465 776 1612,
1501 731 1720 767 Ratisbonae
1754 732 1798 767 ad
1824 732 1857 769 d.

66 788 122 824 24.
147 786 281 831 Aprilis
307 787 435 821 adesse
455 785 580 829 jussus
606 790 676 830 est,
703 789 743 820 ut
768 786 981 820 sententiam
1008 786 1141 821 diceret
1164 787 1206 821 de
1233 787 1485 822 reformatione
1517 789 1727 833 Calendarii,
1753 802 1859 835 quam

65 844 334 890 proponendam
377 843 572 888 imperator
603 843 775 877 Matthias
815 844 954 878 censuit
993 844 1144 878 comitiis
1176 845 1315 889 imperii
1347 847 1566 882 Ratisbonae
1602 849 1756 885 indictis.
1810 849 1859 885 Ut

65 905 133 940 hoc
163 903 369 938 mandatum
405 902 450 937 ad
476 906 598 936 votum
634 901 842 945 perficeret,
878 901 1092 951 conscripsit
1125 902 1303 946 Keplerus
1330 904 1544 951 Dialoyum,
1575 907 1729 942 monitus
1765 908 1859 943 forte

65 963 164 1008 prius
191 962 233 997 de
259 961 326 996 hac
352 971 391 995 re
416 961 517 996 initio
551 960 634 995 anni
662 959 768 1003 1612,
803 969 908 1003 quem
943 965 1141 995 correctum
1174 961 1409 996 Ratisbonam
1441 963 1573 999 attulit.
1623 965 1767 1007 (Exstat
1799 965 1859 1000 hic

65 1021 225 1065 dialogus
250 1021 319 1058 vol.
346 1021 403 1056 IV.
431 1032 465 1064 p;
491 1022 510 1056 9
536 1031 583 1055 ss.
633 1018 724 1054 Ibid.
750 1029 831 1063 pag.
850 1020 870 1054 6
897 1019 1122 1054 exhibuimus
1147 1019 1269 1054 literas
1287 1020 1433 1064 Kepleri
1453 1021 1497 1055 ad
1515 1021 1744 1057 Maestlinum
1765 1033 1858 1057 anno

68 1080 154 1115 1597
181 1079 294 1121 datas,
321 1079 450 1123 quibus
479 1078 659 1122 „cogitata
685 1080 770 1111 3116α
800 1078 842 1112 de
871 1077 1082 1112 Calendario
1103 1078 1321 1122 Gregoriano
1348 1080 1505 1125 explicat
1530 1081 1688 1125 illudque
1705 1081 1857 1116 Lutheri

66 1138 147 1174 fidei
173 1138 326 1173 addictis
352 1137 624 1182 approbandum
651 1146 730 1171 esse
756 1137 903 1179 censet.)
952 1137 1025 1171 lter
1050 1137 1274 1180 imperatoris
1300 1138 1534 1172 Ratisbonam
1554 1145 1683 1173 ‘versus
1710 1138 1858 1173 dilatum

65 1200 135 1239 est,
167 1207 246 1230 cum
272 1196 450 1240 Keplerus
476 1195 573 1230 ι111110
600 1194 742 1236 demum
766 1205 888 1229 mense
915 1195 1053 1230 veniam
1080 1196 1223 1240 petierit
1249 1196 1291 1230 ab
1319 1197 1502 1232 ordinibus
1527 1197 1707 1232 Lincianis
1742 1197 1859 1231 Ratis-

65 1255 195 1290 bonam
225 1253 477 1298 proficiscendi
512 1253 594 1293 ..mit
625 1253 710 1287 dero
746 1253 858 1298 Kays.
890 1254 957 1289 Mt.
986 1253 1164 1297 Hoffstat3
1199 1255 1381 1289 inmassen
1413 1255 1479 1289 mir
1510 1254 1580 1290 dan
1605 1255 1626 1289 4
1652 1255 1778 1290 Monat
1813 1265 1857 1289 an

63 1312 197 1348 meiner
222 1311 475 1357 kayserlicheu
501 1310 710 1354 Besoldung
742 1311 908 1346 auszahlt
935 1311 1092 1347 worden.
1141 1312 1236 1347 Weil
1274 1313 1344 1347 (lan
1371 1313 1468 1348 diese
1495 1313 1600 1347 116136
1632 1324 1676 1347 zu
1701 1313 1858 1356 Zierung

63 1370 195 1405 meiner
218 1369 421 1414 profession
448 1368 604 1414 gedient,
631 1369 750 1403 indem
776 1369 833 1403 Ire
860 1370 970 1414 Kays.
997 1370 1077 1404 Mtt.
1104 1370 1140 1405 in
1166 1370 1250 1405 dero
1270 1371 1535 1406 Aussehreiben
1563 1371 1624 1405 des
1643 1371 1857 1414 Reichstags

64 1428 154 1463 auch
179 1427 243 1470 der
260 1427 532 1473 Vngleichhaitt
560 1427 623 1463 der
640 1427 783 1462 Zeitten
808 1428 879 1462 vnd
904 1427 1084 1471 festtagen
1110 1428 1275 1472 gedacht,
1302 1430 1436 1464 nebens
1464 1429 1549 1464 aber
1574 1430 1631 1463 ich
1657 1430 1772 1464 meine
1789 1441 1858 1465 von

64 1487 173 1521 Einer
197 1485 379 1522 loblichen
404 1486 658 1527 Landtschafft
686 1486 927 1521 anbefohlene
953 1486 1073 1521 studia
1098 1497 1143 1520 zu
1169 1487 1371 1521 continuirn
1391 1487 1642 1530 Gelegenhaitt
1666 1487 1778 1522 habe:
1805 1488 1858 1523 als

65 1544 208 1589 gelangt
233 1554 278 1579 an
304 1545 349 1579 E.
376 1544 438 1580 Gn.
469 1545 563 1579 mein
589 1545 820 1589 gehorsames
846 1545 986 1589 Bitten,
1013 1544 1069 1578 die
1096 1545 1221 1579 wellen
1247 1546 1335 1580 Inen
1361 1546 1437 1580 dise
1463 1546 1604 1580 Absenz
1629 1546 1680 1580 nit
1705 1546 1859 1581 zuwider

65 1603 140 1637 sein
164 1601 317 1637 lassenn-
341 1629 346 1635 .
368 1631 375 1638 .
396 1630 432 1639 ..
485 1604 577 1638 Huic
602 1603 769 1648 petitioni
795 1603 1017 1648 adscriptum
1043 1608 1116 1637 est:
1143 1603 1244 1647 Fiat,
1271 1604 1364 1639 doch
1389 1605 1458 1639 soll
1485 1605 1561 1639 sich
1582 1603 1794 1649 Supplicant
1820 1614 1859 1640 so

66 1660 158 1695 ehist
182 1671 222 1695 so
247 1661 405 1705 miiglich
430 1661 645 1697 wiederumb
671 1662 707 1695 in
734 1662 809 1695 sein
836 1661 952 1705 dienst
978 1662 1176 1696 einstellen.
1204 1662 1282 1696 Ilen
1309 1663 1365 1699 ¹25.
1391 1662 1465 1697 Juli
1492 1663 1611 1698 1613ss

195 1714 422 1758 Berneggero
449 1714 797 1758 scripsit-Keplerus
833 1715 866 1749 d.
897 1716 949 1750 15.
977 1714 1159 1750 Octobris:
1190 1712 1266 1749 Per
1296 1713 1366 1750 has
1401 1717 1450 1750 10
1485 1714 1733 1761 septimanas,
1768 1714 1857 1762 qui-

64 1770 134 1807 bus
166 1769 301 1808 Lincio
336 1771 486 1815 absum,
520 1776 655 1819 quater
689 1771 905 1808 Ratisbona
938 1772 1179 1819 exspatiatus
1218 1782 1302 1807 sum
1333 1783 1400 1820 per
1431 1770 1633 1808 intervalla
1665 1782 1740 1808 non
1773 1783 1856 1808 me-

67 1827 223 1866 diocria.
285 1828 413 1866 Causa
452 1833 509 1866 est
547 1830 835 1866 matrimonium
877 1829 1014 1866 initum
1055 1840 1141 1866 cum
1182 1830 1332 1876 virgine
1374 1829 1574 1875 Susanna,
1617 1828 1857 1878 Reutlingeri

67 1886 259 1935 quondam
301 1888 396 1924 civis
435 1893 474 1926 et
504 1887 684 1925 arcularii
716 1886 1004 1936 Eferdingensis
1035 1899 1071 1935 p.
1103 1899 1152 1926 m.
1193 1886 1291 1934 filia,
1331 1899 1431 1936 quae
1469 1899 1536 1936 per
1578 1898 1699 1924 annos
1734 1892 1783 1925 12
1819 1889 1855 1924 in

66 1956 262 1993 gynaeceo
295 1941 474 1982 dominae
514 1945 611 1992 loci,
656 1946 890 1983 Baronissae
921 1945 1218 1994 Starenbergiae
1250 1950 1308 1983 est
1339 1945 1524 1994 educata;
1567 1947 1721 1994 nuptias
1763 1956 1856 1994 paro

69 2006 133 2040 28.
164 2002 299 2052 hujus,
333 2003 394 2042 die
427 2004 580 2053 eclipsis
614 2003 768 2051 Lunae,
811 2005 949 2052 spiritu
980 2005 1238 2041 astronomico
1280 2009 1402 2051 tecto,
1445 2003 1533 2040 dum
1577 2003 1677 2040 diem
1716 2004 1856 2041 festum

52 2059 156 2100 ,volo
188 2073 316 2109 agere.
1721 2079 1724 2082 ⁴

203 2128 346 2163 Literae
370 2128 564 2173 privignae,
593 2139 681 2173 quas
708 2138 818 2172 supra
845 2127 1010 2173 diximus,
1038 2128 1082 2163 ad
1106 2132 1245 2173 patrem
1273 2127 1316 2163 (16
1340 2128 1496 2163 11161111ᾶο
1516 2138 1606 2163 novo
1633 2127 1857 2164 matrimonio

68 2185 135 2222 hae
160 2192 259 2222 sunt:

203 2246 315 2281 Edler
340 2246 426 2281 vndt
453 2249 570 2281 voster
588 2247 775 2282 Insunters
801 2246 914 2281 lieber
938 2246 1003 2281 her
1020 2246 1147 2280 Vatter
1170 2245 1228 2279 ich
1246 2245 1380 2280 winsch
1407 2244 1611 2280 demselben
1639 2246 1693 2279 ein
1723 2245 1854 2290 gliech-

68 2303 176 2349 selige
200 2305 270 2339 zeit
294 2304 365 2339 vnd
389 2304 482 2350 fiege
509 2305 578 2340 den
603 2306 693 2339 hern
719 2305 845 2339 Vatter
870 2316 913 2339 zu
941 2305 1050 2339 wisen
1077 2304 1140 2339 das
1165 2304 1224 2339 ich
1251 2304 1328 2339 sein
1353 2305 1542 2340 schreiben
1575 2317 1619 2340 zu
1644 2306 1746 2340 recht
1771 2310 1857 2341 emt-

65 2362 221 2407 pfangen
246 2362 316 2397 vnd
340 2362 402 2397 1161
425 2363 461 2397 111
487 2374 573 2408 gem
599 2367 796 2406 geantwort
815 2363 877 2396 wie
896 2363 989 2397 mein
1015 2362 1078 2397 her
1103 2363 1312 2398 verschikht
1336 2364 1383 2398 ist
1401 2375 1497 2398 worn
1523 2375 1562 2399 so
1589 2364 1635 2399 ist
1660 2375 1698 2400 es
1724 2375 1788 2409 gar
1812 2376 1856 2399 zu

68 2418 175 2454 6116111
200 2423 332 2466 gewost
357 2421 427 2455 vnd
451 2421 542 2456 habs
568 2422 662 2457 auch
687 2422 786 2456 nicht
812 2422 914 2456 recht
940 2422 1067 2466 gewiss
1094 2422 1158 2457 (las
1184 2433 1222 2457 er
1247 2423 1338 2458 nach
1364 2423 1457 2466 Prag
1482 2424 1596 2457 reisen
1624 2434 1696 2457 wer
1721 2435 1761 2458 so
1786 2423 1855 2457 hab

66 2477 122 2512 ich
149 2479 224 2514 dise
251 2480 403 2514 erntzeit
434 2491 497 2524 gar
529 2480 567 2514 fil
592 2492 638 2514 zu
671 2481 766 2515 duen
801 2491 838 2515 es
870 2481 945 2524 gibt
978 2491 1041 2523 gar
1075 2479 1122 2513 vil
1154 2480 1430 2515 scharwerkher
1461 2480 1576 2515 denen
1601 2491 1681 2514 man
1708 2480 1788 2515 alen
1812 2492 1855 2515 zu

66 2532 150 2572 osen
174 2539 289 2581 geben
314 2550 394 2574 mus
420 2539 507 2574 aber
531 2539 642 2574 khein
668 2540 728 2574 lon
754 2550 831 2574 wen
857 2540 933 2574 eins
959 2540 1060 2575 nicht
1087 2539 1200 2574 selbst
1218 2539 1339 2583 darpei
1365 2539 1413 2573 ist
1435 2539 1506 2573 vnd
1533 2539 1583 2572 sie
1602 2539 1726 2573 anholt
1743 2549 1780 2572 so
1807 2539 1855 2573 ist

67 2604 104 2630 es
127 2598 324 2641 vergebens
349 2597 412 2631 mit
436 2597 519 2631 inen
546 2598 598 2632 sie
625 2598 794 2631 arweiten
818 2597 898 2640 nigz
925 2602 1029 2642 guets
1056 2597 1120 2631 der
1143 2597 1208 2631 her
1224 2597 1336 2632 Vater
1360 2597 1455 2631 khan
1484 2597 1577 2631 mich
1602 2597 1669 2631 wol
1693 2596 1750 2630 fiir
1775 2601 1852 2630 ent-

68 2653 226 2698 schiltigt
250 2655 372 2689 halten
399 2665 437 2690 es
462 2655 509 2689 ist
535 2655 635 2689 nicht
661 2655 774 2689 meins
801 2655 938 2690 Unfleis
965 2654 1085 2689 schult
1117 2654 1187 2689 vnd
1212 2665 1288 2689 wen
1319 2655 1378 2690 ich
1410 2655 1522 2689 sehon
1556 2655 1767 2698 geschriben
1792 2655 1854 2689 het

70 2711 126 2746 ich
150 2712 218 2747 den
244 2713 333 2747 hern
352 2713 462 2747 Vater
479 2713 594 2756 wenig
618 2717 719 2747 raten
744 2713 887 2746 khenen
906 2716 1029 2756 wogen
1055 2713 1173 2748 seiner
1188 2713 1304 2746 heirat
1329 2713 1395 2747 wie
1420 2712 1477 2746 ich
1494 2712 1561 2747 wol
1580 2723 1644 2746 aus
1663 2712 1852 2747 desselben

69 2769 252 2805 schreiben
277 2774 483 2804 verstanten
510 2769 573 2804 das
598 2769 708 2804 deren
743 2780 805 2814 gar
830 2770 867 2804 fil
894 2770 970 2805 sein
993 2781 1036 2804 zu
1064 2770 1180 2805 denen
1210 2770 1274 2805 der
1298 2771 1362 2805 her
1386 2771 1497 2805 Vater
1528 2769 1602 2804 lust
1624 2770 1688 2804 het
1712 2770 1789 2805 weil
1814 2781 1852 2804 er

206 2874 238 2920 *)
264 2878 430 2917 Scriptum
458 2879 506 2907 est
531 2877 593 2907 hoc
610 2885 729 2906 nomen
746 2871 852 2907 literis
878 2877 930 2906 vel
947 2878 1035 2907 nolis
1056 2878 1213 2908 obscuris,
1250 2876 1386 2907 Ursinus
1411 2877 1446 2906 in
1471 2874 1575 2906 literis
1596 2876 1627 2908 d.
1648 2877 1678 2908 d.
1699 2879 1741 2908 12
1770 2878 1849 2910 Dec.

71 2923 156 2954 1612
174 2925 303 2954 scribit:
331 2925 430 2954 Grata
454 2923 534 2952 mihi
560 2926 660 2960 erant,
687 2931 769 2962 quae
789 2922 827 2952 de
852 2924 928 2956 tuis,
955 2932 1036 2963 quas
1062 2932 1189 2963 semper
1214 2923 1312 2964 suasi7
1338 2923 1464 2963 nuptiis
1490 2921 1650 2953 intellexi.
1686 2923 1784 2962 Quod
1810 2925 1850 2955 de

69 2968 205 3000 Smelcio
232 2974 264 3001 et
289 2971 513 3001 Stehenbokia
539 2970 618 2998 satis
645 2972 740 2998 acute
767 2972 879 2998 contra
907 2978 956 2998 me
982 2968 1114 3008 dicitur,
1139 2970 1187 2998 ita
1211 2978 1260 2998 me
1279 2969 1368 2999 Deus
1395 2972 1480 2998 amet
1505 2972 1536 2998 et
1562 2978 1619 3007 ego
1645 2971 1767 3011 nescio,
1795 2981 1852 3001 cur

68 3015 147 3045 mihi
171 3025 374 3049 succenseas.
418 3015 488 3059 Ego
514 3025 574 3045 nec
599 3015 735 3045 Smelcii
759 3016 901 3044 animum
929 3018 998 3044 tum
1024 3016 1113 3054 novi,
1140 3024 1199 3045 nee
1222 3017 1288 3053 jam
1315 3016 1396 3045 scire
1423 3015 1533 3056 cupio.
1568 3015 1665 3054 Quod
1691 3016 1845 3060 dissuasi,

69 3060 128 3091 feci
152 3062 248 3104 ideo,
273 3063 363 3103 quod
389 3071 454 3092 non
488 3062 661 3092 videbatur
686 3071 744 3102 pro
770 3064 826 3091 tuo
854 3071 923 3092 esse,
948 3062 1048 3092 bono.
1098 3061 1209 3092 Minor
1234 3071 1323 3100 sum,
1349 3070 1445 3101 quam
1472 3062 1611 3092 Smelcio
1638 3064 1845 3094 consiliarius

69 3106 128 3136 sim
150 3108 201 3138 vel
225 3112 257 3138 te
282 3110 317 3139 in
341 3110 451 3148 aliqua
476 3118 510 3138 re
536 3108 726 3148 impediam,
761 3105 867 3148 (Dicit
892 3109 942 3139 1.·13
968 3107 1107 3139 Ursinus
1132 3109 1290 3138 feminam
1321 3107 1469 3151 aliquam
1494 3108 1577 3139 sorte
1603 3118 1730 3151 earum,
1762 3119 1845 3151 quas

68 3154 158 3198 taxat
181 3155 342 3196 Keplerus
367 3156 402 3186 in
426 3155 531 3186 literis
556 3155 640 3185 infra
665 3154 906 3198 sequentibus.)
