2126 3388
217 208 302 256 964
893 202 976 244 Vita
1000 207 1023 242 J
1025 207 1151 244 oannis
1177 203 1334 252 Kepleri.

353 328 508 379 Kepleri
543 325 679 376 Optice
710 336 811 363 anno
847 328 968 371 1604,
1003 323 1049 363 (10
1081 336 1183 363 novo
1216 325 1340 363 sidere
1371 324 1467 362 liber
1499 335 1599 361 anno
1635 327 1756 371 1606,
1788 323 2003 362 immortale

214 387 310 426 illud
343 387 388 424 de
420 385 543 422 Marte
586 395 682 433 opus
724 394 825 421 anno
859 385 966 421 1609
1001 382 1146 420 editum
1178 388 1246 421 est.
1297 383 1342 419 In
1375 393 1451 430 quo
1484 393 1569 419 cum
1600 380 1730 418 multis
1762 382 2004 419 observatio-

212 447 326 483 nibus
357 442 588 493 Tychonicis
627 452 720 478 usus
760 446 880 487 esset,
924 441 973 478 ab
1006 440 1237 478 haeredibus
1277 445 1509 489 potestatem
1541 438 1679 477 edendi
1718 443 1868 488 petere,
1911 440 2001 487 quin

214 504 328 540 etiam
359 501 432 538 hoc
464 505 521 537 est
553 504 710 536 coactus
743 498 963 545 concedere,
997 503 1038 535 ut
1060 498 1349 547 Tengnagelius
1382 499 1486 546 operi
1520 497 1798 546 praefationem
1832 495 2000 534 adderet.

214 560 261 597 Et
293 570 408 607 quum
440 562 577 606 postea
608 555 762 594 tabulas
783 555 1054 605 Rudolphinas
1076 555 1217 602 ederet,
1250 555 1366 604 hujus
1389 555 1568 593 editionis
1590 554 1733 592 fructus
1757 565 1842 592 cum
1864 553 2002 592 haere-

213 617 324 654 dibus
367 615 539 653 dividere
573 614 718 653 debuit.
782 613 931 662 Quibus
973 613 1124 651 demum
1167 612 1309 651 tabulis
1349 613 1528 662 perfectis
1560 612 1750 661 Keplerus
1794 611 2002 650 editionem

214 675 334 711 voluit
373 684 577 722 procurare
618 672 927 721 Tychonicarum
970 672 1307 718 observationum,
1352 683 1448 719 quas
1489 672 1708 708 etiamnunc
1747 671 1785 707 in
1828 669 2004 707 custodia

210 733 356 777 habuit,
391 731 457 768 scd
492 730 577 767 aliis
609 731 722 767 rebus
754 730 972 778 prohibitus
1005 735 1074 767 est.
1134 729 1278 767 Postea
1310 728 1463 766 Curtius
1497 727 1662 774 Jesuita,
1698 727 1744 766 de
1776 738 1852 776 quo
1884 738 2001 776 supra

209 790 353 827 dictum
385 794 462 834 est,
506 789 657 836 scriptis
698 789 844 836 potitus
876 787 1125 825 selectionem
1160 786 1360 837 „Historia
1392 785 1609 825 Coelestis“
1645 787 1867 835 inscriptam
1899 796 2000 823 anno

214 851 320 885 1666
355 845 488 886 edidit.

346 903 481 951 Qualis
512 903 671 952 chleri
705 903 854 952 Pragae
886 903 998 940 fuerit
1030 902 1199 940 conditio
1233 907 1270 940 et
1301 901 1488 949 societas,
1532 902 1592 939 hie
1624 907 1662 940 et
1697 901 1776 939 illie
1808 901 1932 939 obiter
1963 903 2000 937 111

207 961 380 1010 epistolis
413 962 519 1007 dixit,
554 973 599 998 ex
632 972 707 1009 quo
741 972 972 1009 cognoscere
1005 960 1105 1008 licet,
1142 960 1246 998 eiad
1268 959 1483 1009 complures
1516 960 1682 998 familias
1714 959 1880 997 illustres
1902 958 2002 996 libe-

206 1031 288 1056 rum
320 1019 466 1056 aditum
497 1020 667 1068 patuisse
699 1018 935 1069 (Matthaeus
969 1018 1123 1066 quidem
1144 1017 1386 1055 Wackherus
1418 1018 1463 1056 de
1487 1017 1761 1056 Wackhenfels
1790 1017 1869 1054 filio
1891 1016 2002 1065 Kep—

207 1077 272 1114 leri
304 1077 498 1114 Friderico
531 1088 630 1113 anno
667 1080 773 1114 1604
807 1083 898 1114 nato
931 1078 1049 1113 sacris
1082 1076 1308 1113 Christianis
1342 1076 1527 1113 initiando
1570 1077 1679 1113 testis
1711 1074 1862 1124 aderat)
1904 1086 2001 1112 eun-

207 1134 370 1183 demque
412 1136 552 1183 insigni
595 1136 780 1171 sermonis
822 1136 1036 1180 suavitate,
1085 1135 1307 1171 facetIarum
1347 1133 1496 1182 lepore,
1547 1133 1787 1182 amplissima
1828 1133 2002 1170 doctrina

205 1191 368 1230 multum
396 1192 674 1240 jucunditatis,
721 1192 881 1229 multum
914 1192 1091 1229 utilitatis
1135 1193 1267 1228 amicis
1304 1192 1384 1228 suis
1416 1194 1627 1240 paravisse.
1691 1191 2002 1228 Communicavit

211 1251 311 1287 enim
344 1262 428 1287 cum
462 1251 506 1287 iis
541 1250 586 1287 (10
618 1250 755 1287 studiis
789 1251 867 1287 suis
901 1256 937 1287 ct
970 1251 1162 1298 operibus,
1196 1248 1325 1298 quoad
1357 1260 1416 1286 res
1448 1251 1639 1287 communi
1671 1249 1816 1298 judicio
1838 1253 1997 1297 pateret,

206 1314 273 1345 aut
305 1309 564 1346 instrumentis
595 1308 848 1357 'l'ychonicis,
884 1319 983 1356 quae
1016 1308 1087 1344 sibi
1120 1308 1259 1344 frustra
1290 1308 1523 1355 negantibus
1546 1308 1778 1357 Tychonicis
1810 1306 1859 1344 ad
1885 1318 1999 1343 usum

207 1377 390 1403 concessa
422 1371 540 1413 erant,
576 1367 611 1401 in
646 1367 790 1414 regium
823 1366 975 1402 hortum
1009 1377 1074 1402 eos
1107 1365 1155 1402 ad
1189 1364 1383 1414 speculam
1417 1377 1527 1403 suam
1561 1366 1804 1411 convocavit,
1836 1364 1901 1402 ubi
1923 1363 1998 1401 illis

207 1423 392 1472 quidquid
425 1426 513 1460 novi
558 1425 594 1459 in
627 1424 735 1461 coelo
779 1425 861 1460 visu
904 1424 1060 1471 dignum
1100 1428 1200 1468 erat,
1240 1422 1425 1460 ostendit:
1471 1435 1611 1461 novam
1655 1423 1806 1461 stellam
1840 1420 1996 1472 (1604),

206 1481 306 1519 Solis
339 1481 550 1528 maculam,
586 1493 699 1530 quam
733 1481 830 1518 falso
864 1481 1095 1518 Mercurium
1129 1481 1236 1517 duxit
1269 1481 1434 1530 (1603),
1478 1481 1629 1519 stellam
1661 1482 1854 1523 crinitam,
1899 1491 1997 1528 quac

206 1550 305 1576 anno
342 1544 447 1577 16οῖ
485 1541 520 1575 in
554 1539 662 1577 coelo
695 1541 886 1588 apparuit,
923 1541 1046 1576 varias
1073 1539 1205 1576 Lunae
1235 1538 1413 1586 Solisque
1447 1538 1693 1586 defectiones,
1727 1544 1794 1576 aut
1825 1536 1996 1586 singulas

205 1597 357 1644 stellas,
402 1609 564 1646 quarum
599 1598 643 1634 de
677 1599 895 1634 nominibus
928 1608 993 1634 eos
1027 1598 1204 1634 certiores
1236 1597 1336 1633 fecit.
1400 1597 1462 1634 Sic
1493 1597 1668 1635 miranda
1709 1597 1783 1634 illis
1817 1595 1996 1641 ostendit,

210 1666 308 1703 quae
330 1656 508 1704 praebuit
531 1667 682 1693 camera
704 1656 878 1701 obscura,
905 1654 1135 1692 hilaritatem
1158 1659 1195 1691 01
1212 1655 1304 1702 joca
1326 1654 1565 1703 conjungens
1587 1657 1707 1693 seriis.
1754 1657 1845 1701 (Cfr.
1865 1668 1901 1700 p.
1920 1656 1995 1699 46.)

206 1713 330 1749 Amici
361 1714 525 1750 invicem
557 1725 617 1751 res
657 1724 778 1750 novas
812 1715 843 1749 ei
886 1713 1114 1759 afferebant,
1159 1724 1258 1760 quae
1291 1716 1328 1749 01
1359 1713 1512 1749 facilius
1551 1718 1589 1751 et
1631 1713 1792 1750 celerius
1825 1713 1917 1761 ipsis
1951 1724 1996 1749 cx

204 1772 320 1808 variis
352 1772 526 1820 partibus
552 1772 734 1817 venirent,
768 1771 822 1807 sic
846 1770 1003 1807 Antonii
1028 1770 1223 1807 Laurentii
1248 1770 1443 1817 Politiani,
1477 1772 1632 1809 natione
1656 1771 1763 1818 Itali,
1797 1770 1842 1808 de
1866 1769 1997 1818 paral-

203 1829 356 1866 laxibus
378 1829 531 1876 librum,
565 1841 677 1877 quem
702 1830 738 1864 in
762 1840 831 1865 suo
855 1827 901 1865 de
923 1840 1027 1865 nova
1059 1827 1171 1865 stella
1194 1839 1307 1876 opere
1329 1830 1466 1866 acriter
1488 1831 1690 1875 recensuit,
1724 1835 1790 1867 aut
1813 1827 1997 1865 Guilelmi

205 1885 367 1924 Gilbcrti
401 1887 447 1924 de
469 1886 652 1936 Magnete
685 1898 794 1935 opus,
829 1886 931 1934 quod
956 1886 1122 1935 chlcro
1156 1887 1192 1922 in
1225 1887 1304 1922 suis
1337 1886 1382 1923 de
1405 1886 1644 1935 planetarum
1666 1892 1772 1924 motu
1797 1887 1996 1935 quaestio-

203 1945 316 1982 nibus
348 1943 399 1996 (in
421 1944 520 1981 libro
543 1944 588 1982 de
611 1944 750 1994 Marte)
783 1944 908 1981 evasit
939 1944 1203 1991 utili-ssimum,
1237 1943 1400 1981 eundem
1434 1956 1525 1982 vero
1557 1944 1606 1982 ad
1639 1956 1801 1982 errorem
1834 1943 1995 1990 induxit,

207 2007 248 2038 ut
279 2004 510 2050 gravitatem
544 2015 628 2039 cum
664 2005 803 2039 virtute
835 2004 1052 2050 magnetica
1076 2003 1265 2040 conferret
1287 2003 1369 2039 sive
1402 2004 1540 2050 partim
1574 2004 1817 2040 commutarit
1840 2003 1996 2052 <quam-

205 2071 319 2108 quam
352 2060 428 2097 alio
462 2060 548 2097 loco
581 2061 638 2097 his
672 2062 764 2108 ipsis
788 2060 914 2096 verbis
939 2072 1029 2097 usus
1052 2065 1131 2097 cst:
1167 2059 1482 2108 „similitudinem
1506 2060 1590 2098 dico
1613 2072 1690 2098 non
1714 2072 1791 2098 rem
1814 2057 1994 2110 ipsan1“).

203 2117 277 2154 Per
310 2118 465 2155 eosdem
497 2119 641 2155 amicos
663 2118 879 2165 pragenses
911 2120 1055 2166 primus
1087 2119 1248 2154 nuncius
1281 2119 1314 2155 ei
1347 2118 1488 2155 allatus
1522 2124 1579 2155 est
1611 2118 1657 2156 de
1689 2118 1902 2167 teleseopio
1934 2129 1996 2155 rc-

204 2181 312 2224 perto
336 2182 372 2213 et
395 2176 616 2213 clarissimis
638 2176 714 2212 illis
737 2177 915 2221 inventis,
951 2188 1049 2224 quae
1083 2175 1344 2213 Galilaeus
1378 2175 1465 2213 huic
1497 2177 1571 2224 ipsi
1605 2188 1708 2214 novo
1740 2178 1994 2213 instrumento

205 2233 349 2270 debuit.
393 2233 529 2271 Hilara
549 2234 707 2282 chleri
740 2235 919 2279 narratio,
954 2246 1031 2282 qua
1062 2234 1207 2270 urbano
1239 2245 1413 2271 sermone
1446 2235 1615 2282 exponit,
1649 2238 1887 2283 quantopere
1918 2233 1996 2269 illis

203 2292 368 2328 inventis
389 2292 462 2329 sibi
485 2304 508 2329 a
528 2292 745 2329 Wackhero
771 2293 961 2329 nunciatis
985 2297 1021 2328 et
1043 2291 1105 2328 hic
1127 2298 1163 2329 et
1195 2293 1276 2340 ipse
1298 2291 1351 2329 rei
1372 2291 1674 2340 magnitudInem
1707 2292 1883 2329 admirati
1906 2293 1994 2338 sint,

208 2354 308 2386 certo
340 2354 398 2386 est
426 2351 659 2396 testimonio,
695 2361 809 2398 quam
841 2351 938 2386 inter
970 2349 1057 2387 illos
1087 2350 1201 2386 fuerit
1230 2352 1498 2387 commercium
1530 2350 1716 2387 familiare
1743 2351 1819 2396 (cfr.
1846 2363 1879 2396 p.
1900 2351 1993 2394 788).

343 2406 555 2454 Postquam
590 2407 880 2456 Archiepiscopi
905 2407 1146 2445 Coloniensis
1179 2406 1323 2444 auxilio
1356 2409 1436 2456 ipse
1469 2407 1721 2456 telescopium
1754 2408 1897 2445 bonum
1928 2417 1996 2444 ac-

210 2466 320 2513 cepit,
354 2466 498 2502 amicos
531 2466 747 2514 Pragcnses
776 2465 970 2513 ‘Keplerus
1003 2466 1185 2502 invitavit
1215 2464 1262 2502 ad
1287 2464 1435 2502 Lunam
1468 2471 1504 2502 et
1535 2465 1649 2503 Jovis
1680 2465 1868 2503 satellites
1901 2475 1995 2502 con-

208 2521 464 2571 templandos.
507 2522 597 2560 Jam
621 2528 708 2561 ante
732 2535 847 2571 quam
879 2524 960 2572 ipsc
983 2523 1274 2560 ohservationes
1307 2522 1494 2560 coelestes
1528 2524 1651 2561 facere
1674 2527 1818 2572 posset,
1851 2524 1995 2560 amicos

207 2579 252 2617 de
287 2579 548 2618 Galilaearum
582 2582 896 2618 observationum
936 2582 1098 2618 veritate
1139 2580 1359 2617 dubitantes
1402 2582 1517 2618 variis
1556 2582 1789 2630 argumentis
1824 2580 1995 2618 refellere

206 2637 372 2683 studuit,
418 2650 516 2687 quae
555 2640 692 2687 partim
727 2650 771 2676 ex
804 2639 986 2688 analogia
1019 2641 1140 2687 cepit,
1180 2650 1294 2686 quam
1327 2650 1373 2675 ea
1405 2651 1504 2686 quac
1537 2639 1664 2677 adhuc
1695 2639 1792 2677 coeli
1825 2639 1993 2687 cognitio

208 2699 289 2732 erat
319 2696 482 2745 afferret,
514 2698 652 2745 partim
685 2709 730 2733 ex
764 2698 917 2744 ingenio
951 2701 987 2733 et
1020 2696 1237 2733 conditione
1271 2695 1371 2734 docti
1405 2697 1475 2733 viri
1509 2696 1645 2744 Italici,
1680 2709 1793 2745 quem
1825 2697 1994 2734 auctori-

209 2757 326 2790 tatem
359 2759 396 2790 et
428 2755 589 2802 gloriam
622 2766 731 2792 suam
764 2754 859 2791 falsa
893 2754 1079 2792 relatione
1110 2754 1291 2791 facillime
1313 2753 1515 2792 refutanda
1536 2756 1573 2790 in
1606 2754 1809 2792 discrimen
1832 2764 1993 2791 vocasse

208 2821 282 2846 non
314 2812 513 2859 probabile
546 2817 660 2850 esset.
713 2812 872 2849 Publice
905 2823 1057 2860 quoque
1081 2811 1299 2849 Galilaeum
1331 2813 1368 2847 in
1395 2812 1703 2861 „Dissertatione
1737 2824 1822 2850 cum
1843 2811 1993 2848 Nuncio

208 2866 392 2905 8010100α
428 2873 488 2915 (II.
514 2872 581 2907 487
607 2873 699 2916 seq.)
733 2869 919 2916 defendit,
965 2871 1130 2907 maxime
1164 2870 1464 2918 obloquentibus
1497 2869 1662 2907 Galilaei
1704 2871 1741 2906 in
1773 2868 1887 2906 Italia
1918 2870 1994 2905 ini-

209 2926 315 2962 micis
338 2926 515 2974 (quorum
549 2929 585 2963 in
608 2939 764 2965 numero
788 2927 968 2975 Maginus
992 2933 1083 2975 erat,
1117 2928 1315 2965 Bononiae
1347 2927 1572 2977 professor),
1606 2939 1730 2976 neque
1761 2927 1833 2963 viri
1864 2931 1993 2975 partes

208 2982 382 3030 reliquit,
426 2995 510 3021 cum
543 2984 733 3031 Horkius‚
777 2987 840 3033 qui
875 2991 987 3022 antea
1019 2985 1168 3034 Pragae
1201 2985 1370 3034 Keplero
1402 2987 1585 3034 magistro
1628 2996 1720 3022 usus
1763 2988 1842 3031 est,
1886 2983 1990 3021 haud

210 3038 323 3076 dubie
355 3040 605 3079 suadentibus
637 3041 803 3079 Galilaei
838 3045 1020 3090 inimicis,
1064 3055 1109 3081 ex
1140 3043 1319 3080 Bononia
1350 3042 1395 3080 de
1428 3043 1501 3081 1100
1540 3044 1620 3079 viro
1652 3041 1700 3078 ad
1734 3053 1818 3079 eum
1860 3042 1992 3080 literas

209 3097 386 3144 misisset,
420 3099 558 3144 quibus
590 3099 748 3147 Keplcri
782 3105 884 3137 certa
916 3101 1009 3138 fides
1042 3102 1216 3138 imminui
1249 3100 1404 3149 quidem
1434 3102 1573 3150 potuit.
1605 3111 1608 3114 ’
1635 3099 1676 3135 In
1711 3099 1992 3137 Dissertatione

209 3151 398 3202 chlerus
423 3154 598 3194 Galilaeo
620 3168 774 3205 prorsus
796 3159 1015 3207 assentitur,
1049 3161 1227 3207 quamvis
1259 3163 1340 3195 tum
1373 3158 1528 3207 quidem
1550 3158 1713 3207 propriis
1745 3158 1990 3197 observatio-
