2126 3388
217 187 302 234 692
893 190 977 226 Vita
999 189 1150 226 Joannis
1176 189 1334 235 Kepleri.

354 304 461 340 Haud
485 304 587 349 parvi
611 305 783 340 momenti
808 310 894 340 sunt
923 306 1051 343 literae
1075 306 1222 350 Kepleri
1254 317 1377 342 mense
1402 305 1520 350 Aprili
1551 304 1597 340 ad
1620 305 1855 341 Maestlinum
1888 305 2006 349 datae,

216 370 236 396 e
261 360 391 405 quibus
416 361 508 396 haec
533 362 738 405 repetimus.
784 359 898 409 Quod
939 360 1095 399 tandem
1136 360 1346 410 aliquando
1386 360 1544 409 elephas
1576 372 1684 398 meus
1726 362 1896 411 peperit,
1936 373 2006 399 nec

215 417 364 455 interea
393 418 576 466 temporis
608 417 689 456 ulla
718 417 852 457 libello
884 430 969 456 meo
1002 417 1208 456 difficultas
1229 432 1253 456 a
1273 418 1494 468 Scripturae
1526 417 1566 456 S.
1590 418 1870 466 defensoribus,
1902 419 2007 467 quod

214 474 447 523 metuebam,
481 475 635 524 objecta
664 476 747 524 fuit,
782 476 961 526 equidem
993 476 1078 514 Deo
1111 476 1300 514 conditori
1333 476 1472 515 devote
1503 477 1648 526 gratias
1679 489 1766 526 ago.
1829 477 1944 514 Faxit
1974 479 2006 514 is

214 537 269 580 ut,
301 531 405 581 quod
437 543 509 581 ego
541 533 893 583 publice‘quaero,
926 535 1070 584 passim
1092 534 1196 583 apud
1218 546 1332 573 sanos
1355 540 1392 573 et
1413 536 1570 584 copiose
1593 540 1777 584 sequatur
1799 547 1846 573 ex
1863 535 2007 583 jucun—

216 590 376 628 dissima
405 590 684 640 speculatione,
717 593 866 631 scilicet
897 598 938 630 ut
969 592 1064 631 fides
1097 592 1143 630 de
1173 604 1298 631 rerum
1331 594 1524 631 creatione
1555 591 1629 630 hoc
1651 598 1807 631 externo
1840 593 2008 630 admini-

216 647 301 686 culo
333 647 588 697 confirmetur,
622 650 842 688 conditricis
873 653 1012 689 mentis
1043 656 1182 688 natura
1213 656 1468 700 cognoscatur
1500 651 1701 700 maj0rque
1732 651 1844 688 nobis
1877 652 2008 700 quoti-

215 706 275 743 die
315 705 383 743 fiat
419 707 651 745 inexhausta
693 708 796 745 illius
827 711 1035 758 sapientia,
1079 716 1195 757 atquc
1235 709 1332 747 adeo
1372 715 1413 746 ut
1452 711 1512 747 vel
1555 709 1711 747 tandem
1756 709 1872 746 homo
1914 721 2006 746 suae

214 765 352 801 mentis
385 764 486 802 vires
512 765 619 815 justo
652 766 809 804 modulo
842 769 1023 805 metiatur
1054 773 1092 805 et
1123 766 1325 814 intelligat,
1359 779 1445 806 cum
1476 765 1586 805 Deus
1619 769 1748 805 omnia
1771 766 1819 805 ad
1851 769 2008 815 quanti-

215 822 306 858 tatis
337 832 492 860 normas
525 823 738 862 condiderit
777 827 813 861 in
846 830 928 863 toto
968 825 1130 872 mundo,
1175 832 1339 862 mentem
1381 827 1495 863 etiam
1528 825 1673 863 homini
1707 825 1858 875 datam,
1908 837 2006 873 quae

214 879 309 916 talia
340 880 654 930 comprehendat.
715 882 815 920 Nam
857 889 898 920 ut
930 884 1064 921 oculus
1105 882 1154 920 ad
1187 883 1354 929 colores,
1396 885 1498 921 auris
1538 883 1587 921 ad
1620 895 1760 930 sonos,
1803 884 1858 920 ita
1901 894 2007 920 mens

213 936 379 975 hominis
417 950 495 977 non
535 939 585 977 ad
627 942 808 989 quaevis,
853 941 921 979 sed
961 942 1010 978 ad
1050 946 1236 990 quanta
1274 941 1526 989 intelligenda
1564 941 1719 979 condita
1759 947 1818 978 est
1848 953 2006 989 remque

213 994 427 1043 quamlibet
469 1002 576 1035 tanto
607 1000 748 1037 rectius
778 1001 956 1048 percipit,
1001 1004 1145 1048 quanto
1183 998 1250 1036 illa
1287 1001 1444 1048 propior
1475 1006 1533 1037 est
1570 999 1683 1036 nudis
1725 999 2007 1048 quantitatibus

212 1064 283 1091 ceu
315 1065 408 1091 suae
441 1057 598 1105 origini3
629 1057 679 1094 ab
710 1057 769 1094 his
803 1069 878 1106 quo
909 1057 1064 1106 longius
1097 1056 1286 1105 quidlibet
1316 1057 1470 1102 recedit,
1503 1062 1610 1094 tanto
1642 1057 1730 1106 plus
1761 1058 2006 1095 tenebrarum

213 1116 251 1148 et
282 1122 449 1149 errorum
482 1115 624 1152 existit.
686 1114 808 1153 Affert
838 1116 939 1153 enim
970 1127 1076 1153 mens
1109 1120 1240 1152 nostra
1271 1120 1407 1163 suapte
1438 1120 1577 1153 natura
1607 1126 1738 1153 secum
1770 1115 1819 1152 ad
1852 1115 2007 1152 divina-

211 1180 295 1206 rum
325 1181 450 1207 rerum
481 1171 610 1210 studia
641 1174 819 1211 notiones
851 1185 953 1221 suas,
986 1175 1024 1210 in
1056 1172 1368 1222 praedicamento
1391 1174 1619 1221 quantitatis
1651 1179 1885 1221 exstructas3
1919 1175 2007 1222 qui-

211 1228 284 1264 bus
315 1228 348 1265 si
378 1227 576 1279 spolietur,
607 1230 702 1268 nihil
733 1232 807 1269 nisi
839 1234 952 1269 meris
984 1231 1257 1279 negationibus
1280 1230 1436 1269 definire
1466 1236 1605 1280 potest.
1650 1231 1751 1269 Hinc
1782 1231 1849 1269 illa
1873 1230 2006 1268 Calvi-

212 1286 399 1323 nistarum
432 1284 604 1332 ἐκστασις
643 1289 692 1326 ad
730 1301 869 1328 nomen
899 1291 1152 1338 praescntiae
1182 1289 1362 1327 illocalis,
1424 1288 1523 1326 Nam
1564 1295 1601 1327 ct
1643 1301 1717 1326 vox
1748 1291 2005 1338 (praesentia)

213 1348 251 1380 et
280 1354 340 1381 res
372 1343 566 1384 intellecta
597 1347 669 1384 sub
703 1359 796 1385 voce
830 1347 1006 1385 desumta
1037 1352 1163 1385 estex
1186 1346 1405 1385 conditione
1429 1347 1543 1395 hujus
1572 1347 1704 1393 seculi,
1737 1347 1823 1385 loco
1847 1353 1885 1385 et
1906 1353 2006 1386 tem-

212 1412 304 1449 pore
337 1405 571 1452 constantis,
611 1403 851 1454 digitumque.
884 1405 946 1443 vel
978 1407 1208 1443 cautissimis
1243 1404 1292 1442 ad
1325 1406 1560 1454 quantitates
1592 1405 1766 1443 intendit.
1828 1405 1938 1443 Haec
1970 1411 2006 1442 et

212 1458 353 1497 similia
384 1460 415 1497 si
448 1461 611 1510 quilibet
643 1474 689 1500 ex
733 1466 937 1502 occasione
979 1476 1025 1501 ex
1056 1475 1141 1500 meo
1174 1462 1304 1500 libello
1349 1463 1525 1501 desumta
1569 1475 1698 1501 secum
1742 1463 2004 1512 perpenderet,

213 1518 350 1566 opinor
390 1529 467 1557 uno
509 1520 630 1569 gradu
660 1523 818 1570 propius
851 1527 1108 1560 conventuras
1148 1526 1276 1570 partes
1321 1523 1358 1558 in
1398 1521 1584 1570 religione
1623 1521 1865 1559 dissidentes.
1929 1521 2004 1559 Sed

213 1576 314 1612 enim
345 1586 392 1613 ex
422 1589 557 1615 musca
599 1577 664 1616 fiet
694 1579 768 1617 hoc
798 1585 913 1628 pacto
957 1579 1121 1628 denique
1155 1579 1326 1628 elaphas.
1390 1580 1472 1628 Ego
1504 1592 1619 1628 quam
1652 1581 1723 1616 sim
1762 1579 1835 1617 hoc
1867 1582 2004 1617 nuncio

212 1638 427 1683 recreatus,
473 1635 599 1674 dicere
631 1639 772 1675 rectius
805 1649 878 1675 non
910 1649 1089 1687 possum,
1131 1649 1247 1685 quam
1280 1639 1311 1674 si
1344 1638 1411 1675 tibi
1445 1637 1743 1675 sollicitudinem
1775 1639 1902 1675 mariti
1936 1650 2004 1686 pro

212 1693 385 1739 pariente
418 1705 535 1731 uxore
566 1695 829 1744 gaudiumque
863 1707 908 1734 ex
941 1696 1105 1744 denique
1126 1702 1217 1733 nato
1239 1707 1358 1744 puero
1381 1707 1523 1745 ponam
1546 1697 1594 1733 ob
1617 1695 1764 1733 oculos.
1817 1695 2005 1744 Quamvis

213 1748 317 1786 haud
348 1761 484 1799 parum
518 1764 644 1790 meam
677 1753 926 1791 festivitatem
958 1754 1188 1791 interturbat
1219 1764 1378 1800 remora,
1413 1766 1528 1803 quam
1560 1765 1668 1792 meus
1690 1755 1762 1792 iste
1783 1759 1914 1802 partus
1938 1761 2005 1792 tuo

212 1809 353 1856 scripto
387 1809 529 1859 objecit
569 1811 761 1860 simulque
799 1814 917 1850 totius
951 1813 1127 1861 Europae
1170 1813 1498 1861 exspectationem
1543 1811 1590 1850 de
1620 1811 1687 1850 illo
1729 1812 1873 1850 diutius
1916 1824 2004 1850 sus-

211 1865 357 1914 pendit.
372 1866 412 1917 96)

348 1924 398 1962 Et
439 1926 593 1975 quando
637 1927 791 1976 quidem
832 1930 869 1965 in
910 1929 1009 1967 hanc
1047 1929 1280 1967 mentionem
1328 1928 1462 1974 incidi,
1509 1940 1654 1977 quaeso
1694 1934 1729 1966 te
1772 1928 2004 1978 Praeceptor

211 1983 475 2022 amantissime
515 1996 583 2033 per
613 1997 699 2023 mea
732 1992 769 2023 et
800 1992 866 2024 tua
906 1989 1075 2036 quinque
1115 1997 1298 2034 corpora,
1337 1997 1383 2023 ne
1424 1998 1537 2034 aegre
1576 1987 1675 2024 seras
1716 1987 1887 2035 cogitata
1917 1998 2004 2024 mea

212 2038 259 2076 de
292 2038 522 2080 Calendario
555 2044 624 2080 tibi
647 2044 914 2092 explicantem.
966 2045 1065 2082 Novi
1089 2044 1278 2093 equidem,
1315 2055 1414 2092 quae
1447 2048 1487 2080 tu
1519 2045 1722 2093 suscepisti
1749 2044 2001 2092 defendenda,

211 2096 401 2145 ejusmodi
432 2099 583 2138 firmata
617 2112 701 2139 esse
733 2105 990 2151 argumentis,
1025 2113 1124 2151 quae
1154 2113 1229 2139 non
1267 2101 1383 2138 Clavi
1413 2113 1537 2150 neque
1570 2104 1700 2147 cunei,
1735 2104 1811 2140 imo
1842 2114 1888 2140 ne
1922 2109 2003 2140 tota

211 2154 368 2203 quidem
399 2157 496 2196 coeli
528 2158 710 2197 machina
740 2161 877 2198 solvet.
940 2161 1065 2198 Etiam
1098 2159 1192 2197 illud
1225 2159 1386 2197 alterum
1429 2165 1541 2197 teneo
1574 2156 1753 2198 firmiter:
1797 2173 1932 2209 parum
1966 2167 2002 2198 et

213 2214 413 2251 minimum
445 2216 537 2264 quid
570 2229 653 2255 esse
686 2218 970 2256 commoditatis
1002 2230 1047 2256 ex
1080 2219 1315 2255 correctione
1358 2217 1406 2267 (si
1439 2219 1605 2255 maxime
1637 2219 1843 2267 perfectam
1876 2219 2001 2267 finga-

208 2272 312 2319 mus)
345 2272 552 2321 paschatis,
584 2275 679 2312 nihil
711 2278 865 2314 omnino
899 2288 943 2314 ex
976 2277 1190 2314 exemtione
1228 2279 1276 2312 10
1311 2275 1456 2312 dierum
1488 2282 1687 2325 sequutae,
1721 2288 1798 2325 quo
1830 2288 1872 2315 se
1903 2288 2002 2315 vcn-

210 2327 332 2367 ditare
367 2331 454 2379 jure
492 2334 617 2381 possit
649 2332 859 2383 Gregorius
903 2339 1034 2372 contra
1064 2333 1103 2371 J.
1137 2333 1355 2371 Caesarem.
1416 2333 1552 2382 Neque
1593 2346 1677 2372 sum
1710 2336 1747 2371 in
1787 2335 1855 2372 illo
1895 2336 1999 2373 inani

208 2391 331 2435 metu,
371 2400 419 2426 ne
462 2390 628 2428 mundus
669 2403 715 2429 eo
748 2403 870 2441 usque
902 2391 1028 2439 duret,
1070 2391 1159 2428 dum
1198 2391 1345 2440 pascha
1376 2392 1413 2427 in
1453 2397 1679 2430 autumnum
1712 2398 1750 2430 et
1781 2392 1929 2431 coelum
1962 2395 1999 2430 in

207 2449 346 2482 terram
392 2446 517 2485 cadat.
580 2448 681 2497 Quin
722 2451 798 2488 imo
840 2450 914 2487 hoc
951 2461 1034 2487 esse
1075 2455 1168 2498 puto
1211 2450 1484 2487 correctionem
1530 2450 1630 2488 hanc
1671 2450 1794 2488 ordini
1825 2451 1998 2500 politico,

209 2502 313 2551 quod
344 2505 480 2552 quinta
509 2510 594 2544 rota
627 2509 764 2546 currui.
827 2507 927 2545 Illud
961 2509 1076 2545 etiam
1109 2519 1194 2544 cum
1216 2507 1410 2555 theologis
1432 2509 1578 2546 sentio:
1613 2509 1998 2558 circumspiciendum

207 2560 326 2599 fuisse
356 2573 432 2600 non
464 2563 616 2612 frustra,
650 2577 696 2603 ne
729 2577 805 2614 qua
837 2565 957 2603 lateat
988 2567 1125 2614 anguis
1158 2567 1194 2601 in
1226 2565 1357 2602 herba.
1413 2565 1547 2614 Neque
1577 2578 1636 2604 me
1668 2567 1767 2616 sugit
1796 2567 1998 2616 politicum

207 2620 456 2667 magistratus
489 2622 705 2671 consilium,
739 2625 805 2672 qui
837 2624 1145 2661 adversariorum
1169 2624 1364 2672 ingenium
1388 2627 1585 2672 cognitum
1607 2625 1736 2672 habet,
1771 2630 1809 2663 et
1830 2631 1998 2674 quantus

207 2678 266 2713 sui
298 2679 438 2716 tacitus
470 2679 574 2728 apud
606 2680 693 2718 illos
725 2686 941 2720 contemtus
974 2693 1019 2719 ex
1051 2683 1270 2730 receptione
1303 2680 1520 2720 Calendarii
1553 2688 1756 2721 secuturus
1788 2684 1837 2721 sit
1869 2685 1998 2722 consi-

208 2732 327 2773 derat.
388 2736 543 2776 Mordet
575 2740 674 2777 enim
707 2739 768 2777 vel
799 2740 883 2778 sola
914 2741 1098 2789 cogitatio
1132 2741 1222 2777 victi
1255 2740 1455 2788 propositi.

344 2792 452 2833 Haec
484 2807 568 2834 cum
601 2797 655 2835 ita
686 2802 850 2845 teneam,
884 2799 921 2835 in
955 2799 1091 2836 ceteris
1113 2799 1149 2835 in
1172 2809 1313 2847 magna
1334 2809 1418 2835 snm
1440 2798 1605 2838 haeresi.
1659 2797 1759 2846 Quid
1783 2800 1883 2837 enim
1907 2805 1997 2849 agat

343 2918 371 2960 ³⁸)
398 2920 591 2953 Maestlinus
616 2924 650 2954 in
676 2924 800 2962 literis,
833 2924 875 2954 ad
904 2934 984 2963 quas
1009 2924 1182 2965 respondit
1207 2924 1389 2966 Keplerus,
1417 2925 1658 2956 absolutionem
1685 2926 1756 2965 typi
1782 2926 1995 2956 nunciaverat

209 2966 241 2993 et
264 2964 340 2994 huic
367 2968 519 2998 relationi
544 2969 622 3000 haec
647 2972 878 3010 praemiserat:
916 2972 1030 3009 Longa
1057 2980 1147 3001 mora
1173 2972 1251 3007 fuit,
1279 2973 1413 3010 speravi
1439 2972 1473 3001 id
1498 2973 1590 3002 brevi
1615 2970 1802 3001 absolutum
1828 2973 1884 3014 iri,
1919 2972 1994 3002 ideo

208 3018 323 3048 passus
349 3021 430 3053 sum,
456 3017 493 3043 ut
511 3015 633 3045 interea
659 3026 765 3047 meum
784 3018 944 3058 scriptum
970 3017 1155 3048 differretur
1180 3018 1280 3058 idque
1305 3026 1376 3047 meo
1403 3019 1529 3056 ingenti
1556 3027 1629 3049 cum
1653 3019 1872 3049 incommodo.
1911 3018 1994 3049 Nam

208 3055 285 3085 inde
306 3059 444 3099 accidit,
470 3064 506 3089 ut
532 3069 638 3090 meum
666 3067 779 3093 eontra
805 3062 1037 3094 Calendarium
1062 3073 1184 3094 novum
1212 3063 1369 3103 scriptum
1396 3068 1471 3094 ante
1497 3064 1662 3095 nundinas
1688 3063 1815 3094 absolvi
1841 3074 1904 3095 uon
1931 3075 1992 3105 po-

208 3102 317 3144 tuerit,
345 3106 436 3142 enjus
461 3107 570 3143 gratia
594 3107 628 3136 in
654 3117 802 3147 magnam
829 3109 919 3150 apud
945 3114 1096 3140 senatum
1122 3110 1361 3149 amplissimum
1395 3111 1682 3151 reprehensionem
1710 3112 1824 3144 incidi.
1877 3113 1993 3151 Itaque

208 3156 281 3179 vere
306 3149 387 3180 mihi
412 3152 533 3182 accidit
557 3153 736 3185 secundum
762 3155 853 3186 illius
878 3156 1078 3195 symbolum:
1108 3156 1204 3196 „dum
1232 3154 1306 3186 aliis
1332 3157 1488 3198 inservio,
1516 3166 1574 3196 ego
1601 3158 1807 3190 eonsumor.“
