2157 3398
263 175 346 221 656
675 175 914 213 summarium
938 175 1120 211 Historiae
1145 176 1395 212 Astronomiae
1421 176 1544 212 seculo
1568 176 1664 212 XVI.

257 292 311 328 vel
336 303 407 327 non
443 292 596 328 advertit
622 292 678 327 vel
704 304 775 329 non
800 294 920 339 magni
953 293 1056 338 fecit,
1089 293 1185 337 quod
1220 293 1308 328 satis
1334 304 1414 329 esse
1434 293 1628 338 judicavit,
1661 301 1817 327 errorem
1842 291 1879 327 in
1905 293 2055 336 epactae

257 349 461 385 inventione
478 350 515 384 in
534 350 654 385 multis
674 361 848 386 annornm
864 351 1018 386 millibus
1037 361 1109 385 non
1135 351 1316 387 committi,
1367 352 1417 386 Et
1441 351 1524 395 quia
1550 350 1666 386 solum
1692 351 1736 386 30
1760 350 1884 385 literas
1909 349 2056 385 tabulae

260 420 443 455 expansae
473 412 590 450 (Clarii
615 412 731 443 tabula
756 417 945 454 epactarum
971 414 1011 443 ab
1037 421 1122 442 anno
1152 413 1241 444 1582
1267 422 1326 453 per
1358 416 1512 444 centenos
1547 420 1650 442 annos
1687 414 1823 441 extensa
1854 413 1902 441 est
1928 410 1971 440 ad
1996 419 2053 440 an-

258 480 337 501 num
363 472 522 509 303300)‚
547 477 637 512 prae
663 469 777 504 oculis
803 469 939 513 habuit,
966 467 1058 503 ratio
1084 468 1272 512 postulare
1297 468 1503 512 videbatur,
1529 472 1570 502 ut
1594 477 1660 511 per
1683 477 1794 500 unum
1819 465 1936 500 solum
1962 465 2054 500 diem

257 525 362 560 Luna
387 525 632 571 descenderet,
660 527 804 570 quando
829 526 1083 571 postponenda
1109 531 1217 564 esset.
1268 526 1339 561 Sed
1357 523 1459 571 (ego)
1487 524 1719 569 deprehendi,
1745 523 1928 559 novilunia
1952 534 2054 568 epac-

256 588 373 618 tarum
398 595 419 618 a
445 583 663 619 coelestibus
688 584 879 620 noviluniis
905 584 987 628 plus
1013 588 1131 630 aequo
1166 586 1389 630 discrepare:
1417 596 1497 619 cum
1522 584 1631 627 hujus
1658 594 1803 618 causam
1830 583 2054 626 exquirerem

257 646 364 685 atque
388 646 429 676 ut
455 642 755 678 obtrectatoribus
782 643 1049 690 satisfacerem,
1086 645 1264 680 rationem
1289 631 1428 684 inveni,
1455 652 1526 685 qua
1551 646 1701 685 epactae
1728 640 1836 675 etiam
1860 639 1906 674 ad
1931 640 2052 675 secula

255 697 462 744 longissime
489 699 659 734 distantia
683 701 927 746 inveniantur,
964 713 1115 746 quarum
1141 703 1324 738 novilunia
1350 712 1370 735 a
1396 699 1613 735 coelestibus
1639 710 1710 734 non
1735 699 1889 734 multum
1914 699 2052 734 dissen-

256 758 365 801 tiant,
400 757 452 791 ita
476 762 515 792 ut
540 769 689 794 necesse
716 759 774 803 sit,
803 759 963 795 tabulam
999 761 1224 806 aequationis
1257 768 1464 805 epactarum
1490 763 1574 803 post
1599 769 1731 793 annum
1757 758 1849 794 8100
1874 758 1979 793 aliter
2002 759 2053 793 in-

257 817 418 850 stituere.
439 844 448 853 .
468 843 476 852 .
497 844 505 851 .
556 817 721 852 Ceterum
747 819 905 854 contenti
931 820 1058 865 simus,
1084 820 1114 854 si
1139 824 1263 855 nostra
1288 818 1456 864 aequatio
1483 827 1597 862 usque
1624 816 1669 851 ad
1695 827 1808 851 annos
1837 817 1971 852 100000
1995 816 2052 851 vel

256 874 363 908 etiam
389 875 528 911 200000
551 886 623 910 11011
649 875 801 910 multum
827 888 848 911 a
873 888 956 912 vero
981 877 1174 922 discrepet.

391 932 445 967 Ad
472 937 634 977 epactam
659 934 736 978 ejus
763 934 862 977 anni,
896 934 932 969 in
965 945 1035 979 quo
1068 945 1199 970 aureus
1225 946 1395 973 numerus
1423 942 1477 973 est
1504 937 1563 982 19,
1599 935 1803 972 addendum
1828 939 1884 971 est
1909 945 1980 970 non
2007 937 2046 970 11

253 991 317 1027 sed
341 992 404 1034 12,
440 993 524 1035 quia
549 1002 593 1027 ex
621 992 747 1028 diebus
775 993 854 1038 209,
882 993 942 1037 qui
969 994 1071 1028 annis
1105 993 1281 1029 solaribus
1308 995 1351 1030 19
1379 995 1579 1031 conflantur
1612 1005 1656 1029 ex
1685 996 1720 1029 11
1747 994 1892 1036 diebus,
1918 993 2048 1038 quibus

256 1049 389 1094 singuli
414 1051 497 1084 anni
523 1050 660 1085 solares
688 1051 849 1096 singulos
875 1051 1018 1087 lunares
1045 1058 1238 1097 superant,
1265 1053 1533 1089 constituuntur
1558 1055 1579 1089 7
1603 1053 1807 1089 lunationes
1835 1052 2049 1088 embolismi-

254 1118 328 1149 cae‚
355 1107 376 1143 6
400 1108 542 1152 quidem
569 1108 705 1143 dierum
731 1110 785 1154 30,
812 1120 883 1144 una
909 1110 1043 1145 dierum
1070 1110 1125 1146 29.
1167 1111 1282 1155 Igitur
1307 1123 1379 1146 non
1405 1117 1526 1148 essent
1551 1123 1692 1156 semper
1709 1111 1910 1154 abjicienda
1935 1111 1979 1146 30
2005 1121 2048 1145 ex

257 1177 394 1202 summa
418 1165 573 1201 conflata
596 1176 661 1210 per
687 1167 905 1203 additionem
930 1169 971 1202 11
1001 1168 1045 1203 ad
1064 1174 1226 1212 epactam
1245 1170 1527 1212 antecedentem,
1554 1170 1697 1214 quando
1716 1180 1759 1204 ea
1778 1179 1916 1204 summa
1931 1169 2047 1212 major

254 1231 310 1262 est
335 1236 440 1270 quam
466 1224 510 1260 30
536 1229 571 1260 et
595 1234 709 1260 annus
743 1225 879 1261 lunaris
913 1226 1177 1261 embolismicus
1210 1228 1370 1262 continet
1409 1229 1449 1263 13
1474 1228 1698 1271 lunationes,
1736 1227 1800 1262 sed
1831 1227 1867 1261 in
1895 1227 2046 1271 septimo

253 1285 481 1325 embolismo,
518 1282 621 1327 cujus
645 1283 784 1318 lunatio
812 1284 887 1319 dies
913 1288 1053 1319 tantum
1080 1285 1124 1320 29
1150 1285 1417 1329 complectitur,
1443 1285 1575 1321 auferri
1602 1286 1776 1321 deberent
1800 1284 2047 1334 tantummodo

249 1344 307 1379 29.
358 1344 445 1377 Cum
471 1351 555 1385 ergo
588 1341 712 1386 regula
746 1342 880 1377 usitata
914 1342 1060 1386 abjiciat
1092 1354 1234 1387 semper
1259 1344 1322 1385 30,
1358 1348 1398 1379 ut
1433 1354 1555 1378 omnes
1583 1342 1782 1377 embolismi
1809 1343 1942 1378 similes
1968 1343 2048 1386 sint,

250 1411 396 1436 necesse
423 1406 479 1435 est
502 1404 585 1444 post
611 1401 775 1435 ultimum
803 1401 1050 1436 embolismum
1077 1401 1209 1436 addere
1227 1402 1270 1435 12
1289 1402 1334 1436 ad
1352 1407 1526 1445 epactam,
1552 1406 1592 1436 ut
1617 1402 1800 1444 sequentis
1819 1401 1903 1436 anni
1922 1400 2048 1445 epacta

249 1460 472 1496 conficiatur.
521 1460 615 1495 Hinc
640 1464 740 1504 patet
765 1461 868 1504 ratio,
895 1472 958 1496 cur
984 1460 1127 1505 quando
1155 1471 1284 1495 aureus
1311 1471 1479 1495 numerus
1508 1461 1549 1495 19
1575 1460 1611 1494 in
1636 1470 1705 1494 usu
1731 1463 1796 1504 cst,
1823 1458 1868 1493 ad
1894 1458 1970 1493 dies
1988 1459 2047 1502 qui

249 1523 334 1563 post
366 1517 527 1552 ultimam
563 1517 784 1552 lunationem
809 1519 1018 1554 Decembris
1046 1523 1264 1563 supersunt,
1301 1518 1489 1562 adjiciatur
1520 1518 1656 1562 unitas,
1691 1522 1730 1552 ut
1756 1517 1939 1563 sequentis
1965 1517 2048 1552 anni

248 1582 375 1620 epacta
399 1577 584 1612 formetur.
633 1577 769 1618 Quodsi
800 1577 919 1614 unitas
956 1589 1027 1612 non
1054 1577 1265 1622 adderetur,
1305 1576 1474 1612 offerrent
1506 1575 1678 1620 superflui
1704 1575 1754 1610 illi
1781 1575 1856 1611 dies
1883 1580 2045 1620 epactam

251 1646 321 1669 una
345 1635 484 1670 unitate
509 1635 692 1670 minorem.

388 1694 424 1728 Si
449 1698 532 1738 post
557 1693 695 1737 aliquot
726 1695 848 1730 secula
880 1695 924 1730 ab
951 1695 1167 1730 astronomis
1202 1694 1271 1729 alia
1307 1695 1391 1729 anni
1423 1694 1630 1739 magnitudo
1665 1692 1970 1739 deprehendatur,
2006 1694 2045 1726 ut

250 1763 364 1787 annus
391 1752 638 1796 Alphonsinus
672 1764 743 1788 non
777 1753 930 1798 amplius
964 1754 1102 1789 medius
1137 1754 1182 1789 sit
1215 1754 1308 1789 inter
1333 1755 1527 1788 maximum
1559 1763 1691 1788 annum
1725 1757 1760 1787 et
1783 1752 1977 1794 minimum,
2003 1762 2044 1786 ac

247 1810 511 1854 aequinoctium
542 1821 691 1845 vernum
716 1822 737 1845 a
763 1811 819 1846 die
845 1812 899 1847 21.
926 1813 1048 1846 Martii
1082 1812 1245 1856 recedat,
1282 1811 1547 1847 restituendum
1583 1812 1649 1846 erit
1673 1812 1718 1846 ad
1742 1811 1839 1846 1111110
1864 1810 1956 1845 (110111
1980 1819 2044 1854 per

245 1868 551 1903 intercalationem
577 1869 633 1904 vel
659 1870 887 1905 omissionem
912 1875 967 1905 tot
993 1871 1129 1906 dierum
1163 1876 1263 1906 extra.
1291 1871 1472 1911 ordinem,
1499 1875 1586 1915 quot
1612 1869 1736 1905 diebus
1763 1880 1783 1904 a
1808 1869 1864 1904 21.
1892 1868 1948 1902 die
1975 1869 2043 1902 dis-

247 1927 405 1962 cesserit.
455 1927 594 1962 Deinde
628 1927 833 1963 innovanda
868 1929 935 1963 erit
960 1930 1187 1973 aequationis
1214 1930 1356 1973 tabula,
1392 1928 1442 1963 sic
1476 1928 1583 1962 etiam
1610 1928 1639 1962 si
1665 1927 1827 1962 defectus
1854 1927 1982 1972 aliquis
2007 1926 2044 1960 in

250 1985 462 2031 aequatione
488 1986 614 2020 Lunae
642 1985 888 2030 deprehensus
916 1987 977 2030 sit,
1015 1988 1112 2023 nulla
1145 1992 1263 2022 tamen
1296 1988 1331 2022 in
1357 1988 1436 2033 ipso
1462 1988 1667 2023 calendario
1702 1988 1851 2023 mutatio
1876 1985 2043 2021 facienda

247 2045 325 2081 erit.
373 2045 500 2088 Neque
531 2055 615 2080 vero
647 2045 711 2079 ulli
743 2051 923 2092 nostrum,
959 2047 1020 2090 qui
1046 2057 1067 2081 a
1093 2057 1229 2081 summo
1261 2046 1434 2081 Pontifice
1468 2046 1511 2080 ad
1545 2046 1614 2080 hoc
1649 2045 1881 2080 correctionis
1913 2053 2041 2079 munus

247 2103 383 2138 evocati
409 2104 556 2147 fuimus,
583 2103 618 2137 in
644 2108 798 2138 mentem
824 2115 982 2149 unquam
1008 2105 1104 2139 venit
1129 2105 1242 2149 (quod
1268 2115 1455 2149 perperam
1482 2104 1660 2146 nonnulli,
1689 2104 1749 2147 qui
1775 2114 1914 2138 omnem
1940 2112 2041 2137 oeca-

247 2161 382 2195 sionem
409 2166 586 2205 quaerunt
611 2165 651 2195 ut
677 2161 918 2196 calendarium
947 2163 1204 2207 Gregorianum
1232 2163 1417 2198 calumniis
1443 2163 1670 2207 impugnent,
1704 2163 1808 2197 nobis
1834 2161 2039 2206 affingunt),

248 2224 288 2254 ut
311 2224 529 2265 putaremus,
558 2219 799 2255 calendarium
827 2220 1016 2255 dicendum
1042 2231 1122 2255 esse
1146 2226 1359 2266 perpetuum
1376 2225 1527 2266 propter
1544 2220 1805 2255 restitutionem
1824 2219 2039 2264 aequinoctii

247 2281 283 2312 et
308 2276 391 2312 anni
417 2277 542 2312 solaris
567 2277 815 2321 aequationem
840 2277 876 2312 in
901 2289 942 2314 eo
968 2280 1235 2323 praescriptam.
1287 2279 1378 2314 Nam
1415 2290 1494 2314 cum
1527 2279 1611 2313 anni
1642 2278 1848 2323 magnitudo
1881 2277 2038 2312 nondum

248 2336 294 2370 sit
320 2340 415 2370 certo
442 2335 640 2380 explorata,
669 2336 746 2379 quis
773 2336 952 2370 affirmare
979 2337 1119 2381 audeat,
1146 2338 1410 2381 aequinoctium
1435 2339 1610 2382 perpetuo
1636 2347 1910 2381 permansurum
1934 2336 1970 2370 in
1997 2345 2039 2370 ea

249 2394 344 2436 sede,
369 2393 414 2428 ad
441 2404 545 2438 quam
577 2401 782 2430 revocatum
815 2400 886 2438 051,
923 2394 1063 2429 etiamsi
1095 2394 1263 2438 aequatio
1295 2396 1378 2429 anni
1412 2395 1539 2429 solaris
1566 2395 1660 2429 omni
1686 2394 1847 2430 adhibita
1873 2394 2037 2429 cautione

247 2453 484 2488 instituatur?
505 2480 513 2488 .
534 2482 539 2488 .
560 2481 569 2489 .
589 2482 597 2490 .
647 2453 806 2488 Maxima
833 2453 947 2497 gratia
974 2458 1009 2487 et
1033 2451 1112 2487 laus
1139 2453 1285 2498 Aloysio
1311 2454 1404 2489 Lilio
1430 2453 1619 2490 tribuenda
1646 2459 1716 2498 est,
1743 2454 1804 2498 qui
1829 2458 1901 2487 tam
1928 2452 2036 2487 artifi-

246 2511 382 2545 ciosum
407 2516 613 2556 epactarum
646 2511 782 2556 cyclum
816 2510 1051 2555 excogitavit,
1089 2511 1149 2554 qui
1183 2511 1227 2545 ad
1262 2523 1512 2557 quamcunque
1545 2513 1627 2547 anni
1660 2512 1939 2556 magnitudinem
1964 2515 2036 2545 tam

248 2568 355 2604 facile
381 2571 496 2613 possit
521 2570 794 2609 accommodari.
821 2569 850 2603 si
876 2568 1042 2603 nimirum
1068 2570 1142 2604 suis
1169 2570 1391 2614 temporibus
1417 2570 1536 2606 debita
1562 2571 1728 2614 aequatio
1755 2570 1981 2605 adhibeatur.

381 2627 559 2671 Equidem
592 2629 628 2662 in
660 2627 728 2663 hac
759 2627 809 2662 fui
840 2638 981 2672 semper
1014 2627 1192 2662 sententia
1226 2627 1446 2672 eandemque
1479 2639 1573 2664 nunc
1603 2634 1727 2671 teneo,
1759 2634 1799 2663 ut
1824 2628 2034 2669 existimem,

245 2690 389 2730 epactas
413 2697 486 2721 non
510 2696 618 2730 posse
643 2686 748 2721 aliter
772 2687 807 2720 in
834 2685 1037 2720 calendario
1065 2686 1206 2730 disponi
1231 2696 1272 2721 ac
1299 2686 1462 2729 describi,
1488 2698 1606 2731 neque
1631 2687 1733 2723 aliter
1758 2698 1878 2722 earum
1904 2697 2035 2730 aequa-

243 2744 376 2777 tionem
399 2743 555 2786 institui,
590 2754 696 2788 quam
727 2744 763 2778 in
789 2743 994 2779 calendario
1023 2743 1241 2788 Gregoriano
1272 2744 1408 2779 factum
1442 2750 1513 2790 est,
1545 2745 1613 2780 nisi
1644 2745 1792 2780 velimus
1822 2744 1858 2778 in
1894 2754 2033 2778 errores

251 2800 454 2835 innumeros
481 2805 516 2834 et
540 2800 786 2836 intolerabiles
812 2802 994 2836 incurrere
1021 2806 1056 2837 et
1082 2803 1116 2837 S.
1144 2803 1179 2839 S.
1207 2803 1368 2838 Paschae
1395 2803 1488 2838 diem
1512 2803 1800 2848 frequentissime
1826 2807 1952 2838 contra
1977 2812 2034 2837 ca-

246 2868 375 2892 nonem
402 2858 541 2893 concilii
566 2860 716 2895 Nicaeni
742 2864 777 2894 01
802 2858 947 2895 decreta
971 2859 1117 2894 Patrum
1143 2871 1315 2904 peragere
1336 2889 1342 2896 .
1363 2889 1371 2897 .
1392 2889 1400 2897 .
1421 2889 1429 2898 .

383 2916 413 2950 Κ
427 2916 628 2960 eplerum
652 2918 722 2952 hoc
749 2917 859 2952 Clavii
885 2927 976 2962 opus
1002 2917 1089 2953 satis
1116 2919 1376 2954 voluminosum
1395 2920 1480 2963 (680
1496 2920 1636 2965 paginis
1655 2919 1767 2954 forma
1787 2929 1893 2962 quam
1911 2918 2034 2953 dicunt

245 2973 279 3007 in
313 2973 394 3006 folio
428 2983 502 3007 rem
534 2974 702 3017 absolvit)
738 2981 905 3010 accurate
937 2977 1147 3021 cognovisse
1182 2982 1332 3022 apparet
1364 2988 1407 3012 ex
1438 2979 1617 3024 Dialoyo,
1651 2988 1753 3021 quem
1784 2976 2030 3021 praemisimus

243 3030 310 3064 vol.
326 3030 385 3065 IV.
411 3042 445 3074 p.
474 3032 620 3066 11—55.
667 3032 983 3077 Praeparationcm
1009 3035 1053 3069 ad
1079 3035 1174 3069 hunc
1200 3035 1385 3080 dialogum
1412 3034 1711 3080 deprehendimus
1738 3033 1806 3070 vol.
1826 3034 1924 3072 XXI.
1941 3035 2029 3069 Mss.

244 3088 546 3131 Pulkoviensium,
573 3089 742 3134 illamque
768 3092 928 3135 quamvis
953 3103 1116 3128 mancam
1141 3093 1349 3138 praemissis
1375 3093 1638 3139 adjungendam
1665 3095 1876 3130 censuimus.
