2126 3388
857 158 958 197 1613.
986 157 1090 195 1614.
1783 158 1868 204 827

74 279 214 329 quibus
246 280 456 318 amicitiam
488 283 526 318 et
556 279 689 317 literas
721 289 744 316 a
771 289 832 316 me
854 280 966 327 petis,
1001 279 1136 317 breves
1169 282 1372 326 utrasque,
1405 278 1472 317 sed
1506 279 1655 329 prolixo
1688 279 1869 317 humani-

73 337 165 376 tatis
197 345 439 386 argumento,
497 337 701 379 ,Iudicium
733 348 867 374 meum.
893 339 1040 386 expetis
1075 336 1121 374 dc
1154 338 1230 373 tuis
1262 337 1401 374 studiis
1425 367 1433 376 .
1455 369 1464 377 .
1485 370 1492 377 .
1517 368 1524 376 .
1549 341 1641 384 (vide
1656 340 1702 375 II.
1729 340 1825 384 482).

215 395 301 444 Qua
334 398 484 434 ratione
517 396 625 445 globi
646 395 888 444 superficiem
920 397 957 432 in
992 395 1114 443 figura
1137 396 1248 432 unius
1281 395 1412 433 circuli
1435 397 1616 445 projicias
1639 397 1676 432 in
1698 396 1868 445 planum,

73 453 242 492 difficilis
285 455 519 504 conjectura.
581 455 694 491 Anne
737 453 844 502 plani
888 453 1086 491 circularis
1119 453 1306 491 diameter
1336 465 1414 492 una
1456 460 1719 504 repraesentat
1750 457 1868 492 serni-

74 513 259 551 circulum
301 513 576 560 meridianum‚
621 511 808 550 diameter
848 511 971 550 altera
1012 511 1061 549 ad
1093 511 1199 550 illam
1242 517 1346 550 recta
1383 518 1647 562 repraesentat
1677 514 1868 562 integrum

74 571 291 610 circulum?
334 577 377 609 ut
408 576 553 620 quanto
587 572 713 607 minus
745 570 927 608 distrahis
959 576 1075 619 atque
1117 570 1265 608 diducis
1306 569 1394 608 loca
1437 572 1539 620 apud
1581 572 1717 620 polos,
1760 577 1869 609 tanto

73 629 197 677 magis
222 627 268 666 111
302 634 509 679 angustum
542 629 746 666 contrahas
768 628 854 666 loca
884 629 956 666 sub
979 629 1223 677 aequatore‘?
1264 629 1403 676 Itaque
1424 641 1500 667 non
1530 631 1718 679 ingratum
1740 632 1873 668 mittes

74 688 362 737 spectaculum,
403 688 569 737 primum
608 692 724 737 atque
759 688 1001 725 occasionem
1042 687 1218 725 mittendi
1252 694 1387 724 nictus
1429 688 1559 726 fueris
1621 689 1872 726 Astronomia

73 742 387 796 planisphaerica
419 747 575 791 mirum,
619 747 651 782 si
692 751 844 794 praeter
876 745 1002 783 Clavii
1041 757 1250 794 eorumque
1288 747 1354 794 qui
1386 757 1507 795 nuper
1545 748 1729 796 scripsere
1762 749 1872 795 quic-

76 817 193 854 quam
224 805 370 842 habeat
401 806 507 842 novi
561 803 638 841 Sed
670 805 770 841 enim
802 808 963 841 naturae
996 803 1200 841 thesauros
1232 816 1429 852 nunquam
1463 816 1532 842 nec
1562 817 1632 843 nos
1665 805 1871 843 exhaurie-

76 875 186 908 mus,
229 875 300 901 nec
344 862 606 901 exhauserunt
646 862 812 910 maJ’ores
854 863 993 899 nostri:
1040 873 1237 911 nunquam
1282 864 1412 911 itaque
1453 869 1490 901 et
1529 862 1618 901 huic
1658 871 1723 900 tuo
1765 865 1872 912 operi

75 932 152 959 non
176 921 288 959 faveo
295 949 432 960 .....
479 921 630 958 Literas
653 922 684 958 si
707 932 804 970 quas
828 921 1026 970 scripseris
1057 926 1195 969 postac
1228 920 1369 958 manda
1401 921 1449 959 ad
1481 921 1611 960 aulam
1644 921 1874 959 Caesaream

74 979 403 1018 transmittendas.
466 979 615 1028 Quodsi
648 978 795 1018 Caesar
827 979 1002 1017 Viennae
1037 979 1097 1016 vel
1129 979 1278 1028 Pragae
1311 979 1445 1028 fuerit,
1491 991 1640 1028 egoque
1673 982 1727 1017 uti
1760 992 1871 1029 spero

73 1038 199 1076 Lincii
230 1039 424 1085 restitero,
468 1038 681 1076 rectoribus
726 1037 985 1086 collegiorum¹
1020 1039 1218 1075 societatis
1251 1037 1349 1075 .Jesu
1381 1038 1587 1076 mandatae
1626 1044 1726 1076 recte
1759 1050 1872 1076 cura-

73 1097 229 1142 buntur,
262 1108 351 1134 nam
382 1097 444 1135 hic
476 1096 600 1134 Lincii
633 1100 722 1133 sunt
755 1108 802 1134 ex
834 1096 901 1133 illa
933 1097 1139 1143 societate,
1173 1096 1222 1133 ad
1255 1108 1352 1145 quos
1383 1098 1583 1134 mittantur
1614 1109 1634 1134 a
1665 1099 1745 1135 suis
1778 1109 1872 1135 con-

74 1154 282 1192 tribulibus
324 1160 442 1204 atque
482 1154 539 1192 illi
581 1154 630 1192 ad
667 1166 727 1192 me
767 1165 845 1192 non
885 1156 1077 1203 gravatim
1119 1156 1284 1194 mittent.
1322 1177 1371 1182 —-
1404 1155 1504 1193 Vale
1551 1154 1772 1194 doctissime
1813 1157 1872 1195 vir

74 1213 252 1262 hancque
285 1215 494 1265 amicitiam
527 1218 569 1250 ut
601 1214 762 1262 coepisti
797 1212 921 1251 colere
953 1225 1083 1262 perge.

213 1272 258 1311 P.
293 1272 331 1311 S.
354 1273 468 1323 ’Dum
500 1271 634 1312 literae
665 1271 729 1309 hic
761 1271 949 1320 desident,
983 1275 1252 1320 exspectantes
1286 1272 1445 1310 alteram
1479 1277 1614 1322 postae
1648 1273 1875 1322 occupatio-

74 1342 174 1377 nem,
216 1332 353 1369 tertiae
395 1336 485 1368 tuae
526 1330 767 1368 advenerunt
808 1329 855 1368 de
895 1334 970 1368 23:
999 1329 1193 1369 Octobris
1256 1330 1361 1367 Nihil
1401 1331 1546 1369 habent
1577 1331 1677 1370 ultra
1715 1333 1875 1381 priores,

75 1390 147 1426 nisi
182 1388 286 1437 quod
318 1389 355 1426 id
388 1393 572 1438 tangunt,
616 1387 720 1437 quod
763 1389 833 1426 tibi
876 1390 913 1425 in
938 1388 1242 1427 'Commentariis
1275 1388 1321 1426 de
1353 1388 1478 1427 Marte
1523 1392 1687 1428 maxime
1725 1389 1874 1439 placet:

76 1448 154 1484 vim
186 1449 225 1484 in
258 1447 449 1486 sideribus
481 1448 724 1496 magneticae
756 1446 941 1495 similem3
986 1459 1062 1496 quo
1103 1448 1268 1485 cariores
1311 1448 1404 1485 mihi
1437 1450 1570 1486 merito
1602 1461 1687 1487 esse
1721 1447 1875 1488 debent.

75 1505 264 1553 Alterum,
298 1506 402 1556 quod
435 1505 549 1543 video
580 1511 617 1543 te
649 1506 849 1554 suspicari,
883 1517 944 1543 me
976 1505 1238 1555 geographica
1275 1507 1313 1542 in
1336 1506 1524 1557 Mysterio
1548 1506 1875 1556 Cosmographico

75 1565 263 1613 tetigisse.
324 1565 410 1602 Non
445 1569 502 1602 est
533 1565 611 1601 ita:
643 1563 785 1601 tradidi
818 1566 1080 1614 symmetriam
1112 1576 1179 1602 sex
1212 1565 1371 1602 orbium
1391 1565 1633 1612 coelestium,=
1662 1566 1877 1603 desumtam

75 1634 121 1660 ex
154 1624 324 1672 quinque
356 1617 583 1673 corporibus
615 1622 871 1672 regularibus,
905 1628 942 1661 et
973 1628 1120 1661 motum
1152 1634 1198 1660 ex
1230 1623 1450 1669 harmonia
1506 1623 1643 1662 Cetera
1674 1629 1717 1662 ut
1747 1634 1875 1673 supra.

73 1680 173 1720 Vale
205 1683 356 1720 iterum.
968 1716 971 1719 ⁴
1239 1715 1246 1718 .
1418 1689 1453 1699 ··’

212 1748 335 1783 Pisani
359 1747 550 1793 respondit
581 1758 674 1782 anno
701 1748 810 1791 1614,
845 1748 979 1791 gratias
1013 1739 1122 1791 agens
1156 1760 1225 1795 pro
1251 1739 1403 1793 Tsepleri
1435 1748 1566 1788 literis
1603 1748 1875 1793 „astrologiam“

74 1808 176 1841 suam
211 1806 343 1841 editam
383 1816 478 1850 esse,
515 1806 725 1850 inscriptam
761 1807 921 1850 Magno
919 1806 1126 1848 Eetiuriae
1161 1807 1255 1842 Duci
1294 1807 1494 1849 „mediante
1533 1806 1674 1842 fwore“
1716 1806 1877 1841 Galilaei.

75 1863 231 1898 Globum
254 1864 585 1908 planisphaericum
615 1863 690 1908 jam
723 1864 786 1899 diu
798 1854 987 1921 prodiisSe
1019 1866 1055 1899 in
1089 1865 1222 1907 lucem
1260 1865 1403 1901 modum
1438 1876 1522 1899 vero
1556 1876 1593 1900 se
1619 1877 1691 1900 non
1717 1865 1877 1900 invenire

74 1922 239 1957 mittendi
263 1922 330 1957 hos
355 1922 485 1967 libros,
521 1923 717 1958 allocutum
744 1933 784 1958 se
810 1933 890 1958 esse
916 1923 1094 1968 Jesuitas,
1121 1934 1237 1967 neque
1264 1934 1347 1958 v·e10
1374 1923 1454 1958 illos
1482 1924 1662 1958 inxenisse
1690 1923 1876 1966 „modum“

74 1981 254 2025 quomodo
280 1981 530 2016 mitterentur:
563 1972 771 2028 Astrdlogia
796 1993 887 2027 mea,
914 1983 1043 2027 pergit,
1071 1981 1242 2026 continet,
1271 1982 1367 2026 quod
1394 1993 1518 2016 omnes
1547 1982 1730 2017 theoricae
1748 1982 1882 2017 habent

78 2039 219 2074 orbium
245 2039 488 2084 symmetriam
527 2029 744 2074 delineatam
775 2040 811 2073 in
837 2040 1063 2083 longitudine
1098 2044 1133 2075 et
1157 2040 1368 2082 latitudine,
1403 2040 1501 2083 quod
1529 2039 1650 2074 nullus
1677 2039 1882 2083 astrologus

75 2097 146 2132 huc
172 2108 286 2141 usque
312 2097 409 2133 fecit.
461 2099 628 2133 Continet
655 2098 774 2133 adhuc
798 2099 886 2143 hoc,
923 2098 1018 2143 quod
1044 2099 1145 2143 ipsae
1170 2098 1334 2133 theoriae
1359 2098 1669 2143 planisphacricae
1695 2109 1767 2133 non
1793 2102 1879 2132 sunt

75 2155 185 2201 aliud,
213 2167 319 2200 quam
344 2156 499 2202 ipsamet
524 2157 726 2201 propositio
753 2157 969 2200 geometrica
994 2156 1284 2201 planisphaerica
1308 2156 1448 2191 ratione
1473 2156 1670 2201 delineata,
1708 2161 1744 2190 et
1769 2156 1875 2191 unico

75 2218 111 2249 et
136 2213 263 2249 eodem
292 2219 454 2259 tempore
481 2214 620 2250 calculo
648 2219 683 2250 et
708 2214 915 2250 demonstro
942 2215 1041 2259 (sic).
1090 2214 1239 2259 Kepleri
1263 2215 1451 2259 responsio
1478 2215 1579 2249 nulla
1604 2218 1782 2259 superest.

214 2274 321 2317 1614.
371 2276 648 2315 Revolutio
696 2279 826 2316 anni.
900 2276 1112 2315 Ventriculi
1158 2275 1359 2314 debilitate
1401 2272 1582 2314 'laboravi
1623 2289 1668 2315 ex
1712 2278 1876 2315 viscosis

75 2333 314 2382 humoribus,
347 2347 464 2384 rugas
496 2335 779 2375 obsidentibus,

216 2401 445 2446 Berneggero
481 2402 626 2456 scripsit
650 2403 830 2449 Keplerus
866 2402 1015 2444 „Welsii
1041 2405 1060 2438 5
1097 2399 1326 2440 Februarii&
1360 2397 1484 2436 >Mitto
1526 2403 1878 2449 properata·manu

76 2457 212 2494 tironis
255 2458 532 2506 imperitissimi
565 2459 808 2505 inchoatum,
849 2458 1092 2522 autographo
1136 2469 1225 2499 vcro
1268 2469 1353 2496 meo
1396 2457 1632 2518 completum
1650 2456 1875 2506 eremplum

80 2515 306 2564 „Epistolae
339 2516 388 2552 ad
422 2516 677 2564 Calvisium“,
719 2529 860 2568 quam
867 2516 982 2554 velim
1015 2508 1137 2565 111-11110
1172 2524 1347 2565 (11101111Λο·
1354 2520 1530 2575 ternpore
1563 2508 1714 2554 cx'cudi
1763 2516 1874 2553 Nun-

79 2573 180 2611 dinis
212 2573 409 2611 Lincianis
441 2587 508 2624 per
549 2580 782 2613 mercatores
796 2569 998 2630 mittam.
1011 2575 1070 2615 ad
1074 2565 1431 2634 ῒζῃοεωρῇωῃ,
1439 2574 1603 2624 Eclogas
1638 2574 1874 2611 Chronicas“

79 2643 166 2670 cum
197 2631 320 2669 latino
354 2633 530 2682 exemplo
564 2633 849 2672 info1mationis
882 2627 933 2672 de
960 2644 1060 2671 anno
1095 2633 1236 2670 [bristi
1268 2632 1399 2672 natali

215 2698 310 2733 Data
328 2703 384 2733 est
400 2699 554 2743 epistola
572 2699 616 2733 ad
639 2699 830 2734 Calvisium
852 2699 909 2734 die
928 2700 982 2735 16.
1000 2699 1201 2743 Februarii,
1220 2699 1374 2743 epistola
1393 2697 1612 2733 dedicatoria
1633 2698 1735 2740 „libri
1752 2698 1874 2733 latini“

81 2757 152 2799 (De
178 2766 261 2790 vero
287 2766 391 2790 anno
408 2756 495 2799 etc)
529 2756 574 2790 ad
609 2759 819 2801 episcopum
846 2756 1036 2791 Cleselium
1068 2756 1124 2791 die
1149 2757 1183 2791 8.
1210 2757 1355 2801 Aprilis
1405 2757 1471 2791 Die
1497 2756 1550 2792 22.
1575 2756 1664 2799 Maji
1695 2757 1783 2792 haec
1817 2756 1879 2791 dat

77 2814 257 2859 Keplerus
291 2815 455 2858 Dernegg
457 2824 536 2849 ero:
572 2813 770 2862 Epistolae
801 2819 910 2850 meae
932 2812 1087 2849 titulum
1119 2813 1249 2849 inveni
1273 2813 1309 2847 in
1341 2811 1533 2861 catalogo,
1569 2823 1680 2861 spero
1713 2814 1877 2861 impres-

79 2883 182 2918 sam,
229 2872 301 2908 etsi
333 2870 430 2907 nihil
470 2871 604 2908 scribit
635 2870 910 2920 Tampachius.
974 2869 1188 2906 Consilium
1229 2871 1310 2918 cepi
1349 2870 1526 2908 mittendi
1565 2870 1613 2908 ad
1645 2877 1682 2907 te
1713 2870 1875 2908 latinum

79 2933 287 2967 tractatum
319 2929 366 2967 de
398 2928 577 2966 natalitio
611 2940 726 2991 anno,
759 2932 797 2965 in
831 2939 906 2977 quo
940 2927 1031 2964 mihi
1055 2927 1170 2976 plane
1192 2928 1382 2977 satisfeci3
1404 2940 1526 2978 spero
1550 2929 1779 2978 opusculum
1802 2929 1875 2967 ab-

81 2986 361 3029 solutissimum
393 2999 492 3026 esse-3

218 3053 328 3089 Liber
352 3054 447 3089 Baro
473 3053 510 3088 P.
529 3052 573 3087 H.
599 3063 620 3087 a
639 3051 912 3096 Strahlendorff,
939 3051 1031 3086 idem
1059 3051 1102 3084 ad
1131 3061 1235 3095 quem
1253 3052 1432 3096 Keplerus
1460 3062 1552 3087 anno
1576 3053 1673 3088 1613.
1701 3064 1875 3088 summam

84 3114 286 3155 „amorum“
314 3122 461 3147 suorum
487 3111 700 3156 scripserat,
733 3115 869 3146 aestate
903 3109 986 3144 anni
1013 3110 1113 3144 1614.
1146 3109 1294 3145 nunciat
1318 3109 1490 3154 Keplero,
1523 3109 1618 3144 lecta
1646 3110 1873 3156 „Dioptrica“

83 3170 245 3216 coepisse
271 3180 310 3206 se
334 3180 380 3206 ex
404 3169 608 3216 praeceptis
633 3169 783 3216 Kepleri
807 3168 1015 3204 mechanica
1041 3168 1208 3212 experiri.
1259 3167 1466 3204 Confecisse
1491 3177 1530 3203 se
1554 3166 1680 3203 tubum
1706 3168 1874 3215 opticum,
