2126 3388
181 145 268 190 886
848 143 931 179 Vita
953 142 978 178 J
980 143 1105 178 oannis
1130 142 1287 187 KeplerL

181 264 285 302 libus
306 262 502 313 prophetis
525 264 651 299 exstat
668 261 823 300 libellus
855 261 1150 310 chronologicus
1181 261 1389 299 vernaculo
1418 271 1618 307 sermone,
1649 260 1717 298 sed
1747 273 1832 299 cum
1863 260 1978 298 titulo

182 322 337 361 frontali
372 321 554 358 Canones
585 319 787 367 Pueriles,
832 318 969 358 Ulmae
1002 321 1232 369 impressus,
1265 321 1302 356 in
1335 329 1410 367 quo
1443 317 1538 356 duos
1571 318 1806 357 Faulhaberi
1836 318 1979 356 similes

182 380 308 431 pulso.
367 378 517 415 Nomen
550 388 641 415 vero
674 382 711 416 et
741 379 812 416 sub
843 377 909 416 illo
942 377 1054 416 titulo
1087 383 1124 416 et
1154 378 1226 415 sub
1258 376 1345 414 aliis
1378 377 1744 426 transpositionibus
1773 376 1977 415 occultavi.

183 440 274 486 (Cfr.
298 438 366 473 vol.
392 437 453 473 IV.
480 448 516 481 p,
544 437 644 482 173.)

319 501 513 546 Quaerenti
539 501 696 544 Criigero
725 501 938 545 „Quodnam
969 501 1068 536 istud
1094 501 1239 536 tandem
1273 500 1404 535 animal
1431 500 1571 544 generis
1597 500 1741 534 neutri?
1795 499 1979 534 Concrede

183 560 270 595 mihi
294 559 343 594 sis
368 559 405 593 in
431 561 587 603 aurem“‚
616 559 797 603 spectanti
823 559 1097 602 Prognosticum
1123 559 1158 592 in
1184 570 1317 593 annum
1347 559 1432 595 1019
1461 560 1504 603 (Ι.
1532 559 1599 593 4ῖῦ
1618 561 1682 599 ss.)
1709 558 1764 592 his
1790 567 1866 592 rem
1885 558 1978 602 Kep—

180 618 278 653 lerus
316 616 488 660 explicat:
530 613 617 651 Non
658 615 794 663 scripsi
832 614 877 651 de
916 613 1073 651 animali
1122 615 1273 662 generis
1325 616 1451 651 neutri
1493 625 1617 652 vanae
1657 610 1805 662 gloriae
1848 625 1978 659 causa,

181 671 250 711 sed
281 673 409 709 animo
443 671 729 720 commodandi3
764 683 882 721 quare
915 677 952 709 et
982 673 1138 709 seeretis
1170 672 1290 709 literis
1322 672 1506 710 admonui
1545 672 1723 710 sedentes
1756 673 1793 708 in
1825 672 1979 709 cerebro

184 729 375 769 animalis.
436 729 577 767 Modos
609 730 764 779 quidem
796 730 1007 776 infortunii,
1042 729 1146 778 quod
1179 730 1402 767 divinabam
1429 734 1473 776 (Ι.
1502 733 1588 777 486)
1615 730 1723 767 nulla
1754 730 1981 778 comprobat

182 800 308 826 rerum
340 789 563 826 consecutio
585 789 801 835 conformis,
835 789 1032 825 imminere
1064 795 1192 825 tamen
1225 788 1381 826 animali
1406 790 1613 837 perniciem
1636 787 1805 834 aliunde,
1838 786 1979 825 videris

185 851 222 885 et
253 851 296 883 tu
327 847 519 894 augurari.
585 846 762 884 Vicinum
795 845 995 892 animalis,
1043 846 1152 894 cujus
1195 846 1330 883 domus
1359 847 1440 894 jam
1481 859 1582 884 anno
1620 849 1726 884 1617
1763 845 1981 894 conflagra-

187 908 310 952 verat,
343 903 517 952 intellige
549 905 589 941 in
620 904 846 942 Palatinatu
876 904 1137 953 Neoburgieo.
1200 904 1323 942 Fideli
1355 904 1410 940 illi
1443 906 1637 952 monitori,
1671 903 1822 942 Eckard
1853 905 1981 940 nomi-

184 967 290 1010 nato,
323 962 389 1011 qui
419 973 497 999 non
528 961 624 999 illud
656 968 806 1000 tantum
838 963 982 1000 animal
1015 962 1060 999 de
1094 973 1170 1011 qno
1194 974 1279 1011 ego,
1312 963 1379 1000 sed
1404 965 1532 1001 omnia
1565 963 1648 1012 ejus
1670 963 1822 1011 generis
1854 963 1980 998 moni-

185 1026 268 1059 tum
299 1032 344 1058 ex
376 1019 491 1058 Italia
523 1019 744 1068 advolavit,
778 1032 915 1058 nomen
948 1032 1081 1058 verum
1114 1032 1197 1058 esse
1232 1026 1386 1058 censeto
1419 1020 1472 1060 M.
1507 1022 1676 1058 Antonio
1709 1020 1755 1058 de
1788 1020 1978 1056 Dominis.

186 1077 264 1117 Sed
305 1079 392 1128 quis
431 1077 551 1116 credit
588 1078 739 1116 auditui
776 1079 935 1117 nostro?
985 1079 1072 1116 Non
1111 1080 1249 1115 mirum
1289 1080 1423 1128 igitur,
1464 1081 1495 1116 si
1535 1079 1659 1116 Jonas
1699 1078 1894 1127 profugiat
1935 1089 1981 1115 ex

186 1137 320 1175 itinere
356 1137 559 1185 imperato.
621 1137 703 1186 Ego
745 1136 898 1186 quidem
939 1141 976 1175 et
1016 1136 1122 1174 illam
1166 1138 1309 1185 ipsam,
1354 1149 1469 1185 quam
1511 1143 1551 1174 tu
1585 1137 1807 1175 confirmare
1839 1135 1981 1172 videris

187 1195 395 1243 suffragio,
428 1194 648 1241 libidinem,
691 1195 875 1233 factiosos
909 1195 954 1232 de
987 1201 1173 1243 suggestu
1215 1195 1421 1232 verborum
1454 1202 1491 1233 et
1522 1197 1783 1233 conviciorum
1823 1193 1983 1243 spiculis

189 1252 419 1301 configendi,
451 1252 554 1290 hunc
584 1254 743 1301 inquam
773 1254 951 1300 furorem,
985 1254 1079 1290 eitra
1107 1260 1323 1301 respectum
1354 1253 1589 1291 infirmorum
1621 1257 1861 1303 grassantem
1892 1264 1984 1301 per-

189 1312 366 1349 tinaciter
399 1315 438 1349 et
468 1310 712 1357 authentice,
758 1317 794 1350 et
836 1311 931 1348 illud
971 1313 1375 1360 interpretamentum,
1418 1314 1617 1350 ministerii
1661 1317 1698 1350 et
1729 1311 1982 1349 ordinationis

188 1374 338 1419 partem
370 1381 454 1407 esse
487 1381 635 1407 summe
666 1371 941 1416 necessariam,
985 1369 1031 1407 de
1071 1374 1259 1417 suggestu
1292 1371 1414 1407 omnis
1441 1371 1592 1419 generis
1632 1370 1847 1407 haereticos
1880 1370 1984 1406 omni

190 1434 363 1477 tempore
401 1427 595 1465 refutandi
635 1438 720 1465 cum
761 1428 1027 1474 vehementia,
1069 1428 1176 1476 bicicn
1208 1427 1423 1475 {limtsiwsscbl
1454 1430 1522 1466 snb
1555 1428 1722 1477 wanges,
1754 1429 1847 1464 item
1880 1427 1983 1475 quod

189 1497 301 1524 nemo
334 1485 448 1534 plane
480 1486 555 1523 sibi
584 1485 810 1535 persuaderi
841 1487 985 1536 patitur
1007 1487 1160 1523 axioma
1184 1485 1256 1523 hoe
1278 1487 1543 1533 certissimum,
1576 1487 1741 1534 publicis
1766 1485 1984 1523 debaccha-

189 1544 362 1582 tionibus
392 1544 568 1593 instigari
600 1549 638 1581 et
668 1544 830 1593 gliscere
861 1544 991 1581 studia
1021 1556 1164 1593 prava,
1211 1545 1301 1592 quia
1338 1546 1494 1581 nithnur
1535 1546 1572 1581 in
1613 1546 1775 1583 vetitum
1805 1540 1984 1597 (curiosis

190 1603 374 1640 fricantur
404 1602 555 1652 aures),
595 1603 688 1640 item
719 1602 824 1651 quod
855 1602 952 1640 illud
981 1604 1214 1650 importune
1244 1603 1293 1639 sit
1324 1602 1476 1651 regula,
1510 1603 1604 1640 illud
1638 1614 1729 1641 vero
1761 1607 1985 1650 opportune

191 1661 242 1698 sit
280 1664 429 1698 tantum
473 1661 672 1709 exceptio:
718 1662 817 1698 inter
859 1662 971 1709 signa
1009 1661 1131 1698 refero
1170 1662 1403 1698 imminentis
1443 1663 1633 1699 interitus.
1694 1661 1793 1698 Nam
1835 1672 1881 1698 ex
1913 1660 1985 1697 hac

192 1719 409 1758 temeritate
435 1718 478 1756 fit
507 1730 734 1768 progressus
765 1721 804 1756 in
837 1718 1134 1768 impudentiam,
1169 1731 1214 1756 ex
1247 1719 1319 1756 hac
1351 1721 1387 1755 in
1422 1722 1684 1768 impietatem,
1718 1731 1802 1756 cnm
1834 1720 1985 1755 interim

191 1788 350 1827 pessum
380 1777 410 1814 it
441 1776 612 1814 studium
645 1778 748 1815 vitae
781 1776 1039 1815 Christianae.
1102 1777 1165 1814 Sic
1198 1788 1268 1826 ego
1303 1777 1418 1815 velim
1450 1778 1598 1815 retundi
1633 1777 1912 1822 enthusiastas,
1946 1782 1986 1813 ut

191 1839 373 1885 parcatur
404 1836 556 1873 interim
589 1835 718 1873 verbis
750 1834 970 1883 Scripturae
1013 1835 1059 1873 de
1092 1835 1388 1873 mortificatione
1431 1838 1571 1873 veteris
1604 1835 1767 1881 Adami,
1808 1834 1853 1872 de
1886 1834 1987 1872 Sab-

192 1893 334 1942 bath03
368 1892 433 1931 §Du
462 1893 528 1942 init
559 1901 629 1932 bon
659 1894 790 1931 beincnt
821 1892 930 1942 &bun
961 1893 1066 1942 Iaiien
1097 1893 1162 1940 ab,
1194 1894 1260 1942 ΜΒ
1293 1893 1384 1932 (Sjott
1416 1894 1483 1942 jein
1515 1892 1633 1932 amer-cf
1664 1896 1701 1931 in
1730 1894 1784 1930 bit
1817 1891 1906 1941 trab,
1939 1891 1985 1929 de

191 1962 296 1989 novo
327 1951 494 1999 homine,
529 1951 574 1989 de
606 1952 838 2001 perfectione
872 1951 1102 1998 Christiana,
1136 1951 1182 1989 de
1219 1964 1296 2000 qua
1326 1951 1564 2000 Hennningii
1594 1952 1754 2001 pulcher
1785 1952 1914 1996 locus,
1948 1957 1988 1987 nt

194 2021 270 2048 non
309 2009 516 2047 instilletur
554 2009 726 2048 taedium
767 2016 804 2047 et
836 2009 967 2047 odium
1006 2010 1204 2059 phrasium
1245 2012 1476 2059 scripturae,
1519 2016 1561 2047 ut
1600 2022 1677 2047 non
1720 2011 1989 2058 exstinguatur

192 2067 360 2106 scintilla
380 2067 561 2106 tendendi
584 2068 633 2106 ad
655 2068 947 2117 perfectionem,
981 2074 1022 2105 ut
1043 2068 1092 2105 ad
1115 2079 1274 2116 scopum
1306 2074 1469 2114 certum,
1510 2080 1594 2106 cum
1626 2071 1720 2106 satis
1751 2069 1862 2105 nobis
1895 2078 1989 2105 con-

194 2130 281 2174 stet,
312 2125 453 2164 frustra
484 2125 640 2175 quidem
672 2138 905 2175 quemquam
937 2128 1130 2176 aspirare3
1163 2126 1314 2164 diversa
1345 2133 1434 2164 sunt
1466 2128 1562 2174 ista,
1604 2132 1641 2164 et
1671 2139 1718 2164 ne
1752 2125 1892 2175 vulgus
1923 2136 1988 2162 as-

195 2189 349 2223 suescat
369 2189 459 2223 tuae
479 2184 629 2234 phrasi:
663 2183 984 2223 Perfectionisten
1007 2184 1238 2236 (promiscue
1261 2183 1408 2234 omnes)
1435 2185 1528 2222 biise
1551 2185 1738 2223 Christen.
1783 2184 1859 2222 Sed
1883 2185 1990 2223 satis.

332 2242 441 2281 Lites
473 2242 628 2292 quidem
659 2248 748 2280 sunt
778 2243 871 2280 mihi
904 2255 989 2281 cum
1022 2242 1202 2280 animalis
1226 2243 1360 2289 vitulo,
1396 2255 1556 2292 quarum
1591 2255 1677 2281 eece
1709 2243 1772 2280 hic
1794 2242 1987 2291 adjectum

197 2299 481 2338 documentum.
544 2300 597 2338 At
627 2302 736 2347 scitO,
770 2301 869 2339 hanc
902 2303 1206 2339 controversiam
1228 2301 1417 2349 privatam
1440 2313 1686 2350 nequaquam
1719 2301 1812 2338 mihi
1834 2312 1988 2338 causam

196 2357 299 2396 male
321 2358 517 2397 ominandi
547 2359 793 2408 praebuisse,
827 2361 898 2397 etsi
930 2359 1133 2397 audaciam
1154 2360 1250 2397 forte
1283 2358 1399 2405 dedit,
1443 2371 1542 2408 quae
1574 2360 1671 2397 alias
1704 2360 1828 2397 sentio
1860 2359 1989 2407 palam

196 2416 402 2455 scribendi.
453 2420 769 2463 („Documentum“
789 2420 858 2456 hoc
876 2420 1109 2463 desideratur,
1138 2421 1214 2456 sine
1233 2421 1340 2455 dubio
1361 2425 1415 2455 est
1436 2419 1655 2458 „confessio-⁸
1685 2419 1741 2453 vel
1768 2418 1989 2462 „apologia“,

198 2477 242 2514 de
267 2487 339 2522 qua
363 2486 456 2512 anno
483 2477 598 2521 1623.)

341 2537 403 2575 Ad
435 2542 647 2576 extremum
679 2539 780 2577 addo
803 2540 1098 2589 Prognostieum
1123 2545 1160 2578 et
1181 2539 1453 2579 Calendarium
1477 2541 1592 2589 hujus
1613 2541 1704 2578 anni
1732 2543 1832 2585 (item
1860 2542 1989 2584 deest),

197 2607 371 2646 rogoque
410 2601 453 2634 ut
492 2596 602 2646 legas
632 2599 932 2647 praefationem,
977 2604 1019 2635 ut
1059 2598 1105 2636 de
1149 2610 1267 2637 cansa
1306 2599 1561 2637 dedicationis
1602 2599 1876 2636 honestissima
1919 2598 1989 2634 tibi

199 2659 362 2695 constet.
422 2654 528 2693 Scito
551 2657 663 2702 enim,
699 2654 925 2695 Ordinatios
956 2657 1164 2694 Procerum
1187 2657 1353 2707 Styx-iae,
1387 2657 1582 2695 advocato
1615 2668 1700 2694 meo
1733 2655 1987 2702 mandatario,

201 2713 438 2762 exemplaria
470 2715 599 2751 omnia
630 2714 793 2752 flammis
826 2717 998 2753 exusisse
1030 2715 1198 2764 publice.
1241 2716 1482 2764 Dispeream,
1516 2717 1548 2752 si
1580 2720 1621 2751 tu
1656 2727 1701 2753 ex
1732 2719 1814 2751 toto
1846 2712 1990 2759 libello,

201 2771 405 2809 vocabulis
428 2773 544 2809 etiam
568 2773 746 2811 omnibus
777 2775 815 2810 in
837 2773 1043 2822 equuleum
1077 2774 1273 2822 conjectis,
1306 2786 1437 2811 veram
1471 2785 1640 2819 causam,
1675 2773 1722 2810 ob
1756 2783 1870 2820 quam
1893 2771 1989 2809 haec

200 2830 240 2865 in
270 2841 331 2868 me
364 2835 548 2878 congesta
579 2835 638 2869 est
667 2832 890 2880 ignominia,
925 2834 1140 2877 extorseris,
1175 2834 1207 2869 si
1239 2833 1354 2869 etiam
1377 2832 1440 2870 vel
1472 2831 1669 2869 levissima
1701 2828 1990 2878 suspiciuncula

201 2886 309 2924 illam
338 2888 455 2926 fueris
488 2888 683 2929 odoratus.
736 2890 919 2939 Aperiam
951 2895 1079 2928 autem
1110 2889 1215 2928 illam
1247 2891 1432 2939 proximis
1463 2890 1595 2928 literis.
1637 2888 1696 2925 Tu
1727 2887 1877 2925 interim
1909 2893 1990 2924 tor-

204 2956 319 2994 quere
349 2950 387 2983 et
417 2951 553 2996 torque
584 2947 770 2986 libellum.
831 2948 944 2986 Vale.

341 3012 521 3057 Crugerus
558 3013 603 3048 ad
636 3014 726 3050 haec
757 3014 946 3059 respondit
978 3014 1011 3048 d.
1048 3015 1101 3049 15.
1128 3014 1234 3049 Julii:
1271 3014 1326 3049 De
1359 3013 1504 3049 animali
1536 3012 1676 3056 generis
1708 3011 1825 3045 neutri
1857 3012 1991 3054 gratias

203 3069 332 3105 habeo.
381 3069 565 3113 Quaedam
589 3071 703 3114 video,
729 3072 792 3107 sed
817 3072 920 3117 quasi
945 3082 1010 3117 per
1034 3071 1201 3106 nebulam
1226 3075 1261 3107 et
1286 3072 1393 3117 paulo
1427 3071 1557 3106 clarius
1581 3080 1646 3114 per
1670 3069 1774 3104 istam
1800 3069 1883 3103 fidei
1909 3080 1990 3104 con-

206 3125 408 3163 sessionem.
457 3127 668 3172 Suspicatus
701 3139 755 3172 es,
791 3130 874 3176 quia
898 3130 1186 3166 Rosecrucianos
1223 3134 1259 3165 et
1283 3129 1581 3171 Perfectionistas
1605 3128 1802 3173 nominavi,
1837 3137 1893 3163 me
1918 3128 1989 3163 for-
