2126 3388
854 187 956 227 1623.
983 187 1084 228 1624.
1306 196 1310 201 ·
1782 192 1866 238 885

66 307 123 344 10.
150 306 241 344 Nov.
267 305 361 342 redit
384 305 430 342 ad
454 306 723 351 inquisitionem
757 305 979 351 obliquitatis
1015 307 1220 352 eclipticae‚
1251 317 1346 342 anno
1376 307 1460 343 1621
1487 308 1682 356 inceptam,
1715 310 1866 347 studens

69 369 229 400 veterum
256 364 525 400 observationes
551 376 631 400 cum
655 365 914 400 recentioribus
941 366 1142 401 conciliare.

201 423 404 458 Decreta
430 422 629 457 ordinum
653 422 983 458 Linciensium:
1016 424 1048 467 1)
1067 424 1141 458 Auf
1154 423 1189 459 J.
1208 422 1362 468 Keplers
1389 423 1456 460 den
1482 425 1662 462 loblichen
1681 427 1864 465 Stennden

65 482 239 517 dedicirte
264 480 334 516 vnd
357 481 484 525 jiingst
508 480 733 515 vberi-aichte
757 479 922 515 Buecher
948 481 1062 515 solleu
1082 481 1137 516 die
1155 483 1272 517 Herrn
1291 483 1539 519 Verordneten
1563 485 1654 520 nach
1675 486 1776 521 recht
1793 489 1865 523 vnd

60 540 223 575 findnuss
251 538 479 582 derselbigen
500 539 599 573 lhmc
635 539 691 573 ein
723 537 930 583 gebiirliche
962 549 1174 584 recompens
1206 541 1366 588 erfolgen
1398 545 1519 580 lassen
1546 546 1632 590 (den
1661 548 1712 583 12.
1738 548 1863 594 May).

62 599 100 642 2)
126 598 194 633 Die
220 596 454 640 ausstandige
481 596 661 640 bsolduug
687 597 756 631 soll
780 595 817 630 in
843 595 1130 641 Reichsthalern‚
1158 597 1221 633 das
1246 600 1427 638 Interesse
1453 604 1550 647 aber,
1576 606 1640 641 wie
1667 606 1803 642 andern
1828 606 1866 641 in

60 655 250 700 guldiueru
275 654 420 689 bezahlt
445 653 588 689 werden
616 655 688 698 (215.
713 654 833 699 Aug).
883 655 920 698 3)
948 655 1002 690 Jo.
1030 656 1210 700 Kepplers
1235 658 1483 695 Mathematici
1508 662 1681 705 petitum:
1708 665 1862 710 Megise-

61 713 179 749 rische
205 712 362 748 stoklein
388 712 452 747 mit
478 712 558 747 dem
584 713 747 758 Kayserl.
774 712 963 755 Bildnuss,
1000 724 1040 748 so
1067 714 1132 749 auf
1154 715 1211 750 die
1238 716 1414 753 Calender
1438 719 1583 762 getrukt
1607 720 1765 757 werden:
1799 722 1864 758 fiat

57 772 122 806 wie
148 771 299 816 begehrt
324 772 396 815 (19.
423 769 529 815 Oct).
1418 804 1421 806 .

198 831 310 873 1624.
342 832 554 870 Revolutio
577 833 679 870 anni.
719 831 880 871 Octobri
903 833 1094 871 Viennam
1115 834 1355 874 Tabularum
1370 837 1705 889 Rudolphinarum
1729 853 1859 881 causa.

61 892 273 941 Assignata
305 891 398 928 mihi
430 890 574 928 solutio
607 902 674 929 sex
705 890 878 928 millium.

190 953 232 987 In
257 951 477 986 bibliotheca
503 951 724 995 Tubingensi
759 951 1060 996 deprehendimus
1094 952 1212 988 Biblia
1248 955 1356 990 Sacra
1393 957 1466 999 [ed.
1492 958 1714 1004 Noribergae
1740 962 1861 1007 1527),

54 1011 182 1056 quibus
208 1009 355 1046 donavit
381 1009 559 1053 Keplerus
585 1010 698 1044 filium
723 1009 955 1053 Ludovicum‚
983 1011 1119 1054 primae
1146 1012 1300 1057 paginae
1326 1013 1405 1048 libri
1432 1014 1520 1050 haec
1545 1015 1763 1053 inscribens:

194 1067 370 1105 Joannes
403 1067 595 1117 Keplerus
628 1066 931 1104 Mathematicus
964 1065 1168 1104 Ludovico
1200 1068 1280 1106 filio
1313 1069 1351 1109 S.

194 1125 376 1163 Calendis
409 1125 606 1163 Januariis
639 1127 728 1162 anni
760 1126 852 1162 novi
891 1128 1012 1162 1624.
1048 1125 1149 1163 dono
1184 1131 1220 1164 10
1253 1127 1385 1166 codice
1416 1127 1490 1166 1100
1525 1134 1679 1169 vetusto
1700 1131 1855 1171 Biblio-

52 1196 135 1222 rum
166 1196 212 1222 cx
244 1185 364 1222 veteri
397 1185 513 1221 etiam
547 1183 799 1221 translatione
830 1188 960 1221 strena
992 1184 1147 1222 minime
1180 1195 1273 1223 sane
1296 1197 1410 1232 nova,
1444 1192 1484 1224 ut
1506 1187 1580 1226 hoc
1603 1189 1723 1227 veluti
1746 1202 1856 1241 sym-

54 1243 143 1281 bolo
175 1248 212 1281 te
245 1242 486 1288 admoneam,
520 1242 589 1279 tibi
624 1243 659 1278 111
693 1242 807 1280 rebus
839 1241 888 1279 ad
920 1243 1072 1280 animae
1104 1242 1270 1281 salutem
1303 1249 1340 1282 01
1373 1245 1559 1284 ecclesiae
1591 1247 1664 1285 Dei
1697 1250 1857 1287 exaedi-

53 1302 273 1339 ficationem
303 1301 584 1351 pertinentibus
617 1301 861 1349 antiquitatis
891 1312 1010 1350 purae
1034 1307 1070 1338 et
1094 1303 1315 1350 primaevae
1337 1309 1425 1353 post
1446 1303 1657 1354 Apostolos
1691 1308 1858 1357 vestigia

51 1372 181 1410 presse
214 1359 420 1397 calcanda:
467 1364 508 1397 ut
540 1360 718 1408 quamvis
760 1358 966 1407 religiosus
1009 1359 1134 1397 cultus
1168 1360 1240 1397 soli
1274 1361 1468 1399 divinitati
1510 1363 1670 1402 debetur
1701 1371 1857 1416 propter

50 1419 134 1467 ejus
167 1417 538 1468 superexcellentem
571 1420 895 1467 praerogativam,
929 1424 1057 1455 tamen
1090 1423 1128 1455 et
1161 1424 1403 1458 vetustorum
1435 1420 1621 1460 ecclesiae
1654 1422 1855 1462 doctorum

50 1476 220 1527 vigilias,
251 1476 405 1514 labores
439 1481 475 1514 et
509 1487 644 1526 operas
676 1476 858 1524 religiose
904 1476 973 1513 tibi
1007 1475 1190 1514 colendas
1230 1480 1352 1526 scias,
1394 1485 1549 1530 propter
1590 1493 1783 1520 summum
1814 1484 1853 1520 in

48 1536 324 1573 novatiouibus
356 1535 582 1585 periculum.

187 1594 285 1632 Vale
308 1598 344 1631 et
367 1605 452 1631 cum
475 1592 708 1644 procedente
731 1603 831 1630 anno
855 1593 968 1630 simul
990 1594 1072 1643 ipse
1094 1594 1131 1629 10
1154 1593 1305 1632 cultura
1327 1596 1471 1644 ingenii
1493 1597 1656 1636 feliciter
1673 1599 1851 1649 procede.

183 1654 390 1690 Ludovicus
422 1655 467 1689 ad
492 1654 599 1688 finem
632 1653 714 1687 libri
740 1653 950 1698 adscripsit:
987 1655 1103 1690 Natus
1139 1666 1217 1690 sum
1250 1667 1342 1691 auno
1372 1658 1478 1702 1607,
1515 1669 1637 1694 mense
1661 1661 1853 1698 Decembri

46 1713 102 1748 die
128 1713 286 1748 Thomae
313 1712 489 1758 Apostoli,
516 1713 655 1757 Pragae
681 1712 718 1747 in
743 1722 785 1747 ea
810 1713 908 1747 urbis
936 1718 1048 1759 parte,
1077 1724 1169 1758 quae
1195 1714 1324 1750 dicitur
1349 1716 1522 1752 Altstadt.
1550 1719 1616 1762 (De
1641 1719 1713 1754 vita
1730 1719 1851 1756 Ludo-

43 1771 110 1806 vici
135 1781 251 1816 pauca
274 1772 462 1806 retulimus
489 1771 535 1805 ad
560 1782 694 1805 annum
720 1771 839 1816 1627.)

184 1830 379 1874 Crugero
406 1830 548 1874 scripsit
574 1829 752 1874 Keplerus
780 1830 814 1864 d.
841 1830 897 1866 23.
925 1830 1115 1866 Februarii
1141 1832 1263 1876 (cujus
1290 1833 1463 1877 epistolae
1495 1840 1635 1879 partem
1664 1837 1850 1880 praemisi-

42 1898 122 1922 mus
148 1888 193 1923 ad
220 1889 500 1932 annum1621):
540 1885 731 1935 Imprimis
773 1888 918 1935 gratias
959 1899 1033 1936 ago
1071 1899 1140 1937 pro
1184 1889 1338 1939 eclipsis
1382 1889 1520 1929 solaris
1563 1892 1849 1932 observatione.

43 1944 134 1982 Jam
167 1946 267 1982 enirn
301 1957 366 1994 per
398 1956 482 1981 eam
505 1944 554 1981 ad
585 1944 896 1983 reformationem
927 1945 1084 1983 tabulae
1107 1946 1285 1997 Europae
1308 1950 1466 1997 propius
1488 1949 1628 1999 aspiro,
1662 1961 1732 1988 nec
1764 1951 1849 2001 plus

41 2015 157 2052 quam
180 2015 256 2041 una
288 2003 375 2040 talis
398 2003 619 2041 observatio
644 2014 690 2040 ex
711 2003 914 2041 Lusitania
937 2004 1029 2041 011111
1052 2004 1171 2042 deest.
1214 2005 1312 2042 Nam
1336 2005 1527 2056 Byzantio
1560 2013 1628 2046 aut
1659 2020 1704 2045 ex
1726 2008 1847 2047 Pelo-

43 2073 213 2111 ponneso
246 2062 322 2099 talc
355 2061 447 2110 quid
479 2073 633 2111 sperare
656 2063 820 2111 imperiti
842 2067 912 2099 est.
965 2062 1004 2100 Si
1036 2068 1163 2101 tamen
1187 2075 1231 2101 ex
1255 2070 1358 2102 certo
1382 2065 1504 2103 relatu
1526 2066 1762 2104 Polonorum
1785 2069 1847 2107 vel

43 2120 267 2167 Russorum,
302 2121 496 2168 etiamque
519 2120 742 2157 Moscorum
765 2126 801 2158 et
824 2119 1107 2158 Lithuanorum
1139 2121 1292 2171 aliquas
1316 2123 1523 2161 contuleris
1545 2126 1703 2163 notitias
1726 2127 1847 2164 inter-

41 2178 232 2216 vallorum
264 2180 558 2224 itinerariorum,
595 2183 631 2216 et
664 2180 805 2227 quibus
839 2179 1078 2217 anfractibus
1112 2180 1161 2217 ad
1194 2192 1388 2230 quamque
1420 2183 1554 2221 urbem
1584 2186 1843 2233 perveniatur,

41 2243 77 2274 et
109 2242 261 2286 gratum
294 2237 459 2282 habebo,
495 2241 531 2274 et
562 2248 703 2274 nomen
735 2242 844 2274 tuum
876 2239 973 2275 iuter
1006 2242 1184 2276 auctores
1216 2251 1323 2277 meos
1355 2240 1530 2279 referam.

177 2295 236 2334 De
259 2295 392 2333 Lunae
414 2295 636 2344 hypothesi.
685 2295 1031 2344 Longomontanus
1061 2308 1139 2334 non
1171 2298 1255 2335 vult
1285 2298 1382 2336 ferre
1402 2302 1634 2338 novationes
1655 2301 1693 2337 in
1716 2300 1845 2352 hypo-

39 2353 213 2392 thesibus
246 2355 395 2391 01-bium
427 2360 465 2391 et
495 2360 669 2391 motuum
698 2353 833 2391 Lunae
864 2366 887 2391 a
918 2366 958 2392 se
992 2357 1211 2393 constitutis
1243 2356 1346 2406 apud
1379 2357 1615 2408 Tychonem.
1665 2359 1777 2407 Nam,
1810 2362 1844 2398 si

38 2413 174 2459 nescis,
207 2424 268 2450 me
301 2417 456 2461 petunt,
490 2414 607 2449 tacito
636 2423 722 2450 0100
755 2412 909 2461 quidem
941 2414 1115 2460 nomine,
1155 2415 1295 2464 probra
1326 2414 1406 2461 illa,
1440 2428 1540 2465 quae
1572 2418 1655 2467 ipse
1688 2418 1844 2466 conjicit

39 2471 75 2506 in
108 2481 174 2508 eos
201 2474 249 2517 (in
282 2474 377 2508 Astr.
406 2473 566 2515 Danica),
608 2472 672 2519 qui
706 2470 853 2519 aliquid
886 2472 924 2507 in
958 2471 1107 2508 Lunam
1139 2478 1289 2510 tentant
1329 2479 1418 2523 post
1448 2477 1585 2524 ipsum.
1636 2475 1714 2514 Sed
1745 2476 1842 2513 nihil

38 2540 216 2576 moveor3
258 2530 338 2566 scio
382 2530 502 2575 enim,
546 2529 611 2566 ubi
646 2528 785 2566 viderit
823 2540 979 2567 recusas
1011 2541 1033 2566 a
1065 2542 1125 2568 me
1158 2531 1394 2581 hypotheses
1426 2532 1559 2571 Lunae
1591 2535 1630 2570 in
1662 2534 1840 2584 Epitome

37 2598 294 2634 numerosque
325 2586 561 2624 Tabularum
594 2586 790 2636 Rudolphi
822 2589 1052 2634 tentaverit,
1086 2590 1211 2638 ipsum
1244 2589 1399 2627 tandem
1431 2591 1524 2628 mihi
1556 2603 1691 2629 manus
1725 2591 1841 2629 datu-

36 2656 130 2681 rum.
192 2643 424 2682 Maestlinus
457 2645 572 2682 etiam
604 2644 726 2682 ridere
759 2644 895 2683 solitus
929 2650 987 2683 est
1018 2658 1124 2684 meos
1156 2645 1331 2695 labores,
1367 2648 1457 2686 dum
1480 2651 1620 2696 omnia,
1654 2650 1768 2687 etiam
1801 2651 1840 2687 in

36 2702 159 2750 Luna,
192 2702 241 2739 ad
273 2714 409 2740 causas
432 2703 611 2752 physicas
642 2702 812 2740 traduco.
864 2704 916 2740 At
947 2700 1075 2742 hercle
1107 2704 1180 2742 hae
1213 2710 1300 2742 sunt
1327 2718 1436 2744 meae
1459 2706 1630 2753 deliciae,
1662 2707 1839 2745 laborum

34 2760 174 2798 solatia
206 2764 243 2799 et
267 2760 447 2809 gloriatio
480 2762 698 2810 praecipua,
731 2760 835 2808 quod
866 2764 1096 2800 successerit
1134 2763 1240 2800 mihi.
1296 2763 1398 2811 Quid
1428 2776 1504 2802 non
1537 2764 1664 2802 dicent
1694 2767 1731 2801 in
1763 2778 1836 2813 me,

35 2821 100 2868 qui
137 2820 376 2869 proportioni
417 2819 565 2856 orbium
597 2820 780 2866 antiquae
812 2818 913 2856 Solis
945 2824 982 2856 et
1013 2819 1147 2858 Lunae
1186 2823 1332 2858 assueti
1364 2821 1528 2859 viderint
1559 2834 1582 2860 a
1612 2835 1672 2861 me
1710 2823 1836 2873 tripli-

34 2883 160 2915 catum
192 2889 276 2916 esse
308 2876 554 2914 intervallum
585 2875 686 2913 Solis
718 2880 755 2913 et
786 2875 939 2923 Terrae,
972 2878 1039 2914 ubi
1071 2878 1281 2927 parallaxis
1303 2878 1405 2916 Solis
1436 2891 1512 2916 non
1545 2880 1587 2917 fit
1608 2881 1731 2929 major
1757 2893 1835 2920 uno

35 2937 193 2973 minuto.
237 2935 335 2973 Mihi
355 2935 496 2972 sufficit
526 2934 612 2980 hoc,
645 2933 750 2982 quod
780 2933 877 2971 haec
909 2937 1037 2972 omnia
1069 2936 1274 2973 intervalla
1306 2936 1554 2986 (Hipparchi,
1587 2938 1834 2989 Ptolemaei),

35 2999 231 3043 utcunque
275 2995 446 3031 enormia
490 2994 573 3029 visa
613 2996 650 3029 et
681 3003 704 3028 a
734 2992 858 3040 priore
901 2991 1065 3030 deducta
1096 2995 1157 3040 (ut
1188 2993 1438 3045 Nageliana),
1479 2995 1631 3033 salvent
1671 2997 1834 3047 eclipses

35 3059 75 3090 ut
107 3052 211 3101 quod
242 3054 421 3089 maxime.
476 3050 672 3099 Quantum
704 3061 795 3098 ego,
828 3050 936 3087 Deus
968 3050 1087 3097 bone,
1121 3051 1295 3089 laborum
1327 3053 1459 3091 hausi!
1513 3053 1673 3102 Quoties
1705 3055 1834 3105 hypo-

34 3110 163 3155 theses
196 3110 329 3148 Lunae
369 3111 595 3155 immutavi,
638 3112 681 3145 ut
712 3108 876 3157 eclipses
919 3110 1064 3146 tuerer!
1103 3109 1239 3159 Neque
1279 3115 1408 3151 tamen
1442 3123 1614 3161 unquam
1647 3115 1834 3152 successit

33 3168 195 3217 felicius,
230 3180 345 3217 quam
367 3173 574 3218 postquam
595 3165 832 3217 hypotheses
863 3168 958 3204 istas
989 3178 1011 3205 a
1031 3169 1157 3217 priore
1190 3171 1370 3208 constitui
1374 3198 1513 3210 .....
1568 3171 1629 3210 De
1650 3183 1832 3211 numera-
