2126 3388
301 177 386 223 766
982 177 1066 214 Vita
1087 176 1111 213 J
1113 176 1239 214 oannis
1263 177 1422 223 Kepleri.

298 298 397 337 alius
428 297 537 336 labor
574 295 842 336 conscribendi
879 308 1124 348 programma
1165 296 1212 335 de
1243 296 1378 347 eclipsi
1411 300 1448 335 et
1479 296 1769 345 observatione,
1813 297 1924 347 cujus
1954 309 2090 336 exem-

298 357 420 406 plaria
452 355 528 393 duo
570 354 711 394 tradidi
749 357 879 405 agenti
910 355 1115 395 Bavarico.
1174 355 1302 394 Multa
1339 357 1542 404 occupatio
1574 357 1612 392 in
1643 355 1926 406 typographia,
1964 367 2090 405 neque

299 416 399 452 enim
430 414 492 451 hic
521 412 672 452 fervent
703 413 891 455 officinae.
955 413 1075 453 Crede
1105 412 1212 462 mihi,
1249 413 1542 464 quatuordecim
1572 413 1654 452 dies
1686 413 1828 452 dilatus
1861 425 1958 451 sum.
2020 414 2089 451 In-

298 474 407 510 terim
439 470 611 520 quotidie
653 471 747 509 mihi
779 472 947 510 eundum
978 473 1049 511 suit
1080 471 1130 510 ad
1160 471 1401 518 Palatinum,
1445 474 1511 521 qui
1552 484 1611 510 me
1643 471 1853 510 honorifice
1883 471 2021 510 habuit
2052 478 2090 510 et

298 530 470 568 donavit.
531 529 589 568 Eo
632 529 851 569 discedente
891 542 994 569 nova
1038 531 1225 569 successit
1265 531 1468 579 occupatio
1513 529 1809 568 commendandi
1854 530 2090 579 exemplaria

295 589 434 637 legatis
473 592 510 626 et
540 589 854 637 procuratoribus
895 590 1110 639 principum
1148 599 1292 637 magna
1329 589 1513 638 temporis
1548 589 1713 638 jactura.
1774 587 1932 626 Interim
1972 588 2089 627 feriae

293 647 647 696 appropinquantes
698 647 981 686 admonuerunt
1026 659 1086 685 me
1128 646 1174 685 de
1217 646 1448 684 Calendario
1501 646 1625 695 deque
1673 646 1926 696 Ephemeride
1971 645 2086 695 Solis,

295 704 429 742 Lunae
460 704 676 753 Martisque
706 705 986 744 concinnanda.
1047 705 1169 744 Simul
1203 705 1282 742 bini
1315 704 1396 742 dies
1428 717 1473 742 ex
1505 704 1668 754 singulis
1707 705 1932 754 septimanis
1973 704 2089 742 dandi

294 762 415 800 literis
455 764 493 799 in
524 762 692 812 Styriam
738 763 1011 811 amandandis‚
1055 765 1148 813 quia
1185 763 1342 812 negotia
1373 763 1597 812 imperfecta
1626 762 1879 812 relinquenda
1919 763 2084 801 fuerunt.

292 820 427 870 Neque
457 822 637 859 immunis
667 821 722 858 fui
753 823 803 860 ab
836 821 1149 861 extraordinariis
1179 822 1401 859 ministeriis
1434 821 1589 859 Caesari
1620 820 1886 870 praestandis,
1925 832 2087 870 quorum

293 890 412 916 eausa
453 880 585 917 crebro
628 881 666 916 in
699 892 824 918 arcem
868 881 941 918 fuit
972 880 1154 918 eundum.
1217 879 1314 916 Cum
1352 879 1432 928 jam
1466 879 1669 917 defunctus
1701 891 1786 918 esse
1818 879 1922 917 omni
1953 879 2085 918 labore

294 937 443 975 viderer
475 936 542 985 (de
573 937 717 976 salario
749 938 1012 988 extorquendo
1034 938 1131 975 nihil
1152 937 1307 986 dicam),
1341 948 1430 975 ecce
1453 937 1726 976 Coloniensem
1757 937 1985 985 Electorem,
2019 939 2086 987 qui

291 1007 351 1033 me
382 1007 450 1045 per
482 995 678 1034 octiduum
709 997 876 1046 amplius
908 998 1078 1036 exercuit
1108 998 1146 1033 in
1180 995 1407 1045 quaestione
1439 995 1714 1034 mathematica
1747 998 1807 1042 (V.
1833 998 1918 1043 616)
1963 995 2086 1034 dona-

292 1059 409 1103 taque
440 1065 558 1092 aurea
589 1066 660 1092 sua
692 1056 860 1105 imagine
892 1066 977 1093 cum
1009 1054 1150 1104 poculo
1183 1056 1296 1092 trium
1335 1065 1550 1092 marcarum
1581 1055 1852 1093 necessitatem
1885 1054 1979 1092 mihi
2010 1056 2084 1092 im—

290 1113 432 1162 posuit,
465 1111 676 1151 identidem
709 1113 825 1152 officii
857 1124 974 1152 causa
1007 1112 1267 1163 comparendi.
1328 1111 1464 1150 Habes
1495 1123 1720 1159 excursum,
1753 1112 1847 1162 quid
1877 1125 1956 1161 me,
1995 1124 2085 1152 sex-

291 1172 434 1208 centies
465 1169 516 1207 ad
547 1171 738 1209 calculum
768 1171 1051 1222 expediendum
1082 1170 1358 1217 considentem,
1389 1170 1553 1208 subinde
1576 1173 1817 1209 revocaverit
1848 1182 2084 1221 causamque

290 1229 511 1279 praebuerit
541 1240 769 1280 responsum
800 1231 988 1281 tantisper
1020 1228 1236 1276 differendi,
1271 1240 1356 1267 cum
1390 1228 1655 1267 erubescerem
1686 1231 1768 1267 sine
1800 1230 1969 1280 perfecto
2001 1229 2083 1268 cal—

290 1286 376 1325 culo
408 1287 641 1337 respondere
663 1316 672 1325 .
695 1316 704 1326 .
730 1320 737 1327 .
762 1318 771 1326 .
831 1287 1030 1339 Respondi
1062 1287 1111 1326 ad
1147 1287 1278 1325 literas
1310 1291 1347 1325 6.
1380 1288 1482 1335 Aug.
1524 1292 1563 1325 et
1609 1291 1643 1327 1.
1674 1286 1791 1334 Dec.‚
1835 1299 1933 1338 quas
1970 1299 2084 1338 prae-

289 1351 486 1383 cesserunt
519 1350 586 1384 21.
618 1346 852 1385 Novembris
885 1346 1091 1397 prodromi,
1125 1346 1266 1395 quibus
1298 1344 1553 1393 indicabatur,
1586 1357 1646 1384 me
1679 1345 1752 1384 has
1772 1345 1905 1385 literas
1931 1351 1965 1384 1.
1986 1346 2081 1385 Dec.

287 1405 449 1453 scriptas
480 1416 503 1442 a
535 1405 584 1444 D.
618 1404 782 1443 Wenzin
815 1410 1073 1455 accepturum.
1115 1404 1153 1442 Is
1178 1415 1267 1441 vero
1290 1403 1528 1452 Noribergae
1560 1403 1609 1441 ab
1632 1403 1808 1443 Electore
1840 1404 2081 1453 discesserat,

286 1473 357 1499 nec
387 1463 533 1504 interea
565 1463 640 1501 huc
671 1463 796 1501 rediit.
830 1485 882 1491 —
915 1463 1086 1500 Primum
1119 1467 1235 1511 atque
1268 1460 1315 1499 de
1347 1460 1535 1499 Electoris
1557 1460 1833 1514 (Coloniensis)
1865 1464 2084 1513 praesentia

286 1519 414 1568 didici,
445 1520 585 1559 librum
608 1520 834 1572 Opticorum
856 1521 952 1559 Tuis
985 1523 1175 1560 excitatus
1207 1519 1328 1558 literis
1351 1519 1473 1557 obtuli
1496 1521 1705 1570 invenique
1726 1520 1944 1560 Electorem
1965 1533 2082 1572 para-

285 1582 366 1616 tum
398 1578 447 1617 ad
478 1591 538 1618 me
570 1579 670 1618 ultro
703 1579 977 1618 accersendum
1010 1584 1083 1618 etc.
1137 1578 1307 1627 Quartae
1338 1582 1495 1616 secutae
1528 1578 1662 1617 literae
1688 1580 1752 1619 13.
1774 1579 1868 1618 Dec.
1902 1582 2081 1630 scriptae,

286 1648 382 1686 quas
415 1649 487 1687 ego
529 1639 595 1676 vix
627 1637 747 1676 lectas
787 1640 885 1677 inter
917 1636 1105 1685 eundum,
1149 1636 1387 1675 detractione
1430 1635 1676 1676 chirothecae
1715 1637 1777 1676 cui
1819 1638 2080 1687 condideram,

284 1768 491 1808 pergratum
517 1763 671 1799 habebo.
724 1762 866 1798 Gratias
899 1763 964 1799 tibi
996 1773 1065 1808 ago
1100 1762 1142 1797 de
1167 1764 1359 1806 procurato
1393 1771 1471 1796 meo
1498 1762 1665 1807 negotio:
1699 1762 1735 1797 id
1764 1763 1815 1798 sic
1839 1767 1937 1799 recte
1961 1763 2081 1800 habet.

285 1812 373 1845 Cum
400 1811 584 1845 Suendero
619 1810 713 1845 enim
749 1810 936 1845 videbatur
967 1810 1053 1844 mihi
1086 1809 1194 1843 nimia
1225 1808 1433 1853 properatio
1465 1813 1501 1844 et
1525 1809 1759 1853 poenitudine
1793 1810 1922 1846 ductus
1946 1811 2080 1846 retinui

283 1857 427 1900 literas,
455 1858 499 1893 de
523 1858 593 1893 hoc
619 1867 702 1892 vero
722 1857 877 1892 Odontio
904 1858 940 1892 in
958 1867 1105 1900 magnas
1133 1865 1216 1900 spes
1243 1859 1384 1890 erectus
1410 1865 1489 1890 sum
1507 1856 1641 1899 negotii
1667 1866 1746 1891 cum
1772 1857 1961 1902 utriusque
1986 1868 2082 1893 emo-

282 1904 441 1939 lumento
468 1910 503 1939 et
529 1904 734 1939 academiae
759 1910 900 1939 vestrae
926 1905 1055 1939 honori
1080 1902 1305 1938 conficiendi.
1355 1902 1472 1946 Leges
1499 1902 1587 1947 ipse.
1616 1913 1706 1946 quae
1734 1903 1778 1937 ad
1803 1903 1921 1948 ipsum
1940 1905 2080 1949 scripsi.

282 1951 514 1995 Exemplaria
540 1957 602 1986 tua
629 1956 748 1986 cetera
774 1954 858 1986 sunt
884 1955 1019 1994 curata,
1046 1954 1134 1995 puto
1161 1954 1196 1984 te
1221 1959 1435 1993 responsum
1461 1949 1654 1993 accepisse.
1698 1949 1842 1985 Salutes
1866 1951 1960 1986 inter
1976 1956 2081 1987 notos

281 2002 344 2032 tuo
370 2002 451 2032 voto
477 1998 590 2043 divisi,
618 2008 710 2041 quae
736 2002 858 2040 gratae
883 1998 1030 2032 fuerunt
1055 1997 1278 2039 eandemque
1304 1995 1368 2030 tibi
1394 1996 1604 2030 renunciare
1625 1996 1750 2039 jussus
1776 2007 1864 2031 sum.

419 2044 545 2079 Omnia
569 2050 689 2079 vestra
706 2044 923 2079 Wackerius
949 2044 1051 2079 vultu
1077 2043 1288 2088 cognomine
1316 2042 1484 2086 suscepit,
1509 2043 1662 2077 rectiore
1680 2054 1808 2088 nempe
1827 2054 1933 2088 quam
1960 2047 2079 2087 δυαδα,

282 2091 347 2126 sed
371 2096 490 2126 tamen
516 2097 551 2126 et
578 2092 685 2136 digna
705 2091 895 2135 judicavit,
922 2091 957 2126 in
976 2101 1068 2135 quae
1092 2090 1293 2133 insurgeret
1318 2089 1504 2124 contrariis
1530 2089 1694 2125 versibus
1713 2095 1748 2124 et
1766 2090 2078 2135 suggillationibus

283 2138 443 2182 poeticis.
493 2139 688 2184 Haydones
722 2138 781 2173 hic
805 2142 925 2173 metuo
952 2143 992 2171 ut
1016 2148 1095 2172 meo
1121 2136 1268 2172 dicterio
1294 2135 1494 2170 rectissime
1528 2136 1686 2170 habituri
1716 2136 1866 2182 fuerint,
1901 2138 1931 2172 si
1964 2138 2078 2182 primo

285 2195 430 2228 quoque
455 2190 618 2229 tempore
651 2191 774 2220 essent
799 2185 975 2229 oppressi.
1024 2185 1116 2219 Nam
1143 2184 1274 2218 Caesar
1306 2182 1342 2216 in
1366 2182 1465 2226 ipsos
1493 2192 1531 2218 se
1556 2187 1662 2226 parat
1686 2187 1722 2217 et
1748 2183 1968 2219 dissentiunt
1991 2184 2078 2219 invi-

282 2241 370 2265 cem.
404 2232 453 2266 Et
478 2233 708 2276 Boczkayuni
734 2242 814 2266 cum
839 2231 992 2275 pecunia
1019 2230 1178 2266 deseruit
1196 2229 1369 2263 autoritas
1387 2233 1427 2263 ut
1444 2228 1575 2272 ferunt,
1603 2234 1638 2263 et
1664 2229 1873 2274 capitaneos
1892 2242 1977 2266 snos
1997 2231 2077 2276 ipsc

286 2278 465 2312 interficit.
514 2279 634 2313 Etiam
660 2278 703 2312 de
728 2278 939 2313 Walachiae
964 2276 1153 2321 Wayvoda
1176 2275 1334 2311 Radullo
1360 2275 1587 2316 narrabatur,
1613 2277 1710 2319 quod
1736 2287 1855 2312 arcem
1879 2277 1992 2322 ipsius
2018 2289 2075 2313 oc-

284 2326 425 2369 cuparit
450 2325 469 2359 4
497 2325 695 2360 miliaribus
721 2335 742 2359 a
758 2324 987 2367 Warradino,
1012 2325 1236 2366 Petzumque
1257 2321 1427 2357 liberarit.
1461 2322 1560 2357 Deus
1585 2322 1727 2366 piorum
1751 2324 1927 2359 rationem
1945 2325 2076 2360 habeat

283 2371 321 2405 in
347 2371 402 2406 his
428 2372 556 2407 turbis.
607 2371 695 2407 Vale
722 2375 758 2406 et
782 2381 839 2406 me
863 2381 942 2406 ama
967 2376 1076 2414 atque
1101 2369 1204 2404 bonis
1229 2368 1313 2403 viris
1340 2369 1560 2405 commenda.
1612 2370 1665 2404 13.
1692 2370 1797 2407 Febr.
1827 2371 1924 2407 1605.
1964 2372 2002 2406 T.
2028 2372 2072 2407 A.

1112 2415 1304 2450 Officiosus

1680 2463 1719 2500 J.
1746 2463 1935 2509 Kepzerus.

420 2547 460 2583 P.
487 2547 524 2583 S.
573 2547 659 2582 Cum
686 2546 842 2581 Doctore
867 2545 964 2580 Hoer
994 2544 1137 2579 locutus
1163 2544 1252 2587 ipse.
1301 2542 1408 2587 Cupit
1439 2553 1478 2578 se
1503 2544 1684 2578 conveniri
1718 2550 1752 2580 et
1785 2544 1829 2580 ab
1855 2545 2011 2581 Odontio
2037 2551 2074 2582 et

283 2594 328 2630 ab
354 2593 432 2638 ejus
458 2593 763 2636 commendatore,
799 2591 1047 2627 liberalissime
1073 2596 1128 2626 est
1151 2589 1352 2634 pollicitus,
1384 2594 1472 2633 puto
1502 2589 1578 2633 jam
1611 2601 1690 2625 csse
1714 2592 1751 2626 in
1776 2592 1904 2626 itinere
1930 2593 2071 2628 domurn

282 2652 418 2676 versus.
467 2642 564 2685 Ergo
598 2639 695 2683 quod
728 2639 814 2674 estis
850 2639 979 2674 facturi
1014 2637 1132 2673 statim
1159 2636 1411 2681 aggredimini,
1444 2646 1488 2670 ne
1514 2636 1609 2671 domi
1641 2638 1742 2672 illum
1773 2649 1845 2674 non
1869 2639 2070 2677 inveniatis.
2125 2659 2126 2662 =

282 2688 403 2722 Etiam
429 2687 671 2732 Tengnaglius
705 2686 802 2730 cupit
835 2685 902 2721 sibi
934 2685 1060 2720 adesse
1092 2684 1246 2727 aliquem
1272 2683 1309 2718 in
1334 2687 1411 2718 arte
1436 2686 1560 2718 nostra
1593 2684 1847 2727 excellentem,
1880 2686 2072 2731 pollicetur

282 2734 451 2770 salarium
475 2734 779 2774 honestissimum,
807 2732 1030 2776 splendidius
1057 2730 1221 2774 fortasse,
1249 2740 1355 2774 quam
1380 2729 1596 2774 professoris
1623 2730 1786 2775 alicujus.

419 2783 552 2824 (1nscr.:
579 2783 738 2813 Doctrina
755 2785 786 2812 et
803 2783 924 2822 pie-tate
942 2780 1125 2822 praestanti
1143 2781 1212 2810 viro
1232 2780 1274 2810 D.
1293 2780 1427 2809 Alberto
1449 2778 1578 2809 Molnar
1596 2779 1737 2823 Ungaro⁷
1763 2782 1930 2812 literarum
1947 2782 2068 2813 studiis

281 2832 315 2862 in
342 2831 510 2862 academia
535 2828 716 2860 Altorfiana
741 2829 901 2868 operanti.
951 2828 998 2858 D⁰
1031 2831 1062 2858 et
1086 2827 1192 2857 amieo
1220 2835 1291 2856 meo
1316 2824 1477 2867 colendo.)

419 2878 561 2916 Adjutor
594 2877 665 2914 hic,
698 2875 844 2906 Joannes
869 2873 1054 2911 Odontius,
1088 2872 1188 2914 paulo
1221 2876 1296 2914 post
1322 2872 1474 2913 advenit,
1508 2881 1581 2903 cum
1608 2873 1640 2907 d.
1669 2875 1723 2905 18.
1749 2873 1833 2905 Julii
1860 2876 1948 2906 1605
1974 2875 2066 2917 Kep-

282 2924 360 2963 lero,
390 2923 496 2954 Gratii
520 2923 674 2962 versanti,
699 2922 904 2952 nunciaverit
929 2920 967 2951 de
992 2919 1109 2961 literis,
1137 2929 1218 2959 quae
1242 2920 1373 2949 interim
1399 2918 1600 2949 advenerant
1624 2921 1773 2959 Pragam.
1815 2921 1846 2952 Is
1871 2931 1930 2962 per
1946 2931 2067 2952 annum

284 2971 371 3001 1605
398 2970 440 3000 ad
466 2969 679 3001 describenda
705 2972 735 2998 et
760 2968 880 3009 partim
912 2965 1107 2998 calculanda
1132 2966 1248 2996 Martis
1281 2965 1515 2997 commentaria
1546 2966 1717 2998 adhibitus
1750 2977 1835 2998 anno
1865 2969 1952 3000 1606
1984 2969 2067 2999 abiit

284 3015 334 3055 (d.
363 3018 415 3048 16.
441 3016 525 3048 Nov.
554 3017 641 3048 1606
668 3016 801 3055 scripsit
824 3014 1006 3055 Keplerus:
1035 3017 1208 3051 „truncum
1233 3013 1393 3043 nodosum
1421 3012 1650 3054 [Odontium]‚
1677 3023 1742 3054 quo
1767 3016 1882 3045 utebar
1907 3024 2063 3046 concessu

283 3062 579 3101 Noribergensium,
604 3062 715 3092 remisi
740 3061 927 3092 academiae
951 3068 1032 3092 suae
1058 3058 1306 3099 Altorfianae“).
1357 3059 1452 3088 Anno
1480 3059 1566 3090 1607
1600 3069 1680 3090 usus
1706 3064 1754 3091 est
1779 3060 1941 3102 Keplerns
1967 3071 2064 3100 opera

282 3108 444 3139 Victorini
468 3108 624 3148 Eichleri,
648 3106 711 3139 filii
735 3108 879 3148 pastoris
899 3106 1129 3145 Goerlicensis,
1156 3110 1188 3136 et
1204 3105 1355 3137 Seiffardi
1375 3107 1481 3146 1609,
1509 3107 1598 3138 1612
1630 3107 1724 3147 Benj.
1751 3105 1904 3147 Ursinus,
1931 3109 2017 3141 1617
2036 3117 2062 3142 S.

284 3154 389 3188 Janus
414 3154 635 3196 Gringalletus
662 3155 848 3197 „egregiam
872 3153 1089 3196 praestabant
1113 3152 1278 3197 operam.“
