2177 3408
453 143 690 180 Summarium
714 144 894 180 Historiae
918 144 1170 180 Astronomiae
1195 143 1316 181 seculo
1341 146 1436 182 XVI.
1772 146 1855 192 617

62 262 169 304 prout
192 259 228 295 in
254 260 369 296 stellis
394 260 435 295 fit
460 260 713 304 conglobatam
740 270 820 296 esse
846 271 992 297 censeo:
1030 262 1115 297 hinc
1139 260 1275 297 factum
1296 262 1440 307 judico,
1467 263 1562 309 quod
1590 275 1682 300 nova
1706 264 1796 301 haec
1821 266 1857 300 in

64 318 143 362 ipso
171 318 336 362 galaxiae
361 320 520 363 margine
545 319 757 363 constiterit,
783 319 890 363 idque
916 330 986 354 non
1013 321 1166 356 obscure
1191 320 1416 367 insinuabat,
1445 333 1521 358 eam
1548 334 1592 358 ex
1618 324 1760 368 eadem,
1787 335 1858 368 qua

60 377 203 422 galaxia
235 378 316 422 ipsa
346 378 511 423 praedita
543 383 614 422 est,
652 378 853 414 substantia
888 379 1143 415 conformatam
1179 378 1305 416 fuisse.
1361 381 1454 424 Quin
1488 387 1522 416 et
1554 382 1672 417 adhuc
1704 382 1857 418 hiatus

61 435 251 480 quidam
274 437 319 472 in
345 448 392 472 eo
418 437 516 482 ipso
543 436 757 480 galaxiae
783 437 883 472 loco
911 438 1086 482 cernitur,
1120 437 1181 473 ubi
1206 436 1312 472 stella
1337 438 1427 474 haec
1458 451 1541 475 suas
1576 440 1679 475 sedes
1706 441 1858 476 obtinuit

62 494 171 538 idque
196 494 241 529 ad
266 496 503 540 quantitatem
529 496 632 539 quasi
657 495 876 540 semiplenae
902 495 1039 531 Lunae.
1090 495 1204 539 Quem
1230 500 1325 531 certe
1350 496 1486 531 hiatum
1512 509 1583 532 non
1607 498 1776 532 recordor
1802 510 1856 533 me

58 557 165 587 antea
182 563 288 598 quam
306 554 495 589 exstiterat
512 554 601 589 haec
619 554 726 589 stella
743 554 874 589 ibidem
892 555 1184 599 deprehendisse,
1205 564 1322 598 neque
1340 555 1446 589 etiam
1464 556 1507 590 ab
1525 556 1579 599 iis,
1607 557 1666 601 qui
1693 556 1856 599 galaxiae

59 609 205 646 ductum
230 612 428 657 antiquitus
455 612 683 657 denotarunt,
710 612 885 657 ejusmodi
912 613 997 657 quid
1023 613 1272 659 consignatum
1298 613 1459 659 legimus.
1512 616 1580 650 Sed
1610 616 1655 651 sit
1687 616 1856 660 quicquid

58 668 153 713 velit,
179 675 276 704 certe
296 682 408 706 zonae
434 671 572 706 lacteae
598 671 799 706 substantia
823 671 1008 705 materiam
1041 671 1124 705 huic
1157 671 1284 707 stellae
1316 674 1596 718 compingendae
1624 675 1708 710 satis
1736 675 1854 719 copio-

59 736 136 760 sam
162 728 395 772 suppeditare
421 728 532 763 valuit
535 755 655 765 .....
697 729 876 771 Cometae,
903 740 992 773 quos
1018 739 1089 763 non
1107 729 1224 764 minus
1241 732 1421 767 aethereis
1448 734 1592 768 sedibus
1620 744 1856 768 annumeran-

59 785 123 820 dos
158 787 342 823 evidenter
373 788 623 833 probabimus,
660 791 699 821 ut
733 786 924 831 plurimum
951 787 1059 830 juxta
1084 787 1249 830 galaxiae
1275 790 1456 826 territoria
1483 792 1765 828 conformantur,
1800 793 1857 828 vel

57 856 138 880 cum
175 846 266 881 haec
304 851 494 881 transeunt
531 845 639 891 paulo
676 844 867 880 lucidiores
902 846 1247 892 apparentioresque
1282 849 1616 893 deprehenduntur,
1654 851 1748 896 quod
1785 862 1856 886 non

57 904 200 938 minimo
225 903 357 939 indicio
384 909 450 948 est,
478 908 514 940 et
538 904 627 938 haec
653 913 796 948 quoque
821 903 978 938 ascititia
1003 904 1093 939 coeli
1118 905 1237 940 sidera
1260 906 1452 951 plurimum
1487 908 1671 943 affinitatis
1696 921 1774 944 cum
1800 909 1856 944 via

57 961 175 997 lactea
201 961 360 997 obtinere
387 966 422 997 et
448 967 488 997 ut
513 962 579 996 hos
604 972 670 996 sua
694 961 779 997 hinc
805 961 937 997 habere
961 962 1179 998 incunabula
1197 975 1267 998 non
1286 964 1461 1000 immerito
1482 967 1656 1011 suspicari
1676 968 1792 1003 licoat.
1812 988 1855 993 -

58 1022 94 1056 Si
121 1021 201 1066 quis
229 1026 388 1065 quaerat,
417 1031 591 1066 quaenam
618 1031 726 1056 causa
752 1020 913 1056 efficiens
939 1021 995 1066 sit,
1023 1032 1094 1066 qua
1119 1022 1209 1056 haec
1236 1021 1342 1056 stella
1367 1032 1386 1057 e
1411 1024 1560 1058 materia
1585 1025 1733 1060 coelesti
1750 1026 1855 1061 adeo-

62 1090 130 1124 que
157 1079 281 1114 eadem
307 1091 387 1115 cum
421 1080 561 1124 galaxia
593 1079 720 1114 ceteris
754 1079 868 1114 stellis
901 1079 1077 1114 communi
1109 1083 1275 1115 concreta
1308 1080 1434 1123 fuerit,
1466 1087 1625 1116 nostram
1651 1083 1719 1118 hac
1746 1084 1790 1118 dc
1818 1095 1855 1120 re

57 1149 254 1180 censuram,
280 1143 471 1183 postquam
497 1143 713 1174 cometarum
737 1148 881 1182 quoque
906 1138 1044 1182 aliquot
1068 1138 1367 1183 praecedentibus
1395 1140 1496 1175 annis
1522 1141 1851 1177 animadversorum

59 1196 380 1232 considerationem
406 1197 683 1232 astronomicam
709 1196 909 1240 exantlaro,
937 1196 1167 1231 manifestare
1194 1198 1347 1233 decrevi.
1388 1198 1467 1234 Illic
1493 1211 1637 1245 quoque
1663 1211 1725 1236 cur
1751 1201 1857 1236 stella

55 1254 145 1290 haec
169 1265 261 1289 nova
286 1254 513 1289 dissolutioni
539 1255 695 1290 obnoxia
720 1254 840 1296 fuerit,
867 1255 1025 1290 rationes
1051 1255 1196 1291 uberius
1215 1257 1408 1302 adducam3
1438 1270 1546 1303 quare
1566 1260 1611 1296 ad
1636 1260 1786 1295 alteram
1813 1260 1856 1295 de

54 1313 233 1358 portentis
260 1313 370 1358 hujus
395 1313 522 1349 stellae
549 1313 796 1358 quaestionem
821 1323 877 1347 me
903 1313 1097 1349 conferam.

195 1372 231 1407 Si
256 1382 413 1416 unquam
452 1372 590 1408 exstitit
620 1372 814 1407 difficultas
838 1372 875 1406 in
900 1372 1143 1417 percipiendis
1175 1374 1496 1420 praedicendisque
1532 1378 1688 1413 siderum
1722 1377 1856 1420 signifi-

54 1431 155 1471 catis,
183 1435 280 1466 certe
305 1432 395 1476 haec
421 1431 527 1466 stella
559 1432 714 1467 omnium
740 1432 893 1467 maxime
926 1432 1199 1477 ambiguitatem
1225 1439 1260 1469 et
1287 1434 1500 1479 perplexum
1532 1436 1568 1470 in
1595 1436 1668 1471 suis
1701 1435 1855 1471 decretis

54 1489 270 1525 extricandis
287 1489 445 1525 laborem
463 1500 710 1534 remoramque
729 1491 905 1535 suggerit,
932 1491 1145 1535 praesertim
1163 1503 1243 1526 cum
1268 1491 1406 1526 nullum
1431 1493 1650 1537 ejuscemodi
1676 1497 1855 1529 ostentum

54 1557 99 1582 ex
125 1547 298 1584 altissimo
334 1548 435 1584 coelo
466 1549 655 1594 terrigenis
688 1554 795 1584 antea
826 1554 1059 1594 conspectum
1095 1550 1168 1585 ulla
1192 1550 1377 1588 literarum
1410 1558 1640 1588 monumenta
1664 1557 1856 1589 testentur.

52 1606 361 1651 Quemadmodum
388 1608 493 1644 stella
517 1609 607 1643 haec
631 1608 852 1644 rarissimum
879 1609 1041 1645 exhibuit
1074 1610 1295 1656 miraculum,
1330 1611 1381 1646 sic
1413 1621 1557 1656 quoque
1592 1612 1793 1646 rarissimos
1820 1616 1855 1646 et

52 1667 215 1711 ingentes
242 1672 351 1711 atque
368 1667 580 1712 improvisos
600 1667 805 1702 habituram
825 1667 976 1703 effectus
996 1668 1190 1704 verisimile
1217 1674 1282 1713 est,
1308 1669 1368 1715 qui
1394 1670 1519 1714 quales
1545 1670 1581 1704 in
1608 1670 1726 1715 specie
1745 1669 1856 1705 futuri

54 1725 142 1765 sint,
174 1724 264 1759 nulli
291 1725 456 1769 equidem
481 1725 686 1760 mortalium
723 1727 811 1761 satis
836 1731 1066 1771 perspectum
1095 1728 1233 1771 judico.
1283 1729 1342 1763 Ex
1367 1728 1480 1763 forma
1507 1734 1644 1773 autem,
1677 1739 1783 1774 quam
1809 1730 1854 1765 ab

52 1783 153 1818 initio
178 1794 267 1828 prae
292 1795 330 1819 se
357 1784 508 1829 ferebat,
536 1795 627 1829 quae
649 1785 773 1829 joviali
800 1789 835 1820 et
861 1785 958 1820 claro
976 1785 1146 1829 laetoque
1171 1785 1309 1831 fulgore
1327 1786 1514 1832 emicabat,
1539 1787 1681 1823 videtur
1705 1798 1854 1832 prospe-

51 1851 130 1875 rum
155 1842 415 1886 pacificumque
447 1853 566 1878 rerum
601 1843 863 1878 mundanarum
896 1847 1027 1878 statum
1060 1843 1369 1890 praesignificare,
1402 1845 1470 1880 nisi
1503 1846 1598 1889 quod
1624 1847 1855 1891 postmodum

51 1901 205 1935 martiali
235 1902 348 1936 tincta
380 1902 567 1937 rutilantia
604 1901 786 1945 quippiam
820 1901 1018 1936 turbulenti
1058 1907 1167 1945 atque
1199 1903 1411 1938 tumultuosi
1446 1904 1644 1940 immiscere
1679 1905 1854 1942 videatur.

51 1958 280 2003 Religionum
311 1958 487 2003 insignem
518 1960 783 2002 alterationem,
820 1959 849 1994 si
876 1970 947 1994 non
981 1959 1220 1994 omnimodam
1255 1960 1487 1997 abolitionem
1514 1973 1557 1996 ex
1587 1963 1713 2006 joviali
1737 1963 1854 2009 figura

52 2018 269 2063 portendere
294 2021 457 2063 apparet,
484 2019 579 2062 quod
605 2023 640 2053 et
666 2018 765 2053 locus
791 2018 852 2053 ille
878 2017 989 2053 coluri
1015 2018 1299 2063 aequinoctialis,
1322 2019 1429 2064 juxta
1454 2031 1558 2065 quem
1585 2020 1745 2056 sublimis
1773 2032 1854 2056 con-

51 2077 153 2120 stitit,
180 2076 306 2112 innuit.
355 2078 404 2111 Et
431 2077 729 2122 quemadmodum
763 2087 804 2111 ea
831 2087 849 2111 e
876 2077 1059 2121 superiore
1091 2078 1181 2113 coeli
1216 2082 1318 2122 parte
1350 2079 1417 2113 toti
1448 2089 1540 2122 pene
1576 2080 1740 2114 terrestri
1773 2080 1851 2114 orbi

50 2135 267 2180 imminebat,
294 2136 346 2171 sic
371 2135 479 2170 etiam
515 2135 755 2170 universalem
788 2145 852 2180 per
876 2135 1050 2180 plurimas
1076 2140 1112 2170 et
1135 2136 1341 2180 potissimas
1368 2137 1501 2172 Terrae
1532 2138 1698 2183 regiones
1732 2149 1851 2174 rerum

52 2194 308 2238 catastrophen
333 2193 539 2239 impendere
566 2194 735 2229 credibile
762 2197 850 2230 est.“
903 2194 1189 2239 Significationes
1218 2194 1345 2231 stellae
1372 2200 1496 2231 censet
1513 2197 1636 2241 Tycho
1663 2207 1706 2231 ex
1733 2201 1850 2231 astro-

49 2252 175 2295 logicis
202 2252 336 2297 regulis
371 2253 416 2287 ad
442 2263 554 2288 annos
584 2254 671 2288 1583
699 2258 734 2287 et
759 2254 850 2289 1592
882 2254 1088 2288 referendas
1122 2264 1217 2299 esse,
1249 2255 1355 2290 immo
1392 2256 1499 2290 etiam
1524 2256 1569 2290 ad
1602 2266 1732 2290 annum
1761 2256 1851 2291 1632

52 2311 316 2356 extendendas,
346 2311 510 2357 „quando
536 2312 669 2356 trigoni
694 2312 808 2357 ignei,
843 2313 944 2356 cujus
969 2312 1060 2347 haec
1086 2312 1192 2347 stella
1217 2313 1477 2357 antesignatrix
1504 2315 1663 2359 exstitit,
1688 2314 1790 2356 vigor
1816 2319 1852 2349 et

52 2369 201 2404 effectus
229 2370 420 2406 elucescet.
469 2370 595 2405 Omnia
629 2372 723 2406 enim
759 2370 886 2405 stellae
919 2371 1027 2415 hujus
1054 2375 1222 2415 portenta
1248 2384 1327 2407 cum
1353 2373 1422 2407 hac
1453 2373 1676 2416 trigonorum
1700 2372 1848 2417 periodo

52 2439 215 2471 magnam
241 2428 360 2463 sortiri
386 2429 587 2473 analogiam
608 2429 766 2472 judic0.“
819 2430 920 2464 Hanc
946 2440 1025 2464 esse
1051 2430 1236 2474 septimam
1268 2432 1489 2475 trigonorum
1515 2432 1558 2466 ab
1587 2431 1672 2465 orbe
1704 2430 1848 2466 condito

51 2486 239 2531 periodum
265 2491 300 2522 et
323 2487 426 2530 hanc,
453 2498 599 2523 numero
626 2488 753 2532 impari
780 2488 1008 2532 gaudentem,
1034 2488 1153 2532 magni
1170 2488 1355 2532 cujusdam
1374 2490 1458 2525 boni
1484 2494 1519 2524 et
1544 2489 1713 2525 felicioris
1733 2494 1849 2524 status

51 2555 130 2579 esse
155 2546 409 2589 praenunciam
428 2550 494 2581 etc.
529 2546 640 2581 Addit
656 2546 692 2580 in
709 2546 780 2581 fine
799 2547 942 2590 Tychoz
972 2545 1063 2588 „Sed
1084 2546 1172 2581 haec
1198 2547 1407 2582 obscuriora
1425 2552 1509 2583 sunt
1535 2551 1570 2582 et
1595 2548 1639 2582 ab
1665 2546 1849 2581 intellectu

49 2603 204 2637 humano
229 2604 437 2650 remotiora,
470 2614 577 2648 quam
602 2609 642 2639 ut
670 2604 823 2640 dilucide
848 2609 884 2639 et
910 2605 1063 2640 discrete
1098 2606 1133 2639 in
1160 2610 1323 2649 apertum
1357 2605 1476 2641 diduci
1502 2609 1649 2650 queant,
1682 2604 1765 2639 nolo
1790 2605 1846 2640 his

51 2661 243 2696 recitandis
263 2661 551 2705 extricandisque
569 2662 703 2697 diutius
721 2663 936 2699 immorari“.
957 2683 998 2688 —-
1016 2663 1194 2708 Keplerus
1219 2664 1467 2709 Appendicem
1491 2665 1846 2707 Progymnasmatum

50 2719 126 2763 (cfr.
152 2719 218 2753 vol.
244 2719 304 2753 VI.
331 2730 366 2763 p.
385 2719 465 2763 570)
492 2720 580 2754 scite
606 2721 794 2755 terminat:
825 2722 951 2762 „Certe
977 2722 1007 2756 si
1033 2721 1121 2756 nihil
1148 2722 1247 2757 aliud
1272 2722 1376 2757 stella
1392 2722 1464 2765 illa,
1490 2731 1657 2764 magnum
1682 2720 1846 2764 equidem

52 2784 297 2814 astronomum
324 2777 538 2821 significavit
563 2782 599 2812 et
624 2779 849 2823 progenuit‘g
876 2780 998 2815 dicens
1024 2780 1230 2825 Tychonem
1256 2780 1448 2815 Braheum.

191 2837 292 2880 Quae
316 2837 352 2870 in
377 2836 584 2880 praemissis
611 2837 653 2870 de
680 2837 786 2871 stella
818 2847 911 2871 nova
942 2839 1027 2872 anni
1057 2839 1145 2873 1572
1171 2849 1215 2872 ex
1241 2838 1421 2882 Tychonis
1454 2837 1554 2872 libris
1580 2838 1844 2883 proposuimus,

52 2904 130 2930 eam
156 2895 202 2929 ob
227 2905 300 2929 rem
327 2894 472 2938 majoris
506 2899 590 2929 sunt
622 2895 792 2930 momenti
823 2895 868 2930 ad
896 2895 1126 2938 dijudicanda
1154 2896 1186 2930 K
1200 2895 1351 2940 epleri
1383 2894 1520 2938 studia,
1558 2894 1641 2939 quia
1665 2896 1843 2940 Keplerus

52 2964 122 2987 non
148 2956 286 2988 tantum
310 2953 440 2988 librum
466 2962 569 2986 suum
597 2952 640 2987 de
666 2963 758 2987 nova
784 2952 890 2987 stella
915 2953 997 2987 anni
1017 2953 1108 2988 1604
1134 2954 1237 2997 quasi
1264 2953 1308 2988 ad
1325 2962 1484 2988 normam
1511 2953 1628 2997 operis
1648 2953 1845 2998 Tychonici

52 3011 238 3046 adornavit
255 3011 373 3055 adque
396 3011 484 3046 illud
503 3010 637 3055 passim
654 3010 811 3055 respicit,
839 3010 901 3045 sed
919 3010 1027 3045 etiam
1044 3009 1079 3044 in
1105 3010 1184 3045 aliis
1203 3011 1277 3046 suis
1296 3011 1440 3054 scriptis
1458 3010 1666 3055 saepissime
1691 3010 1737 3045 ad
1754 3011 1843 3046 illud

51 3069 155 3103 redit.
202 3070 331 3104 Insunt
353 3069 552 3114 praemissa
577 3069 756 3113 capitibus
783 3069 902 3113 operis
928 3068 1032 3103 tertio
1060 3079 1174 3113 usque
1199 3069 1244 3104 ad
1274 3069 1460 3106 decimum,
1494 3068 1619 3103 Priora
1637 3068 1706 3105 duo
1725 3070 1843 3114 capita

53 3126 239 3167 continent
267 3127 554 3172 „restitutiones“
582 3130 743 3166 motuum
769 3126 861 3163 Solis
878 3127 1076 3173 Lunaeque
1101 3131 1137 3164 et
1160 3127 1321 3164 locorum
1338 3127 1524 3164 stellarum
1548 3126 1714 3165 fixarum.
1755 3128 1842 3166 Cum
