2126 3388
926 151 1026 188 1602.
1777 154 1860 199 749

72 268 269 314 Keplerus3
308 268 438 313 Optiea
470 267 603 313 prodiit
635 277 730 303 anno
762 266 904 301 demum
931 267 1039 311 1604,
1076 266 1272 302 Comment.
1305 268 1433 303 Martis
1465 278 1560 304 anno
1583 270 1691 314 16093
1725 269 1864 305 initium

71 330 168 362 certe
185 326 323 362 factum
341 332 395 362 est
415 328 603 371 utriusque
621 326 739 371 operis
758 325 858 361 annis
875 325 1066 370 prioribus,
1095 329 1288 368 utrumque
1306 325 1371 360 sub
1398 326 1503 362 finem
1529 327 1613 362 anni
1638 327 1727 364 1602
1752 339 1864 373 prope

74 385 120 419 ad
139 385 274 421 calcem
299 386 526 430 perductum.
563 386 698 421 Causas
724 384 857 419 dilatae
884 384 1050 418 editionis
1075 383 1234 418 invenies
1260 383 1363 418 annis
1389 385 1636 428 sequentibus.
1662 406 1704 410 —
1729 386 1865 421 Partim

73 453 92 477 6
110 445 374 490 manuscriptis,
400 446 531 490 partim
557 455 575 479 e
599 445 700 480 libris
719 443 874 489 publicis
894 442 1041 486 Kepleri
1065 441 1154 476 haec
1179 440 1223 476 de
1249 441 1377 476 studiis
1403 447 1440 477 et
1471 442 1779 479 observationibus
1806 444 1865 479 (16-

71 503 274 540 sumsimus.
324 503 502 539 Observat
526 503 774 538 instrumentis
801 502 994 548 Tyehonis‚
1025 499 1238 544 „adjuvante
1264 499 1426 534 studioso
1453 500 1607 535 Matthia
1633 501 1818 543 Seiffard0‚
1845 511 1866 536 a

71 561 241 605 Tychone
266 562 414 598 reliet0“
444 563 476 598 d.
503 564 558 598 25.
584 562 691 598 Febr.
717 562 871 597 Martem
905 560 1056 604 ejusque
1090 559 1207 593 locum
1241 557 1327 592 satis
1359 557 1450 592 bene
1485 558 1684 595 constituit.
1731 558 1865 594 Martio

75 620 300 662 „pertexitur
325 621 488 665 capitalis
515 620 772 654 demonstratio
807 624 967 654 motuum
991 617 1159 652 Martis“.
1211 616 1341 651 Orbem
1367 617 1495 651 Martis
1531 617 1750 659 „ovalem2‘
1786 627 1866 653 6336

71 675 348 715 demonstratur.
410 679 609 714 Observata
654 678 797 721 eclipsis
842 678 968 712 Lunae
1009 676 1041 710 si.
1075 675 1173 709 Junii
1211 674 1371 709 adhibito
1417 674 1604 718 horologio
1648 675 1866 721 Tychonico,

74 734 231 775 „minuta
266 741 302 771 et
337 737 495 771 secunda
531 736 744 770 indicante.‘·
803 736 833 770 4.
868 734 970 769 Julii:
1008 733 1229 768 Deliberatio
1267 732 1484 777 astrologica
1522 732 1566 767 de
1599 743 1682 777 rege
1715 734 1865 779 Galliae,

73 793 284 833 „occasione
309 793 480 837 colloquii
505 805 584 828 cum
610 793 888 838 See1iachio“.²²<)

207 852 373 895 Augusto
392 862 514 887 mense
530 852 566 886 in
583 852 767 896 publicum
786 851 916 886 emissa
934 854 988 885 est
1008 851 1403 896 7,Ρνομᾳ]ηινιαευιαὺιιπι
1423 850 1454 886 T
1452 851 1603 896 ychom's
1620 862 1713 896 pars
1731 853 1867 896 prima,

72 919 163 953 quae
190 910 298 945 editio
323 910 479 944 maxima
504 920 547 944 ex
567 914 670 954 parte
695 919 802 944 curae
821 908 969 953 Kepleri
994 909 1161 943 mandata
1187 907 1305 942 fuerat
1331 908 1374 942 ab
1401 907 1617 943 haeredibus
1635 908 1866 953 Tychonici83

69 967 223 1003 confecit
249 968 426 1012 Keplerus
451 967 604 1003 indicem
630 971 666 1002 et
691 966 925 1012 appendicem
950 967 1049 1012 libri,
1085 977 1192 1011 quam
1218 965 1445 1001 exhibuimus
1470 965 1539 1001 vol.
1565 966 1625 1001 VI.
1657 967 1735 1002 560¹.
1800 967 1868 1002 Die

69 1027 126 1061 20.
150 1026 305 1071 Augusti
330 1026 518 1062 constituit
543 1026 723 1071 Keplerus
757 1026 876 1060 locum
904 1027 1058 1067 771101116α
1087 1024 1216 1061 stellae
1249 1024 1285 1058 in
1313 1024 1452 1069 Cygno,
1487 1023 1704 1067 „adjuvante
1728 1024 1868 1060 Joanne

69 1083 246 1129 Eriksen,
283 1085 345 1128 qui
368 1095 482 1129 nuper
507 1095 587 1119 cum
614 1083 835 1129 Tengnaglio
861 1084 1018 1119 redierat
1041 1083 1077 1117 in
1102 1082 1353 1127 Bohemiam“,
1379 1081 1416 1115 in
1441 1082 1749 1118 observationibus
1776 1095 1864 1120 usus

71 1146 235 1178 sextante
261 1142 395 1185 ferreo,
432 1154 453 1178 a
477 1143 517 1178 L.
544 1144 585 1179 B.
609 1142 828 1178 Hoffmanno
860 1141 984 1177 usibus
1014 1140 1162 1185 Kepleri
1193 1140 1380 1185 permisso.
1432 1139 1532 1183 Quae
1568 1151 1647 1175 cum
1680 1141 1867 1176 Herwarto

72 1201 147 1246 egit
172 1201 216 1236 de
240 1201 309 1236 hac
335 1200 440 1236 stella
464 1201 634 1245 leguntur
651 1201 718 1235 vol.
738 1200 783 1234 II.
800 1211 834 1244 p.
854 1200 942 1244 7553
967 1199 1139 1235 historica
1165 1199 1208 1234 de
1226 1198 1406 1234 Mercurio
1424 1198 1460 1233 in
1479 1198 1562 1233 Sole
1579 1199 1653 1234 viso
1672 1199 1721 1235 ib.
1737 1210 1772 1243 p.
1792 1200 1869 1236 789.

210 1259 388 1304 Keplerus
415 1260 458 1295 ab
485 1271 578 1295 anno
608 1260 693 1295 1597
720 1259 792 1293 huc
819 1267 954 1302 usque,
993 1258 1182 1292 occasione
1216 1260 1320 1302 capta
1346 1267 1366 1291 a
1392 1256 1545 1291 lectione
1570 1257 1701 1293 Portae
1727 1259 1870 1302 Magiae

71 1319 247 1354 naturalis
273 1324 309 1354 et
333 1319 486 1353 Heronis
514 1317 799 1362 „Spiritalium“,
826 1317 976 1351 multum
1003 1316 1122 1361 operis
1149 1316 1347 1352 consumsit
1371 1315 1407 1350 in
1432 1316 1535 1360 praxi
1561 1320 1596 1351 et
1620 1316 1759 1351 theoria
1783 1316 1870 1352 artis

71 1377 388 1422 aquaeductoriae.
429 1377 638 1412 Herwartus
655 1375 849 1411 Novembri
870 1375 960 1411 1602
978 1375 1138 1419 scripsit:
1164 1375 1216 1409 Es
1240 1374 1306 1409 hat
1322 1374 1388 1408 mir
1405 1374 1450 1409 D.
1468 1373 1644 1407 Pistorius
1662 1373 1869 1418 vermeldet‚

71 1436 154 1471 dass
171 1436 228 1471 Ire
244 1436 326 1470 Mtt.
345 1435 422 1470 sich
439 1436 476 1470 in
494 1436 730 1479 pneumaticis
750 1435 956 1478 delectiren,
970 1435 1041 1469 vnd
1060 1435 1143 1470 dass
1163 1434 1226 1469 der
1243 1434 1347 1476 Herr,
1363 1444 1435 1468 was
1455 1433 1516 1467 der
1533 1433 1642 1468 Porta
1661 1433 1871 1477 der-owegen

65 1494 192 1538 jungst
215 1493 417 1538 aussgehen
441 1493 578 1538 lassen,
604 1505 650 1528 zu
674 1493 877 1536 korrigiren
904 1493 951 1527 im
978 1493 1112 1528 Werck
1137 1503 1211 1537 sey.
1261 1491 1440 1536 Keplerus
1457 1491 1567 1526 refert
1593 1491 1636 1526 de
1659 1492 1715 1526 his
1741 1491 1870 1527 studiis

70 1553 257 1588 Herwarto
298 1553 332 1588 d.
362 1552 414 1587 12.
439 1551 520 1586 ε11111.
548 1551 655 1587 1603;
694 1548 856 1597 Quaeris
889 1548 935 1587 de
967 1549 1234 1598 pneumaticis,
1295 1547 1352 1584 Ea
1383 1549 1420 1583 in
1452 1547 1669 1585 narratione
1701 1558 1869 1595 agnosco

16 1615 19 1616 ’
69 1607 118 1645 R.
150 1607 201 1647 D.
231 1607 390 1645 Pistorii
421 1619 498 1656 quo
530 1619 590 1645 me
622 1606 891 1657 complectitur
922 1607 1109 1646 savorem.
1151 1606 1265 1644 Anno
1291 1609 1357 1644 97.
1388 1605 1530 1654 prodiit
1562 1605 1696 1654 Magia
1716 1605 1870 1653 Portae,

71 1677 144 1716 ego
177 1667 352 1704 converti
383 1677 444 1704 me
476 1665 525 1703 ad
558 1678 616 1713 ea,
650 1678 750 1715 quae
782 1665 1015 1704 videbantur
1047 1665 1164 1714 digna
1196 1664 1473 1713 speculatione,
1505 1663 1771 1712 periclitanda,
1804 1664 1870 1701 ubi

72 1723 216 1763 Portae
249 1735 414 1762 errorem
447 1729 484 1762 et
514 1724 629 1762 simul
662 1723 867 1762 artificium
901 1723 1149 1773 deprehendi.
1192 1722 1360 1760 Pistorio
1382 1722 1445 1760 hic
1464 1725 1635 1769 (Pragae)
1656 1723 1691 1758 in
1714 1721 1870 1760 Herone

72 1782 230 1821 eosdem
261 1794 407 1821 errores
440 1783 666 1820 monstravi.
729 1782 854 1820 Paulo
885 1788 974 1831 post
1004 1785 1142 1820 nactus
1174 1786 1232 1819 est
1254 1780 1444 1818 Pistorius
1475 1781 1709 1830 peculiarem
1728 1779 1870 1818 Portae

71 1840 260 1889 libellum,
294 1852 395 1879 auno
432 1845 542 1879 1600
576 1840 734 1888 editum,
768 1841 834 1878 ubi
865 1852 958 1878 suos
991 1845 1028 1878 et
1058 1840 1226 1878 Heronis
1259 1851 1406 1877 errores
1440 1840 1605 1888 corrigit,
1639 1844 1777 1887 atquo
1800 1850 1871 1887 ego

72 1899 268 1949 gloriabar
298 1899 470 1948 invento,
505 1899 543 1936 id
575 1898 734 1949 pulchre
765 1898 1047 1948 locupletatum
1077 1898 1272 1948 proponit.
1315 1896 1463 1946 Quodsi
1494 1897 1588 1935 mihi
1618 1897 1710 1935 licet
1740 1896 1872 1934 indul-

71 1968 163 2007 gere
193 1958 228 1996 ei
268 1958 444 2006 affectui,
487 1969 563 2006 quo
595 1957 730 2008 Tycho
770 1959 957 2006 magister
997 1969 1106 1995 meus
1147 1955 1415 2003 exercebatur,
1454 1955 1630 2005 equidem
1673 1966 1750 1992 non
1789 1956 1870 1992 sine

70 2016 344 2065 probabilitate
385 2018 660 2063 asseveraiim,
702 2016 860 2053 Portam
902 2026 947 2052 ex
986 2027 1046 2053 me
1090 2014 1283 2053 edoctum.
1345 2014 1444 2052 Nam
1484 2013 1678 2063 exemplar
1718 2012 1871 2050 artificii

73 2073 223 2112 Graetii
255 2074 413 2112 exhibui
434 2075 484 2114 D.
506 2087 529 2111 a
548 2074 839 2121 Dietrichstein,
872 2073 1043 2123 praesidi
1074 2084 1259 2120 camerae,
1293 2073 1354 2110 cui
1383 2083 1469 2110 cum
1489 2073 1737 2110 Istriacarum
1769 2071 1871 2108 sodi-

73 2143 209 2170 narum
239 2133 434 2182 praefecto
468 2132 610 2170 Adlero
643 2132 764 2170 multa
795 2131 1065 2179 necessitudo,
1108 2133 1169 2169 cui
1211 2142 1296 2168 cum
1327 2130 1446 2168 Porta
1477 2130 1672 2169 literarum
1705 2141 1870 2167 consue-

72 2190 166 2228 tudo
198 2191 400 2230 intercedit
432 2196 470 2229 et
500 2191 593 2228 mihi
623 2192 810 2240 promisit,
843 2202 884 2228 se
915 2202 1043 2228 meum
1074 2189 1313 2239 Mysterium
1346 2191 1617 2235 (Prodromum)
1648 2189 1772 2238 prima
1804 2199 1871 2225 oc-

75 2250 230 2287 casione
262 2249 312 2288 ad
342 2249 500 2287 Portam
532 2251 855 2296 transmissurum,
888 2248 934 2286 de
967 2248 1204 2297 aquatilibus
1235 2248 1368 2286 tacuit.
1407 2246 1484 2285 Res
1506 2252 1635 2285 tamen
1658 2247 1732 2296 ipsi
1757 2257 1870 2284 curae

74 2307 146 2344 suit
177 2312 215 2345 et
248 2309 402 2346 omnino
435 2307 527 2345 mihi
548 2307 778 2357 persuadeo,
810 2308 1016 2356 instigasse
1039 2306 1209 2352 Portam,
1241 2310 1283 2343 ut
1314 2305 1413 2343 hanc
1434 2317 1513 2343 rem
1535 2305 1585 2343 ad
1607 2317 1718 2343 usum
1741 2309 1869 2342 trans-

73 2364 170 2403 ferat
193 2397 200 2405 .
224 2397 233 2406 .
256 2395 265 2405 .
289 2396 297 2404 .
359 2365 636 2404 Percommode
669 2366 878 2404 admoneor
919 2366 974 2403 rei
1012 2365 1271 2402 necessariae:
1317 2365 1657 2401 inventionem
1695 2363 1867 2400 habeo

76 2424 436 2473 exprimendae
467 2436 633 2473 aquae
665 2427 1003 2473 comparatam
1024 2434 1210 2472 perquam
1231 2421 1378 2460 utilem.
1412 2421 1508 2459 Cum
1527 2422 1608 2470 jam
1626 2422 1674 2459 ab
1689 2424 1867 2459 31111097.

69 2481 144 2520 1106
190 2494 329 2520 saxum
370 2483 548 2530 volvam,
595 2482 750 2520 tandem
796 2480 912 2519 incidi
954 2483 996 2519 in
1037 2481 1307 2529 Augustanum
1355 2479 1556 2528 artificem,
1600 2481 1665 2529 qui
1708 2482 1868 2527 accepta

74 2542 240 2589 pecunia
272 2539 465 2589 pollicitus
496 2547 566 2588 est,
599 2552 640 2578 se
675 2541 931 2589 perfecturum
964 2539 1160 2589 exemplar
1163 2566 1308 2578 .....
1367 2537 1479 2587 Rogo
1501 2538 1556 2575 M.
1580 2537 1715 2584 Tuam,
1750 2541 1792 2573 ut
1820 2535 1869 2573 ad

76 2598 283 2647 collegium
325 2598 504 2647 opificum
543 2599 776 2648 perscribat,
820 2603 862 2635 ut
900 2609 996 2647 opus
1039 2597 1247 2647 inspiciant
1278 2601 1349 2636 etc.
1382 2599 1606 2642 (Pactionem
1634 2608 1714 2632 eum
1741 2595 1869 2640 opifice

75 2657 200 2693 initam
226 2662 262 2692 et
289 2657 566 2703 descriptionem
591 2659 732 2693 artificii
756 2659 836 2693 vide
867 2657 937 2695 vol.
963 2658 1006 2693 V.
1032 2669 1068 2702 p.
1094 2658 1160 2693 633
1187 2658 1248 2701 SS.)
1297 2657 1351 2691 De
1383 2657 1509 2692 eodem
1541 2654 1691 2691 artificio
1726 2653 1871 2697 scripsit

80 2716 261 2761 Keplerus
298 2716 345 2750 ad
375 2716 579 2751 Fabricium
611 2717 710 2761 (Dec.
748 2717 868 2760 1003);
907 2713 1015 2751 Petis
1037 2718 1160 2751 artem
1191 2723 1316 2761 aquae
1340 2711 1517 2750 ducendi.
1572 2709 1763 2747 Confirmo
1787 2709 1868 2756 tibi,

81 2777 214 2827 Belgis
245 2779 322 2816 tuis
354 2777 434 2816 sore
466 2778 711 2816 utilissimam
743 2776 1015 2815 exhauriendis
1049 2776 1177 2813 subito
1208 2775 1389 2813 navibus.
1439 2775 1510 2812 Est
1540 2773 1651 2823 sipho
1675 2771 1868 2822 (Quintam)

217 2881 247 2923 ²²)
273 2881 389 2913 Mense
414 2881 563 2919 Augusto
589 2890 671 2912 uxor
688 2880 825 2920 Kepleri
850 2880 1042 2917 aegrotavit,
1067 2880 1151 2909 teste
1169 2876 1326 2917 Philippo
1345 2877 1528 2914 Brosamer,
1558 2875 1671 2916 „Rom
1690 2876 1774 2914 Kay.
1791 2875 1869 2908 Mtt.

81 2928 349 2969 Hoffmedicns“,
380 2928 440 2969 qui
463 2928 775 2958 medicamentorum
808 2926 968 2956 rationem
997 2925 1091 2964 „dem
1116 2925 1258 2954 Ernvest
1287 2924 1378 2953 vnnd
1409 2922 1575 2961 wolgelert
1600 2922 1687 2953 Herr
1712 2922 1869 2961 Magister

83 2976 114 3007 J.
140 2976 284 3015 Kepler“
312 2976 404 3007 misit
431 2975 506 3012 „fiir
531 2973 693 3014 Safftlein,
720 2975 773 3004 ein
798 2972 886 3002 lindt
910 2972 1128 3012 Triincklein,
1156 2970 1228 3001 Oell
1255 2979 1327 3000 zum
1353 2970 1550 3008 schmieren,
1584 2970 1869 3000 Kraftkiiechlein:

80 3020 218 3053 Summa
250 3023 360 3053 thuett
393 3023 416 3053 4
440 3020 473 3052 fl.
512 3022 555 3052 22
579 3022 626 3052 kr.
678 3022 759 3051 Item
791 3020 845 3049 fiir
870 3018 985 3056 Genng
1017 3017 1116 3048 Miihe
1149 3016 1216 3047 vnd
1246 3017 1386 3055 Arbeytt
1418 3017 1488 3047 wir-t
1523 3017 1592 3047 sich
1625 3016 1681 3046 der
1704 3015 1789 3046 Hert
1814 3016 1870 3046 der

82 3068 193 3099 Gebiir
218 3070 278 3099 wie
302 3069 421 3099 billich
446 3069 564 3099 wissen
588 3077 629 3099 zu
654 3065 858 3101 verhalten“.
907 3065 1070 3106 Keplerus
1103 3063 1297 3104 adscripsit:
1333 3063 1436 3094 daran
1468 3064 1574 3102 geben
1605 3072 1693 3094 zwen
1717 3063 1870 3094 Ducaten

85 3115 148 3146 (1611
174 3117 226 3147 14.
252 3114 458 3158 September.
