2126 3388
169 109 254 154 888
845 101 928 136 Vita
951 100 974 135 J
977 97 1100 135 oannis
1124 97 1283 144 Kepleri.

167 226 285 271 ipsum
309 226 383 259 tam
407 222 537 257 fortem
563 217 848 264 hyperaspistem
871 218 1032 251 nactum.
1078 215 1126 250 At
1149 214 1232 259 vidi,
1259 212 1376 256 addit,
1401 213 1438 247 in
1463 211 1626 257 catalogo
1653 215 1793 248 tantum
1819 220 1838 247 e
1863 221 1954 247 nun-

170 284 262 318 dinis
289 282 411 325 allato,
437 279 597 314 nondum
621 277 659 311 in
677 272 909 318 bibliopoleO.
942 272 998 307 An
1022 275 1121 307 totae
1146 276 1230 306 sunt
1257 279 1423 313 excusae,
1448 270 1545 314 quod
1570 270 1729 304 nondum
1749 272 1956 314 comparent

167 340 378 377 nobiscum?
404 356 447 362 ——
472 336 540 370 Die
566 336 596 369 7.
625 333 724 377 Sept.
749 330 895 366 nunciat
919 330 1120 374 Philippus,
1149 328 1310 364 Chiliada
1342 327 1437 371 typis
1471 334 1639 361 excusam
1674 336 1752 361 esse
1776 327 1957 370 mittitque

171 400 213 435 10
239 394 473 440 exemplaria3
507 403 573 438 pro
606 390 829 426 dedicatione
863 388 1024 433 assignat
1053 387 1208 432 Keplero
1243 387 1286 421 50
1309 384 1469 420 thaleros
1505 388 1540 419 et
1564 385 1655 419 mitti
1686 384 1753 419 sibi
1784 385 1874 428 petit
1905 384 1956 418 in-

167 456 388 492 stitutionem
414 452 458 487 ad
483 461 587 486 usum
611 447 922 493 logarithmorum,
949 456 1056 490 quam
1080 442 1263 489 accepisse
1293 453 1332 477 se
1355 441 1465 478 refert
1487 443 1676 487 Philippus
1701 441 1757 477 die
1780 442 1835 478 23.
1853 442 1957 487 Apri-

167 514 210 548 lis
239 512 340 547 1625.

304 567 480 603 Viennam
513 564 696 610 profectus
727 571 850 597 mense
884 559 1029 596 Octobri
1062 559 1183 594 literas
1220 558 1319 594 dedit
1351 559 1531 603 Keplerus
1562 559 1695 593 Baroni
1727 559 1879 594 Erasmo
1913 560 1957 594 de

169 625 407 669 Staremberg,
435 623 496 668 qui
519 622 643 657 Lincio
671 621 703 655 d.
729 621 761 655 4.
787 620 876 655 Nov.
902 618 1105 663 respondit:
1136 617 1261 660 „valde
1285 627 1341 652 me
1367 617 1590 653 delectarunt
1613 617 1737 653 literae
1762 622 1858 660 tuae,
1885 618 1958 652 ani-

167 695 263 721 mum
295 683 394 728 pium
426 693 468 717 ac
492 682 704 724 ingenuum,
739 678 929 713 candorem
962 676 1106 711 solitum
1137 675 1355 710 redolentes.
1404 676 1556 720 Expetis
1591 680 1632 711 ut
1664 676 1701 710 in
1733 675 1832 710 luctu
1864 687 1958 710 nunc

167 742 311 788 publico
346 740 501 775 animum
534 743 636 773 tuum
667 736 888 771 confirmem.
936 733 1081 769 Utinam
1107 743 1148 767 eo
1176 743 1291 767 essem
1322 733 1429 767 animi
1459 734 1589 768 robore
1619 733 1825 778 praeditus,
1860 737 1900 767 ut
1926 738 1961 768 et

167 811 222 835 me
247 799 365 844 ipsum
403 798 490 833 satis
524 805 663 840 semper
696 795 832 838 erigere
864 797 898 828 et
924 793 1037 828 bonos
1070 802 1230 837 quosque
1263 791 1373 826 solari
1403 793 1602 836 possem.⁷'⁶)
1651 791 1706 826 Tu
1730 803 1796 836 pro
1822 792 1958 836 pietate

167 863 230 894 tua
255 856 429 902 singulari
453 856 541 891 satis
567 860 602 890 te
629 857 754 889 contra
779 853 948 888 fortunae
973 861 1208 896 quoscunque
1233 850 1386 885 insultus
1414 860 1551 885 armare
1575 853 1679 894 potes
1697 851 1900 894 praeceptis
1927 854 1962 884 et

169 916 344 961 exemplis
368 914 532 959 infinitis,
569 913 639 948 imo
666 911 757 947 alios
783 912 959 946 instruere
986 915 1021 945 et
1047 910 1185 945 docere.
1236 909 1278 942 In
1305 919 1347 943 ea
1373 909 1464 943 enim
1499 913 1662 953 tempora
1686 908 1894 953 incidimus,
1921 913 1961 943 ut

169 975 312 1010 firmare
337 973 493 1010 animum
519 971 688 1016 expediat
711 969 959 1005 constantibus
996 968 1181 1012 exemplis.
1233 968 1398 1001 Ceterum
1430 967 1568 1010 gaudeo
1593 967 1728 1011 tibique
1755 966 1917 1012 gratulor
1941 977 1962 1000 a

170 1036 322 1070 Caesare
346 1037 382 1067 te
408 1030 683 1067 clementissime
708 1028 869 1063 auditum
895 1037 993 1071 esse,
1026 1036 1143 1070 neque
1169 1026 1212 1060 de
1239 1028 1363 1070 optato
1395 1035 1565 1060 successu
1599 1025 1738 1069 dubito,
1765 1025 1795 1059 si
1828 1025 1961 1059 instan-

169 1096 225 1127 ter
249 1091 432 1135 negotium
456 1098 587 1133 urgeas
611 1091 647 1121 et
672 1086 786 1121 fretus
813 1084 869 1121 111.
894 1085 1071 1129 Principis
1096 1083 1339 1127 Eckenbergii
1370 1082 1490 1117 favore
1516 1087 1551 1118 et
1576 1083 1777 1128 patrocinio
1802 1083 1854 1117 uti
1878 1081 1962 1117 frui-

171 1160 240 1194 que
267 1159 309 1184 eo
333 1148 453 1183 liceat.
488 1145 633 1180 Domini
651 1144 832 1179 Praesulis
857 1143 894 1177 in
919 1143 1209 1177 Kremsmunster
1234 1141 1492 1185 quaestionem,
1518 1139 1602 1184 quid
1629 1139 1790 1175 facturus
1818 1139 1867 1174 sis
1893 1139 1963 1174 hoc

169 1219 288 1244 rerum
314 1210 425 1249 statu,
452 1208 571 1240 utrum
599 1213 643 1237 ex
669 1202 816 1237 Austria
842 1201 997 1235 animum
1022 1200 1261 1235 translaturus
1287 1200 1346 1244 sis,
1373 1208 1444 1233 non
1462 1198 1553 1233 tanti
1570 1197 1770 1233 faciendam
1789 1198 1964 1241 existimo,

169 1270 210 1301 ut
234 1264 318 1300 inde
341 1273 481 1299 remora
503 1261 706 1305 metuenda,
734 1260 816 1294 dum
843 1260 1030 1294 Caesarem
1057 1258 1266 1292 clementem
1291 1261 1327 1290 et
1353 1255 1531 1290 faventem
1557 1255 1702 1299 habeas,
1726 1266 1855 1300 magno
1881 1255 1965 1290 huic

171 1324 271 1369 operi
295 1322 456 1358 ultimam
491 1330 633 1354 manum
664 1318 882 1364 imponendi.
932 1318 1047 1361 Perge
1072 1316 1181 1359 igitur
1204 1315 1306 1349 bonis
1339 1315 1464 1348 avibus
1498 1319 1534 1348 et
1559 1314 1763 1349 desiderata
1790 1314 1834 1349 ad
1859 1313 1965 1348 finem

168 1381 367 1428 perducito,
396 1390 503 1424 quem
528 1378 647 1422 magni
671 1377 828 1421 bonique
852 1375 917 1410 viri
942 1377 1115 1419 exoptant
1138 1373 1291 1418 plurimi.
1319 1393 1361 1396 —
1389 1373 1477 1407 Tuis
1503 1373 1571 1418 piis
1596 1373 1764 1418 precibus
1789 1382 1845 1407 me
1871 1383 1966 1407 com-

171 1439 313 1482 mendo,
339 1437 434 1473 idem
458 1441 499 1472 tu
523 1436 611 1471 meis
637 1435 798 1470 inclusus
824 1434 905 1470 eris.
955 1432 1102 1476 Legatis
1127 1441 1317 1476 procerum
1343 1431 1496 1466 salutem
1521 1442 1599 1466 meo
1625 1431 1780 1475 nomine,
1806 1430 1966 1475 inprimis

171 1499 217 1535 D.
244 1495 534 1539 Hohenfeldero,
571 1503 677 1538 quem
709 1498 749 1528 ut
783 1492 881 1537 pium
908 1502 949 1526 ac
973 1490 1112 1535 patriae
1138 1493 1316 1524 amantem
1350 1499 1428 1523 amo
1460 1488 1666 1533 plurimum.
1713 1490 1813 1524 Deus
1839 1488 1968 1531 dirigat

171 1555 319 1592 consilia
354 1557 390 1589 et
415 1553 574 1589 actiones
609 1551 653 1586 ad
678 1550 840 1586 Nominis
865 1549 985 1584 Divini
1018 1548 1169 1592 gloriam
1203 1552 1238 1582 et
1264 1547 1401 1591 patriae
1426 1548 1576 1592 Jamjam
1609 1548 1768 1583 ruiturae
1802 1551 1838 1581 et
1861 1546 1968 1591 plane

171 1615 356 1659 collapsae
383 1611 692 1648 sustentationem.
736 1609 838 1643 Certe
865 1606 1036 1641 orandum
1063 1610 1098 1639 et
1116 1605 1334 1649 vigilandum
1362 1611 1417 1640 est
1443 1610 1598 1649 strenue,
1624 1605 1692 1639 nisi
1718 1605 1836 1639 divina
1854 1604 1968 1649 gratia

170 1673 276 1709 nobis
301 1671 404 1715 adsit,
430 1669 637 1712 verendum,
662 1678 707 1702 ne
726 1667 844 1702 omnia
870 1668 1056 1708 corruant,
1085 1664 1147 1698 sed
1173 1663 1208 1696 in
1234 1663 1340 1698 rebus
1367 1663 1524 1698 adversis
1550 1663 1709 1698 animose
1735 1662 1910 1706 agendum
1937 1668 1971 1695 et

170 1731 208 1766 in
232 1739 408 1775 prospera
433 1727 576 1762 fortuna
601 1726 740 1761 animus
765 1722 1045 1763 contrahendus,
1070 1726 1175 1756 vento
1201 1722 1351 1756 adverso
1378 1732 1472 1756 nunc
1497 1721 1643 1766 expedit
1659 1721 1839 1765 navigare,
1865 1719 1970 1754 modo

175 1798 364 1834 supremus
388 1786 579 1823 Navarcha
609 1785 728 1820 velum
760 1791 951 1825 remosque
985 1780 1127 1824 dirigat.
1178 1779 1213 1814 Si
1238 1781 1337 1814 Deus
1368 1790 1432 1824 pro
1458 1779 1579 1824 nobis,
1613 1780 1692 1824 quis
1727 1783 1853 1814 contra
1878 1779 1968 1813 nos‘?

171 1848 317 1883 Fortior
350 1850 405 1882 est
437 1847 535 1881 Deus
569 1845 615 1880 ad
649 1841 967 1889 propugnandum,
1000 1849 1106 1883 quam
1140 1838 1256 1872 hostis
1288 1838 1333 1872 ad
1366 1837 1662 1883 oppugnandum.
1710 1839 1811 1872 Bono
1848 1837 1970 1881 itaque

172 1906 330 1951 fortique
355 1905 468 1940 simus
496 1904 631 1939 animo:
657 1901 784 1937 fortior
809 1904 864 1935 est
880 1899 917 1933 in
935 1897 1049 1941 nobis,
1079 1906 1184 1940 quam
1210 1897 1272 1940 qui
1298 1897 1333 1931 in
1358 1897 1490 1932 mundo
1516 1896 1689 1931 adversus
1716 1906 1781 1931 nos
1806 1896 1972 1940 insurgit.

175 1964 284 1999 Hisce
309 1963 388 1998 vale
415 1962 554 1997 divinae
579 1960 714 1996 tutelae
740 1957 1044 1994 commendatus.“
1074 1975 1116 1980 --

311 2021 412 2065 Quae
444 2020 516 2064 egit
545 2018 723 2063 Keplerus
759 2017 828 2051 hoc
860 2025 953 2049 anno
994 2024 1074 2048 cum
1106 2014 1332 2057 Berneggero
1369 2017 1404 2048 et
1434 2012 1699 2048 Hebenstreitio
1738 2011 1782 2047 de
1820 2011 1968 2047 edendis

174 2078 324 2116 Tabulis
350 2076 609 2122 Rndolphinis,
646 2085 688 2110 ea
712 2075 880 2118 leguntur
904 2072 974 2107 vol.
1002 2072 1061 2106 VI.
1087 2082 1120 2115 p.
1148 2071 1214 2106 617
1248 2076 1283 2105 et
1309 2072 1387 2106 638.
1438 2071 1631 2106 Praeterea
1662 2070 1857 2115 disputavit
1890 2081 1970 2105 cum

178 2138 336 2181 Crugero
362 2136 406 2172 de
434 2136 605 2181 Epitome
630 2132 881 2169 Astronomiae
907 2129 1173 2174 Copernicanae
1200 2133 1235 2163 et
1260 2128 1303 2164 de
1328 2130 1475 2164 cometis
1505 2129 1688 2164 mensibus
1712 2128 1909 2164 Februario
1935 2133 1971 2164 et

174 2195 377 2240 Septembri
396 2194 476 2240 (cfr.
493 2194 562 2229 vol.
581 2193 642 2228 VI.
661 2204 696 2236 p.
716 2191 759 2226 33
779 2201 827 2227 ss.
845 2194 880 2223 et
897 2188 966 2223 vol.
985 2188 1066 2222 VII.
1084 2199 1118 2231 p.
1142 2189 1181 2222 16
1202 2187 1278 2230 ss).
1316 2188 1518 2222 Correctam
1537 2188 1636 2232 (Jan.
1652 2188 1757 2231 1625)
1776 2187 1823 2222 W
1834 2187 1968 2222 allen-

178 2253 315 2290 stenii
341 2253 567 2288 nativitatem
594 2249 819 2286 exhibuimus
846 2256 956 2292 supra
981 2258 1015 2290 p.
1041 2245 1119 2279 343.
1147 2266 1188 2268 -—

316 2312 465 2347 Codices
490 2310 752 2346 Pulkovienses
778 2305 875 2341 haud
900 2315 1017 2349 pauca
1043 2303 1214 2338 exhibent
1239 2303 1358 2338 studia
1376 2304 1535 2349 Kepleri,
1564 2315 1654 2349 quae
1681 2305 1725 2340 ad
1751 2316 1969 2350 praeparan-

179 2370 261 2406 dam
285 2369 478 2404 editionem
495 2367 714 2403 Tabularum
730 2364 1043 2408 Rudolpliinarum
1060 2362 1251 2407 pertinent,
1276 2363 1467 2408 adscriptis
1494 2364 1550 2398 his
1570 2365 1713 2400 diebus:
1740 2365 1797 2399 die
1814 2366 1870 2401 27.
1889 2366 1969 2401 Jan.

180 2433 217 2463 et
242 2429 278 2464 4.
301 2427 434 2462 Martio
461 2426 636 2461 correctio
665 2429 827 2460 motuum
851 2424 970 2466 Jovis,
1004 2423 1056 2456 13.
1081 2422 1181 2456 Junii
1212 2423 1386 2458 correctio
1419 2427 1579 2458 motuum
1605 2424 1775 2469 Veneris3
1809 2424 1863 2460 20.
1890 2425 1970 2458 Jan.

182 2487 262 2529 „Ex
288 2485 435 2532 epochis
456 2485 549 2519 Solis
574 2488 611 2519 et
635 2483 800 2527 fixarum,
827 2482 872 2518 ad
897 2481 1120 2516 novilunium
1145 2481 1335 2515 creationis
1360 2491 1482 2515 verum
1508 2482 1799 2526 accommodatis,
1827 2494 1972 2527 compu-

179 2545 269 2580 tatio
305 2543 570 2588 conjunctionis
595 2541 695 2576 Jovis
730 2552 811 2576 cum
836 2539 1005 2584 Asello“‚
1040 2539 1222 2574 conclusio
1248 2540 1280 2574 5.
1307 2539 1444 2574 Martii:
1483 2540 1613 2585 „igitur
1644 2551 1708 2585 per
1732 2540 1969 2576 Ptolemaicas

179 2602 450 2638 observationes
475 2600 572 2635 venit
596 2599 641 2643 24-
665 2599 702 2634 in
726 2599 766 2634 7⁰
791 2600 822 2634 3¹
848 2599 915 2634 21¹⁴
937 2601 988 2642 z,
1014 2608 1079 2642 per
1102 2598 1359 2643 Dionysianam
1383 2598 1420 2632 in
1437 2600 1477 2634 50
1502 2599 1557 2634 30¹
1581 2602 1631 2643 Z,
1659 2599 1834 2643 siqnidem
1860 2599 1968 2643 aphe-

179 2661 266 2696 lium
288 2660 497 2695 Ptolemaeo
521 2658 673 2694 liberum
705 2657 995 2703 permittamus“;
1030 2656 1085 2691 18.
1109 2656 1209 2690 Junii
1241 2661 1390 2692 annotat
1420 2657 1465 2691 ad
1498 2656 1764 2692 observationes
1791 2657 1968 2692 Waltheri

316 2787 348 2833 *)
374 2791 437 2822 Res
462 2790 530 2821 illis
555 2790 762 2831 temporibus
793 2791 902 2827 gestas
934 2788 986 2818 his
1019 2786 1284 2828 complectimur:
1322 2789 1356 2820 8.
1382 2788 1465 2820 Nov.
1494 2788 1584 2819 1620
1615 2796 1728 2827 pugna
1757 2787 1798 2817 ad
1824 2790 1967 2818 montem

182 2838 316 2873 album;
351 2838 529 2868 Februario
556 2838 644 2868 1621
671 2837 795 2875 Pragae
821 2836 927 2876 capite
951 2835 1063 2875 puniti
1087 2835 1129 2866 27
1158 2835 1286 2864 nobiles
1313 2838 1344 2864 et
1376 2836 1462 2865 cives
1488 2834 1641 2875 Bohemi,
1674 2835 1760 2864 inter
1785 2843 1867 2874 quos
1893 2835 1967 2865 Jes-

184 2885 305 2924 senius,
329 2887 435 2914 rector
459 2884 650 2915 academiae
674 2883 861 2921 Pragensis,
887 2882 1029 2922 Keplero
1055 2882 1156 2911 veteri
1182 2882 1331 2911 amicitia
1353 2884 1503 2920 junctus:
1532 2882 1620 2912 1622
1646 2889 1779 2921 pugnae
1805 2880 1844 2910 ad
1863 2881 1967 2911 Wies-

182 2931 268 2971 loch,
293 2930 498 2971 Wimpinam
523 2933 555 2961 et
579 2931 770 2969 Hoecstam,
802 2928 934 2959 Elector
958 2927 1129 2958 Palatinus
1154 2928 1341 2958 Fridcricus
1374 2929 1553 2958 exercitum
1585 2927 1725 2961 dimisit;
1760 2928 1860 2959 1623.
1889 2937 1968 2958 con-

185 2979 300 3007 ventus
325 2977 515 3017 principum
540 2977 757 3013 Ratisbonae,
793 2974 962 3006 Friderico
990 2973 1122 3004 aboleta
1156 2974 1297 3012 dignitas
1331 2973 1526 3010 electoralis,
1563 2983 1614 3003 res
1648 2976 1757 3010 gestae
1782 2973 1968 3012 Mansffldi,

186 3020 300 3098 {yngs
325 3023 408 3100 ragis
424 3022 555 3054 Daniae
573 3026 605 3054 et
622 3021 865 3063 Hungarorum,
892 3019 1149 3051 Wallenstenius
1175 3022 1217 3051 ab
1244 3021 1439 3062 imperatore
1458 3019 1667 3051 Ferdinando
1695 3019 1760 3049 dux
1779 3021 1968 3052 nominatus

217 3076 262 3098 rie
300 3077 342 3099 an
368 3069 432 3103 iae.
