2126 3388
242 180 327 224 974
793 195 797 200 ·
873 179 956 215 Vita
980 179 1130 214 Joannis
1156 179 1314 224 Kepleri.

239 300 342 338 lerus
373 310 412 336 se
444 297 603 346 praebet
644 295 874 345 discipulum
912 302 1155 346 pergratum,
1201 296 1413 335 studiorum
1457 300 1494 334 et
1533 295 1719 334 auxilium
1751 300 1790 333 et
1821 295 2024 334 consilium

243 361 508 407 quaerentem,
548 353 616 391 sed
657 359 794 402 postea
836 365 991 403 prorsus
1033 367 1093 394 res
1136 361 1226 393 sunt
1267 358 1536 394 commutatae.
1597 353 1725 391 Etiam
1756 358 1836 390 tum
1867 353 2023 402 quidem

242 425 390 462 semper
421 423 550 449 eorum
582 423 728 449 memor
760 417 835 459 est,
871 423 970 460 quae
1003 412 1204 462 Tubingae
1237 425 1260 450 a
1291 412 1498 450 Maestlino
1530 413 1740 462 perceperit
1771 416 1808 449 et
1840 410 2023 457 didicerit,

241 483 363 520 neque
396 481 564 518 unquam
604 471 641 505 in
681 469 854 518 epistolis
889 470 1125 520 „discipulus
1163 467 1430 519 gratissimus“
1472 470 1710 507 subscribere
1750 468 1910 517 desinit;
1955 469 2024 506 sed

242 535 445 579 postquam
478 528 514 562 111
547 529 783 565 astronomia
814 529 982 565 maxima
1015 528 1082 566 illa
1112 530 1271 567 inventa
1301 529 1470 577 aperuit,
1502 527 1812 565 multoliberius
1843 538 1883 564 se
1914 528 2023 575 gerit,

241 590 321 635 ipse
353 586 479 635 potius
511 586 734 633 magistrum
766 586 857 634 agit,
893 590 930 622 et
962 587 1079 624 veteri
1113 591 1149 623 et
1175 586 1416 635 praeceptori
1447 590 1484 623 et
1516 587 1639 623 amico
1670 584 1861 635 explicare
1883 584 2023 631 studet,

241 654 340 693 quae
374 655 418 679 ex
451 643 530 679 suis
562 644 728 680 inventis
760 644 797 679 in
821 645 1055 681 astronomia
1077 650 1206 681 essent
1241 643 1439 682 mutanda.
1484 642 1592 691 Quae
1627 643 1898 680 conversiones
1920 641 2023 679 haud

241 713 325 738 raro
359 700 525 747 majores
558 706 595 737 et
626 700 858 738 difficiliores
891 708 1007 749 erant,
1042 714 1156 750 quam
1190 713 1289 750 quae
1324 703 1416 748 viro,
1450 703 1510 738 cui
1542 702 1778 738 astronomia
1807 700 1881 737 11110
1902 711 2024 748 usquc

240 759 342 797 culta
375 764 476 795 esset
508 759 722 796 inveterata
754 765 790 796 ct
823 761 974 808 penitus
1007 761 1140 805 insita,
1183 761 1277 796 satis
1320 764 1504 808 paterent.
1566 758 1661 795 Post
1691 758 1903 807 longiorem
1936 760 2024 805 qui-

239 818 324 856 dem
362 816 551 853 scribendi
588 817 906 854 intermissionem
939 817 1171 855 Maestlinus
1216 818 1254 853 in
1295 817 1463 867 epistola
1504 828 1604 853 311110
1646 819 1753 854 1605
1795 815 1886 852 data
1927 816 2024 852 113110

241 886 349 912 suam
382 873 656 922 negligentiam
691 886 878 912 excusans
910 876 1071 925 scripsit,
1105 874 1313 924 Keplerum
1350 875 1611 926 „sublimiora,
1645 886 1761 923 quam
1793 875 1932 922 quibus
1965 875 2025 910 in-

239 934 392 981 genium
434 938 470 969 et
502 931 665 969 eruditio
703 944 788 970 mea
821 933 1042 970 satisfacere
1077 930 1230 970 valeat“
1275 935 1527 981 quaesivisse.
1590 932 1638 969 Et
1669 934 1706 969 in
1739 931 1815 969 alia
1847 931 2022 981 epistola,

240 1002 325 1028 cum
348 988 538 1039 Keplerus
570 1001 610 1026 se
644 990 689 1027 de
722 992 957 1028 astronomia
989 991 1254 1039 Copernicana
1283 990 1421 1028 librum
1454 1002 1537 1028 esse
1569 989 1760 1027 editurum
1790 991 2023 1036 nunciasset,

240 1049 335 1086 haec
366 1047 562 1097 respondit
592 1047 841 1085 Maestlinus:
879 1054 1016 1096 „caute
1049 1048 1239 1097 agendum
1272 1054 1385 1097 put0;
1432 1049 1477 1086 de
1510 1048 1620 1085 Luna
1652 1060 1750 1097 quae
1782 1048 1916 1085 scribis
1947 1058 2024 1085 non

239 1106 352 1156 plane
385 1104 576 1153 intelligo,
620 1107 797 1143 existimo
837 1112 987 1152 autem,
1033 1107 1092 1143 liic
1123 1119 1146 1144 a
1178 1108 1304 1143 causis
1342 1106 1512 1156 physicis
1551 1106 1822 1143 abstinendum
1865 1116 1949 1143 esse
1987 1110 2025 1142 et

240 1165 499 1202 astronomica
530 1165 797 1211 astronomice,
831 1176 897 1213 per
928 1176 1065 1202 causas
1097 1170 1135 1201 et
1155 1164 1390 1213 hypotheses
1412 1165 1701 1210 astronomicas,
1734 1165 1809 1201 11011
1831 1163 2023 1213 physicas,

240 1234 324 1259 esse
357 1220 569 1258 tractanda.
613 1221 795 1259 Calculus
829 1223 928 1259 enim
961 1221 1209 1259 fundamenta
1241 1224 1498 1259 astronomica
1529 1233 1574 1259 ex
1605 1223 1818 1271 geometria
1841 1227 1878 1259 et
1902 1221 2024 1258 arith-

240 1281 380 1317 metica
409 1278 602 1329 postulat,
647 1291 721 1317 non
756 1280 996 1328 conjecturas
1034 1279 1236 1329 physicas,
1278 1291 1378 1329 quae
1418 1280 1598 1318 lectorem
1638 1281 1761 1329 magis
1802 1279 2025 1328 perturbant

240 1349 356 1386 quam
388 1334 630 1376 insorrnant.“
695 1338 799 1375 Idem
840 1337 1091 1386 logarithmos
1123 1337 1171 1375 ad
1204 1339 1314 1375 11511111
1347 1338 1549 1375 transferre
1590 1343 1810 1375 constanter
1852 1342 2024 1375 recusat:

243 1395 466 1447 „indignum
501 1396 601 1431 enim
633 1395 906 1433 mathematico
937 1395 1080 1444 judico,
1113 1397 1180 1432 niti
1215 1396 1619 1443 demonstrationibus,
1652 1408 1748 1445 quas
1780 1398 1860 1445 ipse
1892 1396 2024 1433 nescit.

238 1454 336 1491 Nam
368 1452 524 1490 dubium
557 1464 705 1503 semper
737 1465 821 1491 esse
853 1465 1010 1491 necesse
1033 1460 1100 1500 est,
1134 1465 1225 1490 num
1246 1454 1428 1499 calculus,
1462 1455 1527 1503 qui
1551 1453 1676 1491 decies
1698 1453 1759 1491 vel
1783 1454 1927 1491 centies
1949 1463 2023 1490 non

238 1511 382 1557 fefellit,
416 1512 531 1549 etiam
563 1521 639 1548 non
670 1511 879 1560 aliquando
903 1511 1130 1561 decepturus
1162 1509 1251 1550 sit“.
1291 1511 1448 1561 Kepleri
1479 1512 1797 1561 logarithmorum
1820 1511 2025 1561 explicatio

239 1569 316 1607 vol.
348 1568 421 1606 111.
453 1581 489 1618 p.
520 1573 599 1607 676
634 1572 846 1619 praemissa
879 1574 956 1617 est,
991 1570 1151 1618 ejusque
1184 1570 1278 1608 11300
1316 1576 1404 1607 511111
1438 1571 1555 1608 verba
1587 1575 1778 1607 extrema:
1827 1568 1925 1617 „hac
1957 1568 2026 1607 de—

240 1628 516 1665 monstratione
550 1632 728 1677 perccpta
760 1639 835 1665 non
870 1635 927 1665 est
958 1633 999 1664 ut
1021 1628 1186 1677 amplius
1210 1628 1361 1665 dubites
1390 1628 1774 1678 circaylogarithmos,
1807 1639 1897 1664 nam
1919 1628 2023 1677 optio

236 1686 306 1723 tibi
339 1685 451 1722 datur
486 1685 625 1722 veihis
658 1687 712 1722 uti
736 1685 926 1733 addendo,
962 1686 1021 1723 vel
1053 1697 1120 1736 pro
1153 1687 1199 1722 iis
1231 1686 1486 1736 multiplicare
1509 1687 1614 1723 sinus
1637 1687 1843 1733 arcuum“3
1876 1685 2025 1722 Maest-

236 1743 403 1780 linianas
435 1749 563 1780 autem
596 1743 641 1780 de
674 1744 754 1780 suis
786 1744 1017 1792 conjecturis
1049 1745 1316 1782 astronomicis
1350 1744 1611 1782 dubitationes
1643 1745 1680 1780 in
1713 1744 1879 1794 epistola
1911 1743 2025 1781 resel—

236 1801 314 1840 lere
347 1800 487 1848 studet,
521 1813 619 1850 quae
650 1801 791 1849 legitur
823 1801 896 1840 vol.
930 1801 998 1839 VI.
1032 1814 1066 1851 p.
1104 1806 1168 1839 16.

379 1859 437 1896 Ex
477 1858 632 1908 Kepleri
676 1859 849 1908 epistolis
881 1860 929 1897 ab
961 1871 1061 1897 anno
1099 1863 1377 1898 1595—1597
1421 1859 1469 1897 ad
1509 1859 1758 1898 Maestlinum
1801 1860 1946 1906 missis,
1986 1859 2023 1896 in

237 1916 377 1966 quibus
409 1918 581 1966 inprimis
613 1917 659 1955 de
683 1917 893 1954 Prodromo
925 1919 1063 1966 agitur,
1096 1918 1191 1955 11300
1223 1917 1325 1956 dicta
1357 1919 1438 1955 viro
1471 1919 1623 1968 propria
1644 1918 1755 1955 nobis
1787 1916 2027 1967 excerpenda

238 1974 426 2012 videntur.
487 1975 649 2012 Ineunte
681 1973 840 2012 Octobri
877 1987 1006 2013 mense
1039 1988 1074 2014 a.
1111 1978 1232 2015 1595.
1265 1975 1470 2025 Keplerus,
1509 1977 1693 2024 magistro
1725 1976 1845 2013 libelli
1876 1987 2026 2012 summa

238 2033 420 2070 brevibus
452 2035 638 2082 exposita,
672 2033 803 2070 literas
836 2033 895 2070 his
928 2034 1056 2071 verbis
1088 2034 1188 2071 finit:
1233 2034 1362 2086 „Ego,
1398 2036 1539 2083 optime
1570 2039 1807 2084 praeceptor,
1841 2044 2024 2083 proper03

238 2102 315 2127 non
358 2103 445 2129 meo
479 2091 694 2129 commodo.
755 2090 854 2128 Nam
886 2091 982 2129 haec
1022 2092 1085 2129 ubi
1120 2092 1302 2141 evulgata
1339 2092 1497 2138 suerint,
1542 2092 1606 2128 alii
1651 2092 1780 2129 forsan
1822 2091 1932 2141 plura
1964 2092 2024 2126 in-

239 2149 418 2195 venient,
452 2160 552 2198 quae
583 2149 676 2186 1111111
708 2151 919 2198 potuissem
951 2161 1160 2188 reservare.
1221 2150 1298 2188 Sed
1328 2161 1460 2187 sumus
1493 2161 1624 2187 omnes
1659 2150 1711 2199 (et
1743 2161 1815 2198 ego
1848 2160 2024 2199 praeser-

241 2207 324 2256 tim)
357 2205 550 2257 ἐφημεροι.
612 2207 694 2256 Ego
729 2218 818 2244 vero
852 2207 1001 2255 studeo,
1034 2214 1076 2245 ut
1106 2207 1203 2245 haec
1236 2208 1284 2246 ad
1317 2208 1389 2245 Dei
1421 2208 1603 2255 gloriam,
1637 2208 1702 2255 qui
1734 2207 1815 2244 vult
1849 2219 1893 2244 ex
1925 2207 2024 2244 libro

245 2270 403 2302 naturae
435 2266 612 2313 agnosci,
646 2276 760 2313 quam
793 2267 1013 2303 maturrime
1047 2266 1268 2314 vulgentur-3
1311 2277 1387 2314 quo
1419 2266 1505 2315 plus
1539 2265 1603 2302 alii
1637 2264 1724 2301 inde
1757 2266 2025 2311 exstruxerint,

244 2323 317 2360 1100
349 2324 470 2371 magis
501 2322 692 2371 gaudebo,
724 2323 818 2360 nulli
852 2323 1045 2361 invidebO.
1099 2324 1164 2361 Sic
1195 2325 1286 2361 vovi
1319 2324 1414 2370 Deo,
1446 2325 1502 2361 sic
1533 2328 1608 2360 stat
1640 2324 1841 2362 sententia.
1893 2322 2025 2359 Theo-

243 2380 355 2429 logus
387 2392 471 2418 esse
505 2380 701 2428 volebam,
736 2380 799 2418 diu
832 2382 1022 2429 angebar:
1058 2381 1163 2419 Deus
1195 2392 1282 2419 ecce
1314 2393 1399 2419 mea
1422 2392 1537 2430 opera
1570 2383 1683 2418 etiam
1716 2382 1752 2416 in
1787 2382 2023 2417 astronomia

244 2438 467 2477 celebratur.
529 2437 630 2486 Quin
662 2438 815 2476 tandem
851 2451 934 2476 cum
956 2439 1072 2476 Petro
1105 2441 1289 2476 attonitus
1323 2451 1500 2489 erumpo:
1534 2440 1597 2476 abi
1629 2451 1652 2476 a
1682 2451 1753 2486 me,
1787 2440 1877 2488 quia
1909 2438 2024 2476 homo

240 2501 419 2546 peccator
450 2508 548 2534 sum.
608 2496 648 2534 Si
681 2508 862 2545 unquam,
899 2497 959 2533 vel
992 2496 1053 2535 hic
1085 2497 1212 2543 etiam,
1247 2497 1292 2534 de
1324 2496 1518 2548 industria
1544 2497 1753 2534 voluissem
1785 2508 1868 2534 esse
1899 2503 2026 2534 astro-

239 2565 387 2601 nomus,
421 2556 451 2592 si
484 2565 559 2591 non
591 2555 721 2591 omnia
752 2553 1018 2592 delectationis
1050 2566 1167 2592 causa
1196 2556 1471 2604 suscepissem,
1505 2557 1630 2592 minus
1662 2556 1855 2592 111113101.44
1910 2554 2023 2591 Edito

239 2611 393 2650 tandem
427 2624 542 2662 opere
563 2612 755 2662 Keplerus
788 2614 975 2650 maximas
1008 2613 1139 2649 auxilii
1173 2614 1317 2661 gratias
1341 2613 1547 2653 Maestlino
1581 2625 1698 2662 agens
1729 2613 1880 2662 scripsit
1908 2612 2021 2649 haec:

244 2670 345 2717 „Cur
385 2682 510 2708 meum
554 2669 677 2707 dicam
720 2671 965 2720 opusculum,
1007 2682 1124 2708 causa
1164 2672 1326 2708 obscura
1358 2676 1395 2708 et
1427 2671 1550 2708 tenuis
1591 2676 1662 2710 est.
1722 2670 1785 2707 Illi
1817 2671 1915 2707 enim
1950 2680 2021 2717 ego

241 2727 390 2765 Semele
421 2728 486 2775 fui,
521 2733 560 2764 tu
592 2727 756 2777 Jupiter.
809 2728 887 2765 Aut
918 2730 949 2765 si
982 2728 1093 2766 malis
1114 2728 1313 2766 Minervae
1347 2728 1441 2765 illud
1474 2740 1694 2778 comparare
1727 2739 1841 2777 quam
1862 2727 2021 2764 Libero:

241 2785 394 2834 Jupiter
427 2797 498 2835 ego
540 2787 665 2834 capite
698 2785 792 2822 illud
834 2787 1004 2835 gestavi,
1049 2785 1115 2824 sed
1147 2788 1220 2823 nisi
1252 2792 1291 2823 tu
1324 2787 1523 2824 Vulcanus
1564 2798 1647 2824 cum
1690 2786 1846 2835 bipenni
1886 2784 2022 2821 fuisses

244 2844 525 2889 obstetricatus‚
559 2855 754 2892 nunquam
780 2855 851 2892 ego
873 2846 1106 2892 peperissem
1112 2872 1251 2881 .....
1315 2843 1427 2891 Quod
1450 2844 1603 2881 tandem
1631 2842 1839 2892 aliquando
1863 2841 2022 2890 elephas

240 2912 346 2938 meus
379 2902 538 2950 peperit,
561 2901 645 2939 Deo
679 2901 818 2939 devote
850 2904 994 2950 gratias
1016 2913 1102 2950 ago.
1147 2902 1258 2939 Faxit
1290 2903 1332 2948 is,
1368 2907 1408 2939 ut
1440 2902 1541 2951 quod
1575 2914 1646 2950 ego
1679 2900 1831 2950 publice
1863 2911 2020 2948 quaero,

244 2960 386 3006 passim
419 2958 522 3008 apud
554 2970 669 2996 sanos
703 2964 739 2996 et
772 2962 927 3008 copiose
959 2965 1143 3008 sequatur
1174 2971 1218 2997 cx
1248 2959 1529 3007 jucundissima
1561 2959 1842 3008 speculatione:
1877 2958 2023 2995 scilicet

243 3021 283 3051 ut
313 3016 407 3053 fides
452 3017 497 3053 de
531 3027 653 3053 rerum
701 3018 895 3054 creatione
929 3017 1001 3054 1100
1032 3022 1189 3055 externo
1230 3017 1461 3054 adminiculo
1495 3017 1757 3061 confirmetur,
1802 3015 2022 3053 conditricis
2082 3056 2083 3059 Ἰ

243 3075 378 3110 mentis
426 3079 562 3110 natura
611 3079 866 3122 cognoscatur
915 3075 1116 3123 majorque
1166 3076 1276 3112 nobis
1319 3075 1492 3123 quotidie
1538 3075 1604 3112 fiat
1647 3073 1876 3111 inexhausta
1918 3073 2020 3111 illius

243 3129 472 3179 sapientia.“
516 3131 560 3167 In
591 3133 714 3179 priore
746 3132 910 3181 epistola
933 3144 1018 3171 011111
1038 3132 1230 3182 Keplerus
1262 3132 1307 3170 de
1330 3133 1508 3171 editionis
1530 3142 1635 3169 mora
1657 3135 1695 3170 et
1715 3132 1898 3181 impensis
1920 3132 2020 3170 vires
2079 3182 2080 3195 χ

2093 2533 2095 2543 1

2093 2559 2095 2575 l
