2157 3398
230 161 315 204 614
641 154 877 192 Summarium
902 151 1084 188 Historiae
1109 149 1358 186 Astronomiae
1384 148 1505 185 seculo
1530 149 1625 186 XVI.

235 277 443 322 quiescente
473 276 509 310 in
545 273 660 309 medio
693 271 849 307 universi
875 271 958 306 Sole
983 271 1066 314 (non
1099 268 1345 313 considerato,
1383 278 1427 302 an
1453 268 1489 301 in
1514 267 1583 301 hac
1616 265 1791 309 sphaerae
1816 262 1949 306 reales,
1981 264 2021 297 ut

231 335 449 380 Copernicus
476 332 670 368 secundum
695 330 756 364 diu
781 335 961 373 receptam
988 327 1193 373 opinionem
1219 327 1373 362 sensisse
1397 327 1550 367 videtur,
1575 335 1620 359 an
1638 324 1767 359 saltem
1791 322 2022 366 imaginariae

232 392 598 438 praesupponantur),
623 399 687 432 pro
713 391 793 422 rata
818 387 1080 430 admiserimus,
1107 396 1170 420 seu
1194 385 1338 421 tandem
1364 384 1560 420 secundum
1585 386 1744 417 nostram
1769 381 2022 426 hypothesium

235 451 443 487 coelestium
471 447 768 487 distributionem,
797 455 889 490 quae
915 444 1051 479 orbium
1076 443 1278 478 realitatem
1304 443 1555 488 epicyclosque
1573 440 1668 475 tollit
1685 440 1903 483 Terramque
1921 438 2023 472 nihil-

233 509 371 544 ominus
398 508 432 541 in
459 510 582 540 centro
608 504 765 538 universi
790 503 975 548 quiescere
1000 501 1208 546 permittit“.
1261 501 1384 546 Tycho
1410 501 1503 535 hanc
1536 509 1643 543 quam
1669 498 1754 532 dicit
1787 508 1889 532 suam
1911 497 2023 540 hypo-

233 566 387 601 thesium
415 562 623 599 coelestium
650 561 933 596 distributionem
952 561 987 594 in
1007 559 1364 603 Progymnasmatum
1390 563 1492 602 parte
1512 558 1637 602 prima,
1663 566 1707 590 ex
1732 566 1802 599 qua
1826 554 2024 599 praemissa

236 623 487 662 desumsimus,
513 622 557 656 ad
586 621 731 655 Saturni
757 624 895 654 tantum
920 622 1037 653 motus
1064 617 1240 662 applicat,
1276 616 1446 660 ablegans
1474 615 1618 660 saepius
1643 614 1798 648 lectores
1823 613 1869 647 ad
1893 612 2025 647 librum

237 684 506 726 „sequentem‘⁴⁷
533 679 575 713 dc
602 678 761 721 cometis,
787 677 823 712 in
849 687 918 720 quo
945 676 1186 710 astronomiae
1212 674 1368 709 cultores
1398 673 1677 718 „generaliorem
1704 671 1883 716 quandam
1909 668 2024 713 expli-

235 740 431 775 cationem“
463 736 744 786 deprehendant.
795 736 896 769 Hanc
922 733 1174 778 proposuimus
1201 733 1268 767 vol.
1287 732 1367 767 VII.
1396 744 1431 776 p.
1451 733 1541 776 285,
1567 731 1629 765 ubi
1656 729 1903 774 deprehendes
1932 727 2026 773 „ple-

238 798 375 832 niorem
401 795 696 840 explicationem‘*
726 793 876 836 differri:
912 793 949 826 in
973 792 1042 826 fine
1069 791 1175 826 etiam
1201 792 1293 834 libri,
1320 791 1365 825 ad
1391 801 1495 833 quem
1521 790 1693 824 lectorem
1719 787 1865 830 ablegat
1890 786 2025 830 Tycho,

238 856 328 889 haec
354 852 546 898 explicatio
573 852 800 886 desideratur
824 861 939 894 neque
966 849 1052 883 alibi
1077 849 1255 884 invenitur
1280 849 1371 883 inter
1397 847 1578 892 Tychonis
1605 846 1751 890 scripta.
1801 845 1841 879 In
1868 843 2026 889 epistolis

233 913 279 947 ad
305 913 365 946 Ro
378 911 464 946 thm
475 921 641 953 annum,
670 914 855 944 strenuum
875 907 1060 951 Copernici
1078 907 1313 949 defensorem,
1340 906 1483 949 saepius
1502 905 1545 939 ad
1564 904 1662 939 illam
1689 914 1790 938 suam
1808 902 2027 947 hypothesin

236 962 346 1015 redit,
373 970 502 1014 quibus
529 969 772 1013 Copernicana
796 968 888 1002 ratio
914 967 1054 1001 laboret
1080 965 1278 1007 erroribus,
1312 963 1440 1007 quibus
1468 973 1534 997 sua
1558 967 1718 1006 praestet
1750 961 1942 996 virtutibus
1968 960 2027 994 de-

235 1033 428 1069 monstrat,
461 1027 589 1061 iterum
619 1027 818 1070 iterumque
843 1025 1039 1068 respiciens
1064 1023 1109 1057 ad
1134 1022 1348 1067 locupletius
1381 1032 1490 1066 opus=
1524 1021 1620 1064 quod
1644 1030 1826 1064 nunquam
1851 1019 1887 1053 in
1911 1018 2027 1053 lucem

238 1086 384 1132 prodiit.
438 1084 710 1127 „Occasionew
737 1084 854 1127 inquit
881 1083 966 1123 „has
992 1082 1149 1116 rationes
1175 1080 1406 1115 construendi
1436 1091 1508 1114 non
1534 1078 1691 1113 desumsi
1717 1089 1762 1113 ex
1786 1077 1936 1113 inversis
1964 1077 2028 1111 Co-

238 1144 459 1188 pernicanis‚
485 1153 607 1178 verum
633 1153 713 1176 cum
739 1141 1068 1175 animadvertissem
1104 1137 1225 1174 subtili
1251 1143 1286 1171 et
1311 1142 1480 1171 accurata
1512 1136 1783 1179 observatione,
1819 1134 2028 1180 praesertim

238 1213 330 1237 anno
355 1204 412 1239 82.
430 1202 564 1242 habita,
592 1202 744 1235 Martem
770 1199 1021 1244 acronychium
1041 1198 1159 1232 Terris
1177 1196 1379 1241 propiorem
1398 1195 1474 1229 fieri
1499 1196 1577 1239 ipso
1604 1194 1698 1238 Sole,
1725 1198 1761 1230 et
1787 1194 1831 1228 ob
1856 1193 1892 1227 id
1909 1193 2029 1227 Ptole-

238 1260 370 1295 maicas
397 1260 457 1294 diu
481 1262 648 1302 receptas
675 1257 894 1302 hypotheses
930 1260 1096 1290 constare
1131 1266 1202 1289 non
1235 1266 1359 1300 posse3
1392 1259 1548 1290 cometas
1584 1254 1731 1299 insuper
1759 1252 1873 1288 motui
1897 1252 2030 1286 Terrae

239 1328 356 1352 annuo
382 1327 453 1351 non
477 1315 578 1350 reddi
604 1314 799 1357 obnoxios,
836 1314 995 1358 quamvis
1031 1313 1128 1348 haud
1153 1314 1189 1347 in
1214 1317 1353 1348 tantum
1390 1313 1540 1356 distent,
1577 1319 1616 1348 ut
1640 1313 1748 1357 plane
1773 1312 1801 1347 is
1828 1312 2030 1354 evanescat,

240 1375 520 1419 Copernicanam
552 1383 695 1418 quoque
726 1371 980 1406 assumtionem
1015 1371 1265 1406 collabefieri“.
1314 1372 1443 1405 Porro:
1483 1372 1583 1410 „Non
1615 1375 1749 1405 temere
1782 1370 1848 1404 has
1873 1369 2031 1403 rationes

240 1432 395 1474 condidi,
421 1433 484 1467 sed
509 1433 627 1476 ipsum
659 1441 716 1465 me
741 1430 880 1465 coelum
914 1430 964 1464 ita
989 1430 1032 1464 de
1059 1439 1096 1463 se
1123 1430 1255 1463 sentire
1282 1429 1437 1464 docuitf⁴
1490 1431 1590 1470 Quae
1616 1429 1724 1472 objici
1755 1428 1873 1462 solent
1900 1428 2030 1471 Coper-

239 1492 319 1526 nico
346 1490 488 1535 repetit,
515 1501 546 1524 e.
573 1501 605 1534 g.
632 1488 788 1532 lapidem
814 1499 834 1521 a
852 1493 949 1522 turre
976 1487 1178 1530 demissum,
1206 1487 1361 1530 spatium
1384 1487 1478 1521 inter
1496 1487 1688 1522 Saturnum
1713 1491 1749 1522 et
1772 1486 1863 1521 fixas
1888 1485 2032 1520 immen-

241 1561 331 1593 sum,
359 1549 505 1592 globum
531 1548 686 1582 ferreum
713 1550 890 1581 tormento
917 1545 1145 1580 bombardico
1171 1555 1295 1579 versus
1322 1545 1495 1579 orientem
1521 1550 1555 1579 et
1582 1555 1748 1580 occasum
1767 1545 1932 1579 emissum
1953 1543 2031 1585 (cfr.

242 1608 313 1642 vol.
342 1608 404 1641 III.
431 1617 467 1650 p.
493 1606 589 1649 462).
639 1604 812 1648 Magnum
837 1603 984 1646 insuper
1009 1613 1089 1637 esse
1114 1608 1365 1647 argumentum
1390 1603 1606 1638 infirmitatis
1637 1603 1875 1638 assertionum
1903 1602 2032 1645 Ceper-

242 1666 460 1709 nicanarum,
487 1663 580 1708 quod
609 1662 894 1697 eccentricitates
913 1661 1041 1695 Martis
1069 1665 1103 1694 et
1123 1661 1271 1695 Veneris
1297 1661 1408 1696 multo
1435 1662 1538 1695 aliter
1563 1672 1601 1696 se
1625 1660 1791 1705 habeant,
1819 1670 1923 1705 quam
1948 1659 2033 1693 illae

241 1724 442 1769 postulent,
476 1722 560 1757 dum
596 1731 680 1766 „per
712 1720 854 1754 minime
891 1719 1017 1754 dubias
1053 1719 1438 1763 exlmrimentationes‘*
1475 1729 1495 1753 a
1526 1720 1696 1765 Tychone
1732 1718 1957 1764 deprehensa
1988 1719 2034 1753 sit

242 1782 369 1817 Martis
401 1781 648 1816 eccentricitas
683 1779 807 1813 eadem
838 1778 931 1822 fere,
964 1787 1070 1821 quam
1095 1777 1325 1811 Ptolemaeus
1358 1777 1410 1810 illi
1435 1777 1649 1820 attribuerit,
1682 1777 1737 1811 vel
1762 1777 1882 1821 potius
1907 1776 2032 1819 maj0r,

242 1850 347 1884 quam
375 1839 593 1883 Copernicus
628 1837 811 1882 aliquanto
846 1836 1018 1869 minorem
1055 1845 1093 1870 se
1119 1834 1346 1869 adinvenisse
1380 1834 1623 1875 affirmaverit.
1676 1835 1750 1876 „De
1782 1834 1912 1878 quibus
1943 1834 2033 1868 alias

239 1899 315 1932 Deo
342 1897 484 1931 volente
518 1897 660 1930 latius}⁶
709 1895 787 1928 Hac
818 1893 935 1928 decies
969 1893 1121 1936 repetita
1153 1893 1391 1936 promissione
1425 1892 1630 1936 Tychonem
1662 1904 1734 1927 non
1770 1892 1913 1926 stetisse
1948 1903 2032 1926 con-

241 1959 333 1997 stat3
375 1965 521 1988 causam
552 1963 623 1987 non
655 1952 921 1986 demonstratae
946 1951 1189 1995 hypotheseos
1217 1951 1444 1996 Tycbonicae
1470 1951 1647 1995 Keplerus
1680 1951 1789 1984 refert
1813 1950 2032 1985 luculentam

243 2012 279 2046 in
307 2011 578 2046 Commentariis
605 2010 648 2044 de
674 2010 830 2044 motibus
857 2010 985 2044 Martis
1013 2009 1099 2053 (vol.
1125 2009 1191 2044 ΙΙΙ.
1218 2021 1254 2053 p.
1278 2007 1394 2055 173),
1429 2009 1576 2044 nimium
1607 2008 1838 2053 complicatos
1872 2009 2033 2053 planeta-

242 2081 321 2104 rum
346 2073 463 2103 motus
490 2070 559 2103 hac
585 2069 725 2103 ratione
749 2068 828 2103 fieri
852 2068 1116 2103 demonstrans.
1151 2068 1245 2101 Num
1263 2067 1386 2111 Tycho
1413 2067 1618 2110 Keplerum,
1646 2076 1689 2100 ex
1718 2066 1955 2108 „Prodromo“
1981 2066 2034 2100 in·

244 2129 385 2172 genium
406 2128 551 2172 juvenis
578 2128 622 2162 ad
649 2128 819 2162 altissima
847 2126 1014 2161 enitentis
1049 2136 1281 2170 cognoscens,
1308 2126 1404 2159 hunc
1428 2125 1465 2159 in
1489 2125 1596 2159 finem
1619 2124 1664 2158 ad
1690 2134 1728 2158 se
1753 2134 1888 2168 suaque
1915 2124 2034 2159 studia

246 2186 485 2227 advocaverit,
513 2189 552 2219 ut
577 2185 752 2219 rationem
779 2194 880 2218 suam
907 2184 950 2218 de
975 2184 1201 2228 planetarum
1226 2183 1380 2217 motibus
1408 2181 1625 2221 emendaret,
1651 2190 1722 2214 non
1740 2192 1805 2224 pro
1825 2186 1922 2216 certo
1940 2181 2034 2215 affir-

242 2253 340 2278 mare
357 2243 481 2286 ausim,
503 2242 565 2276 sed
583 2242 696 2286 ipsius
714 2242 893 2286 Tychonis
913 2241 1020 2276 verba
1039 2242 1110 2276 tale
1130 2241 1214 2284 quid
1233 2241 1434 2284 significare
1452 2239 1628 2283 videntur,
1655 2238 1860 2274 scribentis:
1890 2239 2035 2280 „hortor

245 2307 285 2336 ut
311 2301 374 2335 des
400 2311 554 2345 operam,
582 2305 621 2334 ut
647 2300 760 2334 simile
787 2300 873 2343 quid
899 2299 1030 2334 nostris
1057 2299 1319 2343 hypothesibus
1347 2298 1531 2343 applicare
1565 2298 1704 2342 possis“
1734 2297 1821 2341 (ml.
1849 2298 1876 2332 Ι.
1902 2310 1936 2341 p.
1963 2298 2036 2342 44),

246 2359 338 2394 sicut
363 2360 470 2394 etiam
496 2359 673 2402 Keplerus
699 2357 785 2401 (vol.
813 2359 876 2392 III.
902 2370 939 2402 p.
969 2359 1049 2401 193)
1077 2357 1259 2392 morientis
1286 2357 1466 2401 Tychonis
1501 2357 1610 2391 verba
1635 2356 1755 2398 affert,
1791 2357 1948 2400 petentis
1976 2361 2037 2399 „ut

246 2417 282 2451 in
309 2428 374 2452 sua
400 2417 592 2461 hypothesi
618 2416 736 2450 omnia
762 2416 1080 2451 demonstrarem-9

382 2474 555 2509 Redimus
581 2475 626 2509 ad
645 2474 825 2519 Tychonis
852 2473 962 2507 libros
989 2473 1033 2507 de
1051 2484 1142 2507 nova
1160 2473 1273 2508 stella.
1320 2473 1637 2517 „Magnitudinem,
1664 2472 1784 2507 lumen
1804 2476 1840 2507 et
1857 2473 2032 2508 colorem“

248 2534 375 2569 stellae
402 2533 647 2575 considerans,
674 2531 871 2576 praemittit
896 2531 932 2564 in
958 2531 1079 2565 libello
1105 2531 1214 2574 priori
1241 2531 1417 2574 quaedam
1437 2531 1480 2565 de
1498 2530 1648 2565 fixarum
1669 2531 1925 2575 magnitudine,
1952 2542 2037 2575 qua-

247 2603 326 2626 rum
356 2590 532 2625 maximae
564 2590 645 2634 plus
678 2599 783 2632 quam
814 2590 948 2623 centies
981 2589 1169 2632 quinquies
1201 2590 1346 2623 Terram
1378 2588 1624 2632 magnitudine
1659 2590 1852 2633 excedant3
1896 2589 2037 2624 stellam

249 2659 375 2683 novam
399 2648 499 2682 initio
534 2646 637 2691 „plus
663 2647 820 2681 centenis
853 2647 989 2681 vicibus
1021 2648 1148 2681 molem
1175 2648 1308 2681 Terrae
1341 2648 1574 2683 excessisse“.
1625 2648 1762 2683 Lumen
1796 2649 1922 2684 stellae
1957 2660 2037 2684 esse

250 2717 338 2750 prae
364 2706 492 2741 ceteris
518 2705 703 2749 fulgidum,
735 2709 795 2745 „ut
820 2705 864 2739 ab
891 2705 1071 2749 aliquibus
1097 2705 1133 2739 in
1158 2705 1258 2739 initio
1286 2706 1392 2740 etiam
1413 2706 1520 2750 juxta
1537 2706 1698 2741 meridiei
1715 2712 1856 2751 tempus
1875 2718 2039 2742 nonnun-

252 2776 357 2808 quam
383 2768 622 2800 ce1·ne1·etur“.
666 2764 812 2797 Stellam
838 2763 1051 2798 scintillasse
1077 2767 1117 2796 ut
1140 2763 1296 2807 reliquas
1321 2763 1429 2807 fixas3
1465 2764 1510 2797 ab
1535 2763 1636 2798 initio
1662 2764 1884 2808 albicantem,
1910 2769 2040 2808 postea

252 2822 461 2857 rutilantem
488 2822 710 2866 apparuisse.
745 2822 784 2855 In
809 2822 1138 2866 Progymnasmatis
1164 2822 1324 2866 legimus,
1351 2822 1492 2856 stellam
1517 2833 1644 2857 novam
1669 2823 1769 2857 initio
1787 2822 1912 2857 Jovem
1938 2833 2037 2858 acro-

253 2881 419 2925 nychium
449 2881 577 2915 visibili
603 2881 802 2925 quantitate
828 2890 1033 2924 superasse,
1067 2881 1259 2915 Novembri
1284 2881 1414 2915 Veneri
1447 2890 1640 2925 aequasse,
1676 2881 1863 2915 Decembri
1888 2880 1989 2924 Jovi,
2016 2893 2038 2918 a.

254 2939 425 2973 Januario
442 2939 478 2972 in
494 2939 663 2973 Martium
685 2940 782 2974 1573.
808 2939 916 2983 paulo
934 2939 1106 2973 minorem
1125 2939 1336 2983 apparuisse
1354 2939 1455 2983 Jove,
1473 2943 1601 2983 postea
1619 2939 1731 2973 stellis
1749 2939 1883 2982 primae
1901 2941 2037 2985 magni-

255 2996 400 3036 tudinis,
426 2996 658 3040 sequentibus
683 2996 863 3031 mensibus
890 2997 1003 3032 stellis
1030 2997 1226 3039 secundae,
1258 2996 1355 3031 Julio
1381 3002 1416 3030 et
1440 2999 1602 3041 Augusto
1629 2997 1756 3032 tertiae
1781 2998 2036 3041 magnitudinis

256 3054 457 3098 quantitate
481 3064 603 3097 parem
628 3053 751 3088 fuisse.
801 3055 859 3089 Sic
884 3055 1058 3099 paulatim
1083 3055 1256 3089 minorem
1281 3055 1410 3089 factam
1438 3065 1561 3090 mense
1578 3054 1709 3089 Martio
1736 3054 1819 3088 anni
1840 3055 1928 3090 1574
1954 3066 2036 3090 con-

257 3111 347 3162 spici
370 3110 518 3147 ulterius
542 3120 691 3157 prorsus
717 3112 878 3151 desiisse,
920 3114 975 3149 De
1001 3113 1256 3149 scintillatione
1282 3117 1317 3148 et
1342 3112 1522 3149 coloribus
1548 3112 1672 3149 eadem
1697 3111 1756 3147 hic
1772 3112 1884 3148 refert
1900 3113 2035 3160 Tych0‚
