2126 3388
877 182 979 220 1595.
1745 182 1829 227 687

34 307 164 340 tamen
197 302 375 340 omnibus
413 300 538 340 modis
569 300 664 339 mihi
693 302 908 350 prospicio,
950 313 997 340 110
1029 302 1239 351 imparatus
1270 302 1354 341 sim.
1416 302 1513 341 Peto
1544 303 1660 352 igitur
1691 302 1760 341 abs
1793 307 1830 341 te

34 372 120 398 meo
153 366 412 410 praeceptore,
447 365 489 397 ut
520 361 553 397 si
584 371 662 408 qua
692 361 788 396 inre
812 371 870 396 me
902 360 1148 407 monendum,
1182 358 1409 407 docendum,
1444 360 1708 399 instruendum
1739 372 1830 399 cen-

35 430 134 467 seas,
168 419 207 456 id
238 420 358 469 primo
392 429 547 468 quoque
578 424 750 467 tempore
782 417 915 455 facias.
975 417 1051 455 Pro
1084 429 1160 467 quo
1194 418 1286 467 quid
1325 420 1394 456 tibi
1429 412 1601 457 vicissim
1629 419 1830 457 debiturus

39 478 123 523 sim,
156 476 235 514 noli
268 483 404 527 putare
436 478 548 525 quasi
579 477 705 514 minus
737 476 845 525 pensi
878 475 1056 516 habeam.
1108 476 1248 523 Statui,
1282 478 1313 514 si
1336 478 1519 526 procedat
1539 478 1750 526 negotitim,
1785 489 1831 515 ex

36 533 278 583 lignorecto
311 534 547 583 triangulum
580 534 723 584 duplex
753 535 1028 582 geometricum
1061 545 1146 572 cum
1180 535 1387 572 mobilibus
1419 536 1552 573 forulis
1583 541 1741 583 struere,
1781 540 1830 573 10

36 592 177 642 pedum
209 592 500 643 longitudinem,
537 595 559 630 ὃ
583 592 838 638 altitudinem,
872 604 957 629 cum
988 592 1086 642 pede
1119 592 1334 640 decussato,
1368 599 1409 630 ut
1440 599 1514 632 stet
1545 594 1593 632 ad
1625 593 1830 644 perpendi-

38 651 180 688 culum.
242 651 336 688 Inde
370 653 590 701 promiscue
629 650 724 687 locis
767 652 981 700 111-110οἰ111110
1025 650 1085 687 vel
1128 651 1359 689 meridianas
1403 652 1464 689 vel
1512 653 1831 702 septentrionales

37 709 234 746 stellarum
266 709 363 747 coeli
395 708 649 746 modiationes
682 711 869 757 excipere.
920 707 1068 756 Quodsi
1101 720 1198 757 quas
1233 710 1394 747 haberes
1427 710 1625 748 stellarum
1658 711 1832 749 declina·-

38 768 164 806 tiones
197 774 299 805 certo
333 769 520 815 cognitas,
555 771 684 803 essent
714 767 806 802 milii
840 767 946 813 usui3
980 777 1057 803 11011
1090 768 1189 804 0111111
1222 773 1355 816 potero
1380 768 1522 816 ubique
1553 781 1619 819 per
1644 773 1693 807 12
1717 769 1830 806 horas

39 825 260 864 observare.
325 825 478 875 Duplex
511 824 744 872 triangulum
779 823 912 869 velim,
946 835 993 861 ne
1026 824 1072 861 ad
1107 825 1302 862 meridiem
1336 827 1595 864 convertendo
1628 827 1832 864 difficultas

39 884 88 920 sit
120 884 156 920 in
190 884 343 921 turbato
365 882 661 933 perpendiculo,
695 882 928 927 triangulum
959 893 1036 919 non
1069 883 1335 931 quadrantem,
1372 886 1412 931 1)
1436 890 1475 920 ut
1505 886 1649 934 possim
1681 887 1833 934 quoties

39 953 136 990 opus
170 947 228 978 est
259 941 494 979 destructum
525 951 675 977 mecum
716 946 867 988 portare
910 939 970 976 vel
1012 952 1112 989 equo
1152 941 1313 988 vehere,
1358 942 1398 990 2)
1431 943 1523 990 quia
1562 942 1706 991 lignum
1739 955 1833 981 con-

40 1000 205 1036 stantius
237 1006 296 1036 est
327 1001 364 1035 in
397 998 650 1047 longitudine,
687 999 729 1045 3)
764 1004 805 1034 ut
836 1000 886 1034 sit
917 998 1000 1046 ejus
1032 999 1156 1047 major
1187 1010 1280 1037 usus
1312 1002 1349 1036 in
1381 1000 1648 1038 latitudinibus
1671 1003 1833 1050 quibus-

41 1057 128 1095 dam
161 1057 377 1103 metiendis,
411 1056 585 1094 adhibito
617 1056 798 1093 herculeo
829 1055 972 1104 lapide.
1034 1057 1081 1094 Et
1114 1063 1241 1095 tamen
1274 1057 1390 1096 hodie
1432 1058 1546 1096 modo
1578 1059 1671 1096 mihi
1701 1065 1832 1097 natum

42 1121 100 1153 est
131 1115 205 1153 1100
238 1115 462 1162 consilium,
506 1126 589 1152 cras
628 1115 790 1152 sortasse
832 1114 1064 1163 displicebit.
1130 1115 1409 1164 Longitudines
1454 1130 1500 1155 ex
1532 1119 1734 1166 posteriori
1766 1129 1833 1156 ca-

45 1174 211 1223 piendae
244 1179 355 1211 erunt
387 1186 432 1211 ex
464 1174 614 1210 ratione
645 1173 853 1210 itineraria.
916 1173 1095 1211 Ceterum
1128 1173 1269 1222 vulgus
1301 1176 1548 1212 minutiorum
1570 1187 1756 1225 pagorum
1789 1188 1834 1214 ex

42 1244 201 1270 numero
233 1243 419 1281 passuum
451 1233 487 1267 in
519 1230 648 1280 plano,
683 1243 727 1268 ex
758 1236 967 1280 prospectu
998 1231 1240 1280 fastigiorum
1272 1234 1308 1269 in
1342 1233 1430 1270 altis
1452 1235 1648 1272 montibus
1672 1236 1834 1284 capiam,

42 1295 84 1327 111
123 1290 346 1327 Munsterus
391 1290 514 1327 docet.
586 1289 666 1327 Nec
705 1295 800 1338 puto
843 1291 1100 1327 necessariam
1140 1290 1259 1327 ullam
1300 1291 1347 1329 de
1388 1293 1589 1340 superficie
1633 1292 1835 1341 sphaerica

42 1350 317 1397 cogitationem
349 1349 386 1384 in
419 1349 588 1396 regione,
621 1348 731 1396 cujus
765 1351 823 1385 est
845 1347 1047 1396 longitudo
1074 1352 1138 1394 40,
1171 1348 1337 1387 latitudo
1361 1353 1412 1387 20
1442 1350 1503 1387 vel
1528 1352 1581 1388 30
1603 1351 1836 1389 milliarium.

181 1414 330 1459 Causae,
358 1414 487 1458 quibus
515 1418 633 1448 motus
651 1413 833 1458 Keplerus
860 1414 984 1449 Gratio
1011 1414 1267 1449 discedendum
1295 1425 1374 1450 esse
1401 1416 1557 1460 censuit,
1583 1416 1701 1452 variae
1726 1416 1839 1461 fuisse

41 1472 224 1508 videntur:
251 1472 333 1508 lites
359 1473 395 1507 in
421 1472 573 1517 collegio
607 1472 853 1516 professorum
887 1472 1081 1517 gymnasii,
1116 1477 1235 1507 rector
1261 1473 1412 1517 Regius,
1449 1474 1509 1518 qui
1541 1474 1656 1509 minus
1680 1474 1836 1519 Keplero

41 1530 194 1575 favebat,
221 1531 364 1565 ordines
384 1530 537 1574 denique
556 1530 718 1576 Styriaci,
745 1530 806 1574 qui
830 1530 932 1564 initio
951 1541 1022 1565 non
1041 1534 1300 1574 cognoscentes
1319 1531 1466 1576 Kepleri
1491 1532 1683 1576 ingenium,
1702 1534 1837 1568 mathe-

39 1589 216 1634 maticam,
232 1589 276 1624 ad
294 1600 400 1633 quam
418 1590 656 1634 profitendam
674 1589 773 1624 illum
789 1589 950 1624 Gratium
970 1589 1243 1635 advocaverant,
1258 1590 1357 1634 parvi
1375 1590 1580 1628 habuerunt
1596 1595 1632 1627 et
1649 1591 1728 1636 alia,
1748 1602 1839 1636 quae

41 1648 157 1683 minus
182 1648 376 1693 placebant
393 1648 562 1693 KeplerO,
590 1648 751 1684 docenda
769 1648 836 1692 ipsi
862 1647 1051 1693 injungere
1069 1649 1270 1683 voluerunt.
1312 1649 1414 1684 Duae
1432 1654 1578 1685 exstant
1602 1651 1838 1685 resolutiones

42 1707 218 1750 ordinum,
244 1707 356 1742 altera
375 1707 460 1742 data
478 1707 669 1742 Decembri
689 1706 771 1741 011111
793 1706 891 1749 1595,
918 1705 1031 1741 altera
1049 1707 1222 1741 Januario
1244 1707 1342 1751 1596,
1368 1708 1403 1741 in
1430 1719 1580 1751 quarum
1605 1709 1724 1752 priore
1749 1709 1840 1743 haec

41 1769 249 1800 occurrunt:
281 1765 488 1807 „Nachdem
506 1766 555 1800 M.
575 1765 609 1800 J.
631 1765 765 1809 Kepler
783 1775 905 1808 wegen
924 1765 1022 1800 eines
1047 1765 1196 1809 aufjezt
1222 1766 1463 1810 eingehendes
1491 1767 1547 1802 96.
1566 1765 1632 1802 Jar
1649 1766 1839 1811 gestellten

42 1822 244 1858 Kalenders
264 1823 528 1866 einkhommen‚
556 1833 595 1858 so
614 1823 742 1857 wellen
770 1823 827 1858 die
846 1824 962 1858 Herrn
983 1824 1211 1868 Inspectores
1232 1825 1408 1869 erinnern,
1429 1826 1472 1860 ob
1492 1825 1584 1860 auch
1603 1825 1665 1859 der
1682 1825 1841 1870 Khepler

41 1879 98 1914 die
122 1881 280 1916 Lectura
303 1881 368 1916 wie
394 1881 492 1915 seine
517 1874 729 1917 vor-fordern
754 1881 958 1916 verrichte‘?
1000 1883 1080 1917 Dan
1107 1882 1199 1918 solte
1226 1893 1307 1918 man
1332 1884 1406 1918 ihm
1432 1883 1542 1918 allain
1568 1883 1630 1918 des
1651 1884 1840 1919 Calender-

45 1939 213 1974 machens
239 1939 324 1974 halb
346 1939 479 1983 jarlich
504 1940 584 1975 01110
612 1940 735 1975 0010110
760 1940 967 1985 Bsoldung,
1002 1942 1090 1976 vndt
1117 1942 1226 1976 darzu
1250 1942 1344 1977 noch
1370 1942 1434 1977 auf
1452 1942 1537 1986 jede
1562 1942 1842 1986 Hereingebung

46 1997 197 2032 etlicher
221 1998 419 2042 Exemplar
444 1999 499 2033 ein
527 1999 763 2033 sonderbares
782 2000 898 2034 Extra
916 2000 1077 2044 Deputat
1102 1999 1259 2044 raichen,
1288 2012 1326 2036 so
1352 2001 1430 2036 hies
1457 2012 1495 2036 es
1522 2011 1586 2044 gar
1610 2012 1654 2034 zu
1672 2005 1773 2035 teuer
1789 2011 1842 2035 er-

42 2056 191 2091 kaufft.“
243 2057 471 2093 Praecessori
498 2058 620 2092 Stadio
646 2069 711 2102 pro
740 2058 901 2093 docenda
926 2059 1181 2094 mathematica
1207 2060 1426 2104 adscriptum
1451 2059 1562 2094 fuisse
1588 2058 1757 2093 salarium
1782 2069 1841 2093 an-

45 2126 156 2150 nuum
183 2116 226 2151 32
252 2115 481 2155 florenorum,
508 2121 543 2151 et
569 2121 713 2151 auctum
739 2116 774 2150 in
801 2118 870 2152 2150
895 2116 1064 2162 florenos,
1091 2118 1211 2153 addita
1238 2119 1282 2153 ad
1308 2117 1596 2152 mathematicam
1621 2117 1844 2161 professione

39 2172 131 2215 juris
159 2180 194 2208 01
218 2174 459 2211 historiarum.
505 2175 576 2216 „Es
603 2175 719 2208 solten
746 2179 860 2209 etwan
888 2180 991 2209 vnter
1017 2175 1085 2210 den
1105 2176 1353 2221 Stipendiaten
1374 2176 1459 2212 oder
1484 2176 1657 2222 promotis
1676 2186 1846 2220 praecep-

48 2231 187 2266 toribus
212 2232 424 2267 vorhanden
456 2243 562 2277 seyn,
598 2233 653 2268 die
686 2245 764 2268 zum
791 2233 943 2268 Nottfall
975 2233 1205 2278 dergleichen
1240 2235 1320 2269 vnib
1347 2234 1393 2268 vil
1419 2235 1477 2269 ain
1508 2235 1646 2279 ringers
1672 2244 1735 2277 gar
1759 2243 1847 2277 gern

47 2289 193 2324 wurden
217 2290 380 2326 leisten.“
431 2292 658 2336 Inspectores
686 2291 873 2336 gymnasii,
899 2291 992 2326 inter
1010 2303 1100 2337 quos
1119 2293 1439 2336 Zimmermannus,
1466 2293 1681 2337 praecipuus
1700 2288 1847 2336 Kepleri

48 2346 183 2392 fautor,
209 2358 284 2383 rem
311 2350 389 2394 ejus
416 2355 561 2385 strenue
587 2349 779 2393 gerebant,
815 2349 999 2384 ordinibus
1025 2352 1306 2395 respondentes:
1345 2351 1568 2394 „Bemeldter
1593 2352 1642 2385 M.
1670 2350 1847 2394 Keplerus

45 2406 93 2440 ist
120 2418 183 2441 vor
201 2408 221 2442 2
240 2409 329 2443 ι10111
349 2409 475 2444 hieher
492 2409 605 2444 vocirt
623 2409 779 2453 worden,
808 2409 871 2443 der
889 2409 963 2443 sich
984 2409 1077 2443 auch
1095 2410 1247 2454 anfangs
1266 2409 1482 2454 perorando,
1508 2409 1669 2444 hernach
1688 2407 1846 2443 docendo

47 2465 118 2499 vnd
144 2465 240 2501 daun
266 2467 361 2502 auch
399 2467 616 2512 disputando
654 2467 861 2502 dermassen
895 2467 970 2502 sich
997 2469 1186 2511 erwiesen,
1223 2469 1305 2504 dass
1333 2479 1371 2503 er
1396 2470 1464 2513 bey
1490 2469 1607 2502 0011101·
1631 2468 1766 2511 Jugent
1791 2466 1848 2500 eiu

49 2522 230 2566 gelehrter
253 2526 323 2560 vnd
348 2526 384 2560 in
410 2527 570 2562 moribus
597 2527 652 2560 ein
678 2526 937 2561 beschaidener
963 2526 1031 2561 vnd
1058 2527 1176 2561 dieser
1202 2527 1336 2562 Schuel
1361 2526 1455 2561 albic
1481 2527 1537 2560 ein
1563 2524 1848 2560 wohlanstehen·

51 2580 116 2615 der
133 2581 306 2625 Magister
330 2583 400 2617 vnd
418 2583 616 2618 Professor.
658 2584 739 2624 Wie
765 2586 818 2618 nit
844 2585 915 2618 ohn
940 2584 998 2628 ist,
1027 2585 1109 2620 dass
1137 2596 1175 2619 er
1201 2585 1265 2620 das
1292 2589 1388 2620 erste
1405 2584 1480 2628 Jar,
1507 2585 1572 2618 wie
1596 2583 1686 2617 auch
1704 2581 1848 2616 111.οω-

51 2639 129 2674 dius
156 2640 304 2685 seliger,
341 2641 457 2685 wenig
483 2641 665 2676 auditores
698 2641 849 2686 gehabt,
884 2641 958 2677 diss
985 2643 1076 2677 30111
1100 2642 1187 2677 11010
1221 2642 1368 2686 (scripta
1393 2642 1483 2676 haec
1510 2645 1592 2675 sunt
1625 2650 1716 2674 anno
1745 2639 1847 2682 1595)

51 2699 139 2734 aber
162 2699 310 2733 mehren
336 2698 454 2733 Thaill
480 2710 544 2743 gar
568 2700 674 2733 keine
702 2700 884 2734 auditores
911 2700 1074 2744 gehaben
1100 2705 1245 2744 mogen,
1283 2700 1435 2734 welches
1460 2709 1584 2733 vnsers
1610 2698 1773 2733 Wissens
1799 2697 1852 2731 nit

52 2757 140 2801 Ime,
167 2757 320 2791 sondern
348 2756 461 2791 denen
487 2756 710 2791 auditoribus
737 2757 832 2800 (weil
851 2757 1144 2792 mathematicum
1163 2757 1323 2792 studium
1350 2757 1402 2791 nit
1418 2756 1632 2791 Jedermans
1657 2755 1769 2789 thuen
1786 2755 1848 2800 ist)

53 2827 98 2850 zu
122 2816 325 2860 imputiren.
375 2815 498 2849 Darnit
529 2825 567 2849 er
592 2815 678 2849 aber
704 2816 779 2849 sein
805 2814 1012 2858 Besoldnng
1038 2815 1090 2849 nit
1114 2815 1301 2849 vmbsonst
1334 2814 1514 2853 einncme,
1547 2812 1664 2847 haben
1690 2812 1752 2847 wir
1776 2813 1850 2847 Ime

57 2873 122 2908 auf
143 2873 374 2917 guethaissen
392 2873 435 2907 D.
455 2872 620 2907 Rectoris
639 2873 921 2917 Arithmeticam,
948 2873 1012 2907 wie
1038 2873 1131 2908 auch
1151 2873 1336 2916 Virgilium
1361 2872 1431 2906 vnd
1450 2871 1706 2906 Rhethoricam
1725 2871 1851 2913 (‚,ethi-

58 2934 156 2966 cam“
186 2941 329 2976 quoque
355 2929 554 2975 Keplerum
579 2929 746 2965 docuisse
764 2930 897 2974 Papius
920 2931 1048 2973 Jocans
1074 2929 1208 2973 scribit)
1236 2929 1340 2964 sechs
1367 2928 1475 2963 stund
1501 2928 1537 2962 in
1563 2928 1625 2963 der
1649 2929 1796 2964 wochen
1813 2930 1849 2964 in

60 2990 303 3033 superioribus
332 2989 508 3024 classibus
535 2999 580 3022 zu
607 2987 751 3023 dociren
779 2988 1014 3032 anbevohlen,
1042 2987 1120 3022 dem
1147 2998 1185 3021 er
1210 2987 1303 3022 auch
1329 2987 1591 3031 gehorsamlich
1616 2986 1718 3022 thuet
1744 2987 1850 3035 nach-

59 3046 264 3092 khommen,
289 3047 363 3082 biss
390 3050 505 3081 etwan
531 3046 625 3081 auch
649 3047 686 3080 in
710 3045 971 3081 mathematicis
997 3045 1139 3090 publice
1166 3057 1211 3081 zu
1234 3044 1443 3090 profitieren
1467 3045 1590 3079 mehre
1617 3044 1851 3089 Gelegenhait

58 3104 192 3140 furfelt.
242 3107 351 3141 Ware
377 3106 587 3150 derowegen
615 3115 720 3140 vnser
746 3105 974 3150 guetachten,
1000 3105 1045 3140 E.
1063 3106 1106 3141 G.
1124 3105 1249 3139 hetten
1267 3102 1461 3147 Keplerum
1488 3102 1524 3136 in
1543 3101 1659 3137 seiner
1676 3103 1851 3138 Vocation

58 3164 150 3201 auch
173 3164 253 3201 furo
280 3164 453 3209 erhalten‚
477 3165 552 3200 Ime
577 3165 653 3201 sein
669 3164 935 3208 Jarsbsoldung
961 3164 1024 3201 der
1043 3165 1109 3201 150
1129 3162 1281 3208 Gulden,
1306 3161 1372 3199 wie
1396 3162 1490 3199 auch
1506 3160 1566 3196 fur
1583 3161 1851 3206 Beschreibung
