2126 3388
250 185 334 233 988
398 169 401 173 >
915 186 1000 222 Vita
1022 186 1172 222 Joannis
1196 183 1356 232 Keplert

250 307 383 352 Holpii,
410 307 432 342 l.
458 306 506 350 c.)
552 303 774 342 Molitori
815 302 949 342 eadem
992 304 1131 342 occulti
1164 304 1241 342 odii
1274 315 1409 350 causa,
1455 302 1524 341 sed
1554 306 1776 352 praetextus
1800 302 1898 352 juris
1929 305 2030 341 erat:

251 363 340 400 olim
374 364 487 408 (1586.
518 363 587 397 Cfr.
613 375 649 407 p.
678 364 755 406 673)
789 364 913 410 ipsum
937 367 1054 410 atque
1075 362 1413 400 Wielandium
1443 360 1699 410 prodideram,
1733 372 1804 409 ego
1827 372 1918 399 vero
1939 361 2033 408 ipsis

254 433 354 458 eram
385 418 561 467 supplex,
594 425 636 456 ut
668 425 705 457 et
735 420 1163 468 Ziegelheusero.
1224 419 1470 456 Kollinus
1502 431 1562 457 me
1583 430 1661 456 non
1683 418 1827 463 oderat,
1859 417 1928 456 sed
1960 429 2032 466 ego

252 480 376 526 ipsum
407 477 549 524 potius.
601 477 730 514 Semel
763 479 861 515 enim
893 479 986 515 inita
1017 489 1166 515 mecum
1199 478 1379 523 amicitia,
1413 482 1599 526 perpetuo
1631 487 1779 514 mecum
1814 475 2032 523 contendit3

250 546 320 583 ego
354 533 508 582 quidem
541 535 612 582 ipsi
635 546 832 584 nunquam
855 535 1081 573 malefacere
1103 535 1246 582 studui,
1280 534 1347 571 sed
1370 534 1522 572 oderam
1546 535 1664 583 ipsius
1687 535 2033 571 conversationem.

250 593 377 630 Causa
404 591 513 639 justa
544 592 632 639 fuit,
667 595 757 641 quia
791 594 919 642 quoad
951 594 1129 632 affectum
1160 593 1246 642 plus
1270 604 1386 641 quarn
1418 596 1605 630 amatoria
1636 592 1726 638 suit,
1759 591 1887 640 quoad
1919 602 2036 640 opera

248 662 355 698 pura,
389 648 493 685 nullo
527 653 788 688 contaminata
818 651 980 701 flagitio.
1023 651 1109 688 Non
1142 651 1219 688 alia
1251 662 1335 687 cum
1367 650 1445 688 ullo
1468 652 1590 688 aerior
1611 655 1677 687 aut
1710 649 1922 686 diuturnior
1943 660 2036 685 con-

250 709 382 744 tentio.
446 706 869 746 Braunbaumium
913 721 959 747 ex
990 711 1114 746 amico
1156 709 1251 745 mihi
1288 708 1453 745 reddidit
1484 709 1674 746 insensum
1711 708 1912 756 ipsumque
1944 705 2037 743 mihi

248 767 391 814 pariter
422 776 508 801 mea
538 776 685 803 morum
719 773 756 804 et
786 767 943 805 ludendi
975 767 1148 814 lascivia,
1182 778 1227 804 ex
1251 777 1326 814 quo
1359 771 1442 803 orta
1471 766 1543 803 fuit
1565 767 1753 814 utrimque
1774 765 1918 812 injusta
1949 775 2038 812 per-

248 825 480 869 inutatioff),
514 834 590 871 qua
621 836 698 862 una
728 837 767 863 re
800 825 1133 863 vehementissime
1157 823 1337 863 offendor.
1389 823 1710 862 Huldericum
1742 835 1766 860 a
1796 834 1856 860 me
1888 821 2039 859 abalie-

251 883 360 918 navit
389 881 553 929 primum
586 893 659 919 non
693 889 848 920 servata
877 883 972 921 fides
1005 888 1042 921 et
1073 895 1159 920 mea
1189 883 1383 920 temeritas
1415 884 1451 918 in
1484 881 1763 931 exprobrando.
1805 882 2039 926 (Restitutam

248 951 328 975 cum
361 940 428 975 hoc
459 951 604 985 quoque
638 942 830 976 amicitiam
860 947 1014 977 testatur
1049 942 1217 985 „Elegiae
1253 952 1362 985 supra
1393 953 1429 985 p.
1461 942 1523 977 130
1554 942 1768 986 proposita.)
1829 938 2039 976 Seifferi

250 995 379 1032 odium
412 1001 548 1044 sponte
571 999 736 1046 suscepi,
770 999 861 1045 quia
893 997 1053 1034 oderant
1083 999 1209 1045 ipsum
1241 1000 1279 1034 et
1310 997 1446 1044 reliqui
1488 998 1691 1045 ipsumque
1723 995 1899 1034 lacessivi
1933 995 2040 1033 nulla

247 1059 483 1102 provocatus
525 1054 679 1102 injuria.
755 1054 1070 1104 Ortholphus
1111 1066 1170 1092 me
1213 1054 1346 1091 oderat
1387 1059 1428 1091 ut
1471 1066 1541 1103 ego
1578 1054 1799 1101 Kollinum,
1842 1065 1926 1091 cum
1965 1064 2037 1102 ego

249 1113 374 1160 ipsum
418 1117 550 1149 contra
594 1123 783 1161 amarem3
825 1113 892 1151 sed
932 1112 1135 1162 multiplex
1173 1112 1270 1149 haec
1309 1112 1381 1149 suit
1425 1114 1634 1150 contentio.
1695 1112 1794 1150 Nam
1838 1118 1876 1149 et
1917 1113 2038 1160 ipsius

249 1169 475 1207 aemulabar
507 1169 753 1217 industriam,
798 1176 835 1208 et
861 1171 1050 1220 judicium
1084 1182 1181 1219 pene
1212 1170 1451 1217 invidebam,
1495 1176 1532 1207 et
1570 1169 1867 1208 exardescebam
1909 1175 2039 1208 contra

252 1227 357 1264 illius
389 1227 660 1265 maledicentia
693 1234 731 1266 et
761 1230 1046 1277 suspicacitate.
1080 1250 1131 1256 ——
1167 1226 1379 1266 Universos
1421 1240 1537 1277 saepe
1569 1230 1608 1264 in
1640 1240 1701 1266 me
1733 1229 1923 1266 concitavi
1954 1239 2040 1265 mea

252 1285 377 1334 culpa3
411 1285 654 1334 Adelbergae
677 1286 905 1336 proditione,
936 1287 1194 1336 Mulpronnae
1217 1286 1439 1324 defensione
1462 1285 1649 1333 Graeteri,
1671 1286 1874 1335 Tubingae
1897 1285 2039 1323 silentii

252 1344 423 1381 violenta
453 1345 671 1392 rogatione3
720 1344 1011 1382 Lentlinum
1052 1347 1184 1393 inepta
1216 1345 1441 1393 scriptione,
1485 1344 1946 1393 Spangenbergium
1977 1349 2039 1381 te-

250 1402 414 1439 meraria
445 1403 703 1447 correctione,
739 1414 823 1440 cum
856 1405 888 1440 is
920 1408 1148 1452 praeceptor
1179 1409 1292 1440 esset.
1356 1402 1599 1440 Cleherus
1631 1402 1729 1440 falsa
1761 1407 1942 1451 suscepta
1971 1413 2039 1439 su-

250 1460 421 1508 spicione
461 1471 521 1497 me
554 1465 595 1496 ut
624 1460 785 1498 rivalem
818 1461 975 1508 oderat,
1022 1472 1109 1498 cum
1140 1465 1255 1497 antea
1292 1461 1465 1508 impense
1503 1467 1667 1508 amarat,
1711 1459 1799 1498 inde
1841 1471 2038 1497 accessere

250 1529 336 1556 mea
369 1519 444 1554 oris
476 1517 691 1566 petulantia
723 1524 759 1556 et
792 1519 895 1556 illius
926 1520 1151 1564 morositas,
1195 1517 1296 1556 unde
1327 1520 1483 1567 saepius
1515 1520 1552 1554 in
1592 1530 1652 1556 me
1684 1520 1811 1566 irruit,
1853 1516 2039 1567 colaphos

250 1576 453 1613 intentans.
514 1575 887 1614 Rebstockium
918 1577 1133 1614 stimulavit
1164 1577 1238 1613 mei
1269 1576 1353 1613 laus
1375 1578 1530 1625 ingenii,
1565 1575 1650 1613 dein
1682 1576 1845 1623 levitas,
1878 1577 1969 1624 quia
1999 1577 2038 1612 in

250 1645 375 1670 meum
408 1639 604 1682 parentem
636 1635 776 1683 probra
809 1635 993 1684 conjecit3
1033 1635 1108 1672 hoc
1140 1645 1210 1682 ego
1243 1633 1392 1671 ulturus
1423 1636 1460 1670 in
1493 1635 1691 1683 superiori,
1724 1634 1860 1683 plagas
1892 1634 2037 1682 accepi.

250 1690 502 1728 Huselius
535 1693 650 1729 etiam
683 1694 777 1730 meis
811 1694 960 1731 obstitit
996 1694 1261 1740 incrementis;
1305 1694 1341 1729 in
1374 1692 1444 1729 hos
1475 1692 1582 1729 nulla
1613 1704 1699 1730 mea
1731 1697 1855 1730 exstat
1886 1692 2037 1740 injuria.

251 1752 346 1786 (jum
381 1749 619 1786 Daubero
658 1750 730 1787 suit
773 1751 925 1789 occulta
956 1751 1133 1788 simultas
1167 1756 1203 1787 et
1234 1750 1465 1796 aemulatio,
1499 1751 1690 1799 utrimque
1720 1761 1818 1800 pene
1850 1749 2038 1799 aequalis,

251 1809 477 1856 propensior
509 1814 636 1845 tamen
670 1810 752 1857 ipse
785 1809 833 1847 ad
866 1810 1056 1858 injuriam.
1118 1807 1399 1845 Lorhardus
1439 1820 1588 1846 mecum
1619 1820 1695 1845 non
1727 1809 2037 1854 communicavit,

250 1865 473 1902 aemulabar
512 1867 636 1914 ipsum
680 1878 770 1916 ego,
817 1867 885 1905 sed
925 1868 997 1905 hoc
1029 1878 1097 1904 nec
1128 1866 1193 1904 ille
1225 1868 1337 1903 scivit
1368 1878 1437 1904 nec
1477 1868 1682 1915 quisquam
1723 1867 1842 1914 alius;
1884 1866 2039 1904 tandem

251 1924 340 1971 quia
373 1923 576 1961 Dauberus
607 1925 701 1961 mihi
733 1926 1055 1974 postponebatur‚
1089 1936 1201 1972 quem
1234 1926 1316 1973 ipse
1348 1924 1549 1973 praetulit,
1592 1937 1653 1963 me
1687 1924 1812 1962 odisse
1845 1925 1971 1972 coepit
2001 1929 2039 1961 et

250 1982 379 2018 nocuit
411 1981 514 2028 mihi,
549 1987 630 2019 erat
660 1985 760 2020 enim
792 1985 976 2032 superior.
1018 1983 1161 2020 Postea
1191 1994 1277 2020 mea
1307 1984 1558 2032 protervitate
1588 1983 1692 2032 apud
1715 1986 1900 2032 cognatos
1924 1981 2038 2019 Meh-

252 2041 449 2087 ringcnses
482 2039 646 2077 subinde
679 2043 716 2077 in
748 2042 1083 2090 reprehensionem
1116 2041 1266 2078 incurri.

394 2097 501 2145 Quae
534 2097 697 2146 denique
729 2100 919 2148 Keplerus
954 2100 999 2137 de
1031 2100 1195 2136 inimicis
1226 2099 1263 2134 in
1289 2098 1428 2147 styria,
1460 2104 1606 2136 rectore
1638 2099 1830 2148 gymnasii
1863 2102 1900 2136 et
1932 2097 2038 2135 ordi-

250 2166 338 2191 num
378 2157 581 2193 secretario
614 2156 809 2206 Speidclio
855 2158 985 2204 refert,
1027 2158 1207 2205 leguntur
1246 2168 1361 2206 supra
1399 2169 1434 2205 p.
1470 2160 1551 2194 684
1585 2161 1622 2194 et
1655 2161 1749 2194 691.
1809 2156 1883 2193 His
1922 2156 2037 2194 finem

250 2212 342 2249 facit
375 2213 571 2250 relationis
605 2214 650 2251 de
683 2217 867 2253 inimicis:
905 2214 1075 2264 „Ultimo
1109 2214 1290 2252 Crellium
1322 2214 1457 2262 religio
1489 2227 1511 2251 a
1542 2226 1603 2252 me
1636 2214 1791 2261 dividit,
1824 2214 1892 2252 sed
1924 2214 2038 2252 fidem

249 2271 362 2319 tregit
394 2272 529 2319 etiam3
561 2271 649 2309 hinc
681 2275 753 2323 ipsi
786 2275 939 2311 irascor.
1002 2274 1115 2311 Faxit
1148 2273 1265 2319 Deus,
1299 2278 1340 2309 ut
1371 2274 1443 2310 iste
1475 2275 1522 2309 sit
1554 2272 1723 2309 ultimus.

387 2329 524 2377 Itaque
557 2341 696 2369 causae
728 2333 865 2381 partim
898 2333 935 2367 in
967 2343 1038 2377 me,
1072 2332 1210 2380 partim
1243 2331 1280 2366 in
1311 2331 1476 2367 fortuna.
1537 2330 1581 2367 In
1603 2342 1662 2367 me
1695 2331 1762 2376 ira,
1793 2329 2040 2368 intolerantia

250 2385 520 2433 taediosorum,
554 2394 733 2437 proterva
766 2389 928 2426 vexandi
960 2389 1079 2426 libido
1103 2395 1145 2425 ut
1166 2394 1203 2426 et
1229 2388 1399 2436 Jocandi,
1434 2388 1598 2437 denique
1620 2389 1815 2426 censoriae
1837 2400 2039 2438 praesum-

253 2445 389 2491 tiones,
423 2457 507 2482 cum
540 2450 730 2484 nemiuem
763 2459 838 2484 non
872 2446 1161 2497 reprehendam.
1222 2446 1266 2482 In
1298 2446 1451 2483 fortuna
1482 2446 1555 2484 hoc
1586 2452 1655 2493 est,
1689 2452 1731 2483 ut
1762 2447 1887 2496 ipsum
1920 2447 2041 2484 comi-

249 2507 349 2539 tetur
382 2503 540 2540 invidia.
603 2504 711 2542 Illius
744 2517 861 2543 causa
895 2511 951 2543 est
982 2504 1212 2553 quadratum
1244 2503 1424 2541 Mercurii
1457 2510 1493 2541 et
1524 2504 1673 2549 Martis,
1708 2504 1818 2542 Luna
1849 2506 1886 2541 in
1918 2505 2040 2541 trian-

248 2559 339 2669 {³⁰1⁰
371 2560 519 2608 Martis,
552 2561 618 2600 Sol
651 2564 687 2599 in
720 2563 848 2601 sextili
881 2563 1048 2610 Saturni,
1082 2562 1197 2611 hujus
1230 2573 1347 2599 causa
1379 2567 1435 2600 est
1467 2562 1534 2600 Sol
1566 2567 1603 2600 et
1633 2562 1846 2600 Mercurius
1877 2564 1914 2599 in
1948 2562 2038 2600 VII.

267 2630 319 2655 sc.
353 2618 498 2668 domo).

671 2832 854 2876 Kepleri
885 2833 1118 2869 literarum
1149 2832 1301 2868 studia
1332 2832 1378 2867 et
1408 2831 1628 2868 doctrina.

392 2910 584 2959 Keplerus
606 2923 628 2948 a
651 2913 872 2961 parentibus
896 2913 1058 2961 primum
1080 2912 1116 2948 in
1141 2910 1449 2958 Leobergensem
1472 2910 1605 2947 ludum
1628 2909 1858 2955 literarium,
1891 2913 1970 2945 tum
2003 2910 2039 2944 in

255 2968 437 3015 majorem
471 2968 642 3017 ejusdem
677 2971 780 3006 urbis
811 2970 985 3007 scholam
1017 2970 1156 3006 missus
1189 2974 1257 3014 est,
1290 2970 1355 3006 ubi
1389 2975 1426 3006 et
1457 2969 1599 3005 latinae
1630 2968 1786 3015 linguae
1817 2965 2041 3004 rudimentis

255 3031 288 3060 ct
321 3025 406 3061 aliis
438 3038 591 3073 quoque
624 3029 820 3064 institutus
859 3032 916 3065 est
956 3027 1097 3072 literis,
1143 3032 1328 3075 quantum
1370 3027 1445 3063 illis
1490 3027 1726 3075 temporibus
1756 3026 1792 3060 in
1826 3024 2040 3062 Wiirttem-

254 3082 407 3129 bergiae
440 3083 581 3121 scholis
615 3084 750 3122 doctae
783 3090 882 3122 sunt.
945 3085 1145 3122 Tredecim
1177 3096 1363 3121 annorum
1394 3096 1500 3134 puer,
1534 3085 1599 3132 qui
1631 3084 1732 3120 bona
1764 3088 1865 3120 esset
1896 3082 2037 3128 indole,

253 3140 414 3188 primum
445 3142 480 3176 in
516 3141 756 3189 Adelbergae
795 3143 1040 3180 seminarium
1079 3142 1268 3180 inferioris
1308 3142 1449 3180 ordinis
1489 3143 1544 3189 (in
1579 3152 1653 3189 quo
1693 3139 1958 3179 adolescentes
1990 3140 2040 3178 ad
