<?xml version="1.0" encoding="UTF-8"?>
<!DOCTYPE html PUBLIC "-//W3C//DTD XHTML 1.0 Transitional//EN"
    "http://www.w3.org/TR/xhtml1/DTD/xhtml1-transitional.dtd">
<html xmlns="http://www.w3.org/1999/xhtml" xml:lang="en" lang="en">
 <head>
  <title>
</title>
<meta http-equiv="Content-Type" content="text/html;charset=utf-8" />
  <meta name='ocr-system' content='tesseract 3.04.00' />
  <meta name='ocr-capabilities' content='ocr_page ocr_carea ocr_par ocr_line ocrx_word'/>
</head>
<body>
  <div class='ocr_page' id='page_1' title='image "./p2operaomniaedid08kepluoft_0157.png"; bbox 0 0 2126 3388; ppageno 0'>
   <div class='ocr_carea' id='block_1_1' title="bbox 942 169 1881 214">
    <p class='ocr_par' dir='ltr' id='par_1_1' title="bbox 942 169 1881 214">
     <span class='ocr_line' id='line_1_1' title="bbox 942 169 1881 214; baseline 0.01 -9"><span class='ocrx_word' id='word_1_1' title='bbox 942 169 1042 206; x_wconf 83' lang='lat'>1598.</span> <span class='ocrx_word' id='word_1_2' title='bbox 1798 169 1881 214; x_wconf 75' lang='lat'>703</span> 
     </span>
    </p>
   </div>
   <div class='ocr_carea' id='block_1_2' title="bbox 86 287 1892 1099">
    <p class='ocr_par' dir='ltr' id='par_1_2' title="bbox 86 287 1888 515">
     <span class='ocr_line' id='line_1_2' title="bbox 86 287 1887 339; baseline 0 -12"><span class='ocrx_word' id='word_1_3' title='bbox 86 292 197 328; x_wconf 89' lang='lat' dir='ltr'>verbo</span> <span class='ocrx_word' id='word_1_4' title='bbox 221 292 349 337; x_wconf 77' lang='lat' dir='ltr'>tangit,</span> <span class='ocrx_word' id='word_1_5' title='bbox 375 292 508 336; x_wconf 83' lang='lat' dir='ltr'><strong>gratias</strong></span> <span class='ocrx_word' id='word_1_6' title='bbox 535 301 644 336; x_wconf 87' lang='lat' dir='ltr'>agens</span> <span class='ocrx_word' id='word_1_7' title='bbox 669 301 735 337; x_wconf 88' lang='lat' dir='ltr'>pro</span> <span class='ocrx_word' id='word_1_8' title='bbox 759 301 907 326; x_wconf 88' lang='lat' dir='ltr'>munere</span> <span class='ocrx_word' id='word_1_9' title='bbox 925 291 969 326; x_wconf 92' lang='lat' dir='ltr'>ab</span> <span class='ocrx_word' id='word_1_10' title='bbox 988 291 1175 326; x_wconf 83' lang='lat' dir='ltr'>Herwarto</span> <span class='ocrx_word' id='word_1_11' title='bbox 1208 291 1275 326; x_wconf 92' lang='lat' dir='ltr'>sibi</span> <span class='ocrx_word' id='word_1_12' title='bbox 1298 292 1526 327; x_wconf 86' lang='lat' dir='ltr'>transmisso:</span> <span class='ocrx_word' id='word_1_13' title='bbox 1548 287 1666 339; x_wconf 86' lang='lat' dir='ltr'>„quid</span> <span class='ocrx_word' id='word_1_14' title='bbox 1688 289 1887 338; x_wconf 89' lang='lat' dir='ltr'>impediat,</span> 
     </span>
     <span class='ocr_line' id='line_1_3' title="bbox 88 347 1888 398; baseline -0.001 -12"><span class='ocrx_word' id='word_1_15' title='bbox 88 348 343 397; x_wconf 83' lang='lat' dir='ltr'>indigentiam</span> <span class='ocrx_word' id='word_1_16' title='bbox 375 361 514 398; x_wconf 87' lang='lat' dir='ltr'>meam,</span> <span class='ocrx_word' id='word_1_17' title='bbox 548 360 626 398; x_wconf 89' lang='lat' dir='ltr'>qua</span> <span class='ocrx_word' id='word_1_18' title='bbox 655 360 795 386; x_wconf 89' lang='lat' dir='ltr'>munus</span> <span class='ocrx_word' id='word_1_19' title='bbox 828 355 936 386; x_wconf 86' lang='lat' dir='ltr'>tuum</span> <span class='ocrx_word' id='word_1_20' title='bbox 970 353 1151 396; x_wconf 88' lang='lat' dir='ltr'>augetur,</span> <span class='ocrx_word' id='word_1_21' title='bbox 1185 358 1314 385; x_wconf 88' lang='lat' dir='ltr'>coram</span> <span class='ocrx_word' id='word_1_22' title='bbox 1345 352 1382 386; x_wconf 89' lang='lat' dir='ltr'>te</span> <span class='ocrx_word' id='word_1_23' title='bbox 1414 348 1525 386; x_wconf 87' lang='lat' dir='ltr'>fateri</span> <span class='ocrx_word' id='word_1_24' title='bbox 1556 348 1660 386; x_wconf 90' lang='lat' dir='ltr'>nolle</span> <span class='ocrx_word' id='word_1_25' title='bbox 1692 349 1775 385; x_wconf 84' lang='lat' dir='ltr'>viro</span> <span class='ocrx_word' id='word_1_26' title='bbox 1807 347 1888 395; x_wconf 87' lang='lat' dir='ltr'>tali,</span> 
     </span>
     <span class='ocr_line' id='line_1_4' title="bbox 89 405 1888 456; baseline -0.002 -11"><span class='ocrx_word' id='word_1_27' title='bbox 89 408 150 445; x_wconf 88' lang='lat' dir='ltr'>eui</span> <span class='ocrx_word' id='word_1_28' title='bbox 189 407 333 456; x_wconf 88' lang='lat' dir='ltr'>ubique</span> <span class='ocrx_word' id='word_1_29' title='bbox 373 418 485 445; x_wconf 89' lang='lat' dir='ltr'>nemo</span> <span class='ocrx_word' id='word_1_30' title='bbox 525 407 780 456; x_wconf 88' lang='lat' dir='ltr'>persuadeat,</span> <span class='ocrx_word' id='word_1_31' title='bbox 823 407 1120 445; x_wconf 89' lang='lat' dir='ltr'>mathematicos</span> <span class='ocrx_word' id='word_1_32' title='bbox 1161 418 1207 445; x_wconf 88' lang='lat' dir='ltr'>ex</span> <span class='ocrx_word' id='word_1_33' title='bbox 1249 417 1343 444; x_wconf 86' lang='lat' dir='ltr'>aura</span> <span class='ocrx_word' id='word_1_34' title='bbox 1385 408 1516 444; x_wconf 87' lang='lat' dir='ltr'>vivere</span> <span class='ocrx_word' id='word_1_35' title='bbox 1548 413 1586 445; x_wconf 88' lang='lat' dir='ltr'>et</span> <span class='ocrx_word' id='word_1_36' title='bbox 1616 405 1702 444; x_wconf 87' lang='lat' dir='ltr'>sola</span> <span class='ocrx_word' id='word_1_37' title='bbox 1742 407 1888 455; x_wconf 88' lang='lat' dir='ltr'>ingenii</span> 
     </span>
     <span class='ocr_line' id='line_1_5' title="bbox 88 465 750 515; baseline 0.002 -13"><span class='ocrx_word' id='word_1_38' title='bbox 88 465 212 515; x_wconf 86' lang='lat' dir='ltr'>gloria</span> <span class='ocrx_word' id='word_1_39' title='bbox 244 470 446 503; x_wconf 88' lang='lat' dir='ltr'>contentos</span> <span class='ocrx_word' id='word_1_40' title='bbox 477 477 561 503; x_wconf 90' lang='lat' dir='ltr'>esse</span> <span class='ocrx_word' id='word_1_41' title='bbox 591 470 750 515; x_wconf 88' lang='lat' dir='ltr'>posse.“</span> 
     </span>
    </p>

    <p class='ocr_par' dir='ltr' id='par_1_3' title="bbox 88 529 1892 809">
     <span class='ocr_line' id='line_1_6' title="bbox 227 529 1890 575; baseline -0.001 -10"><span class='ocrx_word' id='word_1_42' title='bbox 227 531 343 566; x_wconf 88' lang='lat' dir='ltr'>Multa</span> <span class='ocrx_word' id='word_1_43' title='bbox 371 537 455 567; x_wconf 91' lang='lat' dir='ltr'>sunt</span> <span class='ocrx_word' id='word_1_44' title='bbox 479 535 515 566; x_wconf 93' lang='lat' dir='ltr'>et</span> <span class='ocrx_word' id='word_1_45' title='bbox 540 531 792 573; x_wconf 79' lang='lat' dir='ltr'>diversissima,</span> <span class='ocrx_word' id='word_1_46' title='bbox 817 541 910 575; x_wconf 83' lang='lat' dir='ltr'>quae</span> <span class='ocrx_word' id='word_1_47' title='bbox 935 529 1114 575; x_wconf 84' lang='lat' dir='ltr'>Keplerus</span> <span class='ocrx_word' id='word_1_48' title='bbox 1139 530 1207 564; x_wconf 91' lang='lat' dir='ltr'>hoc</span> <span class='ocrx_word' id='word_1_49' title='bbox 1233 539 1327 564; x_wconf 89' lang='lat' dir='ltr'>anno</span> <span class='ocrx_word' id='word_1_50' title='bbox 1355 541 1435 565; x_wconf 91' lang='lat' dir='ltr'>cum</span> <span class='ocrx_word' id='word_1_51' title='bbox 1459 529 1652 565; x_wconf 83' lang='lat' dir='ltr'>Maestlino</span> <span class='ocrx_word' id='word_1_52' title='bbox 1678 539 1743 574; x_wconf 87' lang='lat' dir='ltr'>per</span> <span class='ocrx_word' id='word_1_53' title='bbox 1766 529 1890 564; x_wconf 81' lang='lat' dir='ltr'>literas</span> 
     </span>
     <span class='ocr_line' id='line_1_7' title="bbox 88 587 1891 633; baseline -0.002 -9"><span class='ocrx_word' id='word_1_54' title='bbox 88 590 268 625; x_wconf 86' lang='lat' dir='ltr'>tractavit.</span> <span class='ocrx_word' id='word_1_55' title='bbox 318 591 444 625; x_wconf 78' lang='lat' dir='ltr'>Mense</span> <span class='ocrx_word' id='word_1_56' title='bbox 476 590 609 625; x_wconf 81' lang='lat' dir='ltr'>Martio</span> <span class='ocrx_word' id='word_1_57' title='bbox 645 589 870 624; x_wconf 73' lang='lat' dir='ltr'>observatam</span> <span class='ocrx_word' id='word_1_58' title='bbox 902 600 922 624; x_wconf 81' lang='lat' dir='ltr'>a</span> <span class='ocrx_word' id='word_1_59' title='bbox 949 599 987 624; x_wconf 90' lang='lat' dir='ltr'>se</span> <span class='ocrx_word' id='word_1_60' title='bbox 1022 599 1101 624; x_wconf 89' lang='lat' dir='ltr'>esse</span> <span class='ocrx_word' id='word_1_61' title='bbox 1135 588 1191 623; x_wconf 90' lang='lat' dir='ltr'>die</span> <span class='ocrx_word' id='word_1_62' title='bbox 1224 589 1257 625; x_wconf 77' lang='lat'>7.</span> <span class='ocrx_word' id='word_1_63' title='bbox 1285 588 1434 633; x_wconf 84' lang='lat' dir='ltr'>eclipsin</span> <span class='ocrx_word' id='word_1_64' title='bbox 1468 587 1560 623; x_wconf 81' lang='lat' dir='ltr'>Solis</span> <span class='ocrx_word' id='word_1_65' title='bbox 1594 592 1716 622; x_wconf 85' lang='lat' dir='ltr'>narrat</span> <span class='ocrx_word' id='word_1_66' title='bbox 1751 591 1786 622; x_wconf 93' lang='lat' dir='ltr'>et</span> <span class='ocrx_word' id='word_1_67' title='bbox 1821 596 1891 630; x_wconf 89' lang='lat' dir='ltr'>qua</span> 
     </span>
     <span class='ocr_line' id='line_1_8' title="bbox 91 645 1892 692; baseline -0.002 -10"><span class='ocrx_word' id='word_1_68' title='bbox 91 648 231 683; x_wconf 88' lang='lat' dir='ltr'>ratione</span> <span class='ocrx_word' id='word_1_69' title='bbox 257 648 437 684; x_wconf 87' lang='lat' dir='ltr'>calculum</span> <span class='ocrx_word' id='word_1_70' title='bbox 463 648 658 684; x_wconf 87' lang='lat' dir='ltr'>instituerit</span> <span class='ocrx_word' id='word_1_71' title='bbox 684 648 745 690; x_wconf 88' lang='grc' dir='ltr'><strong>(ΙΙ.</strong></span> <span class='ocrx_word' id='word_1_72' title='bbox 774 648 816 683; x_wconf 87' lang='grc'>16</span> <span class='ocrx_word' id='word_1_73' title='bbox 843 648 928 692; x_wconf 84' lang='lat' dir='ltr'>ss.);</span> <span class='ocrx_word' id='word_1_74' title='bbox 955 646 1060 682; x_wconf 88' lang='lat' dir='ltr'>simul</span> <span class='ocrx_word' id='word_1_75' title='bbox 1085 647 1298 682; x_wconf 82' lang='lat' dir='ltr'>sententiam</span> <span class='ocrx_word' id='word_1_76' title='bbox 1324 657 1426 681; x_wconf 86' lang='lat' dir='ltr'>suam</span> <span class='ocrx_word' id='word_1_77' title='bbox 1452 645 1496 681; x_wconf 85' lang='lat' dir='ltr'>de</span> <span class='ocrx_word' id='word_1_78' title='bbox 1521 646 1563 680; x_wconf 92' lang='lat' dir='ltr'>iis</span> <span class='ocrx_word' id='word_1_79' title='bbox 1589 645 1774 690; x_wconf 81' lang='lat' dir='ltr'>proponit,</span> <span class='ocrx_word' id='word_1_80' title='bbox 1801 654 1892 689; x_wconf 88' lang='lat' dir='ltr'>quae</span> 
     </span>
     <span class='ocr_line' id='line_1_9' title="bbox 90 702 1891 750; baseline -0.002 -11"><span class='ocrx_word' id='word_1_81' title='bbox 90 706 124 740; x_wconf 89' lang='lat' dir='ltr'>in</span> <span class='ocrx_word' id='word_1_82' title='bbox 150 705 347 750; x_wconf 83' lang='lat' dir='ltr'>astrologia</span> <span class='ocrx_word' id='word_1_83' title='bbox 370 707 559 741; x_wconf 87' lang='lat' dir='ltr'>retinenda</span> <span class='ocrx_word' id='word_1_84' title='bbox 585 711 720 742; x_wconf 81' lang='lat' dir='ltr'>censet.</span> <span class='ocrx_word' id='word_1_85' title='bbox 772 706 959 750; x_wconf 79' lang='lat' dir='ltr'>Specimen</span> <span class='ocrx_word' id='word_1_86' title='bbox 985 705 1199 748; x_wconf 75' lang='lat' dir='ltr'>astrologiae</span> <span class='ocrx_word' id='word_1_87' title='bbox 1226 715 1311 739; x_wconf 84' lang='lat' dir='ltr'>suae</span> <span class='ocrx_word' id='word_1_88' title='bbox 1337 705 1506 748; x_wconf 82' lang='lat' dir='ltr'>proponit</span> <span class='ocrx_word' id='word_1_89' title='bbox 1530 703 1740 747; x_wconf 69' lang='lat' dir='ltr'>Maestum,</span> <span class='ocrx_word' id='word_1_90' title='bbox 1767 702 1891 737; x_wconf 80' lang='lat' dir='ltr'>nativi-</span> 
     </span>
     <span class='ocr_line' id='line_1_10' title="bbox 89 763 1306 809; baseline -0.001 -12"><span class='ocrx_word' id='word_1_91' title='bbox 89 768 182 798; x_wconf 82' lang='lat' dir='ltr'>tates</span> <span class='ocrx_word' id='word_1_92' title='bbox 209 775 421 809; x_wconf 87' lang='lat' dir='ltr'>comparans</span> <span class='ocrx_word' id='word_1_93' title='bbox 446 764 509 798; x_wconf 85' lang='lat' dir='ltr'>filii</span> <span class='ocrx_word' id='word_1_94' title='bbox 534 763 719 798; x_wconf 85' lang='lat' dir='ltr'>Maestlini</span> <span class='ocrx_word' id='word_1_95' title='bbox 745 769 780 798; x_wconf 87' lang='lat' dir='ltr'>et</span> <span class='ocrx_word' id='word_1_96' title='bbox 807 765 872 807; x_wconf 91' lang='lat' dir='ltr'>sui,</span> <span class='ocrx_word' id='word_1_97' title='bbox 900 769 1067 798; x_wconf 83' lang='lat' dir='ltr'>natorum</span> <span class='ocrx_word' id='word_1_98' title='bbox 1094 763 1306 797; x_wconf 81' lang='lat' dir='ltr'>Februario.</span> 
     </span>
    </p>

    <p class='ocr_par' dir='ltr' id='par_1_4' title="bbox 89 820 1892 1099">
     <span class='ocr_line' id='line_1_11' title="bbox 230 820 1892 865; baseline -0.002 -8"><span class='ocrx_word' id='word_1_99' title='bbox 230 823 285 857; x_wconf 88' lang='lat' dir='ltr'>De</span> <span class='ocrx_word' id='word_1_100' title='bbox 309 821 508 856; x_wconf 89' lang='lat' dir='ltr'>Prodromo</span> <span class='ocrx_word' id='word_1_101' title='bbox 535 821 645 856; x_wconf 88' lang='lat' dir='ltr'>refert</span> <span class='ocrx_word' id='word_1_102' title='bbox 670 821 876 865; x_wconf 83' lang='lat' dir='ltr'>Maestlino,</span> <span class='ocrx_word' id='word_1_103' title='bbox 903 821 1062 856; x_wconf 90' lang='lat' dir='ltr'>nondum</span> <span class='ocrx_word' id='word_1_104' title='bbox 1088 820 1262 855; x_wconf 84' lang='lat' dir='ltr'>obtulisse</span> <span class='ocrx_word' id='word_1_105' title='bbox 1288 830 1326 855; x_wconf 90' lang='lat' dir='ltr'>se</span> <span class='ocrx_word' id='word_1_106' title='bbox 1351 820 1481 854; x_wconf 90' lang='lat' dir='ltr'>librum</span> <span class='ocrx_word' id='word_1_107' title='bbox 1510 820 1776 864; x_wconf 68' lang='lat' dir='ltr'>„proceribus‘⁴,</span> <span class='ocrx_word' id='word_1_108' title='bbox 1806 829 1892 863; x_wconf 90' lang='lat' dir='ltr'>quo-</span> 
     </span>
     <span class='ocr_line' id='line_1_12' title="bbox 89 878 1892 924; baseline -0.002 -11"><span class='ocrx_word' id='word_1_109' title='bbox 89 890 166 913; x_wconf 79' lang='lat' dir='ltr'>rum</span> <span class='ocrx_word' id='word_1_110' title='bbox 190 880 466 924; x_wconf 86' lang='lat' dir='ltr'>praecipuorum</span> <span class='ocrx_word' id='word_1_111' title='bbox 492 879 636 924; x_wconf 90' lang='lat' dir='ltr'>optimis</span> <span class='ocrx_word' id='word_1_112' title='bbox 662 883 786 914; x_wconf 87' lang='lat' dir='ltr'>utatur</span> <span class='ocrx_word' id='word_1_113' title='bbox 810 879 1075 921; x_wconf 84' lang='lat' dir='ltr'>voluntatibus,</span> <span class='ocrx_word' id='word_1_114' title='bbox 1112 879 1294 923; x_wconf 83' lang='lat' dir='ltr'>negotium</span> <span class='ocrx_word' id='word_1_115' title='bbox 1328 878 1546 913; x_wconf 83' lang='lat' dir='ltr'>commisisse</span> <span class='ocrx_word' id='word_1_116' title='bbox 1573 878 1793 913; x_wconf 83' lang='lat' dir='ltr'>Marescalco</span> <span class='ocrx_word' id='word_1_117' title='bbox 1819 878 1892 911; x_wconf 86' lang='lat' dir='ltr'>Ho-</span> 
     </span>
     <span class='ocr_line' id='line_1_13' title="bbox 90 936 1890 983; baseline -0.001 -13"><span class='ocrx_word' id='word_1_118' title='bbox 90 938 190 971; x_wconf 91' lang='lat' dir='ltr'>norio</span> <span class='ocrx_word' id='word_1_119' title='bbox 217 949 238 973; x_wconf 84' lang='lat' dir='ltr'>a</span> <span class='ocrx_word' id='word_1_120' title='bbox 264 938 419 983; x_wconf 80' lang='lat' dir='ltr'>Sauran,</span> <span class='ocrx_word' id='word_1_121' title='bbox 456 939 517 982; x_wconf 92' lang='lat' dir='ltr'>qui</span> <span class='ocrx_word' id='word_1_122' title='bbox 551 938 669 982; x_wconf 90' lang='lat' dir='ltr'>ipsum</span> <span class='ocrx_word' id='word_1_123' title='bbox 696 938 870 973; x_wconf 86' lang='lat' dir='ltr'>dimiserit</span> <span class='ocrx_word' id='word_1_124' title='bbox 897 948 978 972; x_wconf 89' lang='lat' dir='ltr'>cum</span> <span class='ocrx_word' id='word_1_125' title='bbox 1004 937 1072 972; x_wconf 85' lang='lat' dir='ltr'>hac</span> <span class='ocrx_word' id='word_1_126' title='bbox 1098 948 1203 972; x_wconf 73' lang='lat' dir='ltr'>voce:</span> <span class='ocrx_word' id='word_1_127' title='bbox 1242 937 1357 981; x_wconf 84' lang='lat' dir='ltr'>„quod</span> <span class='ocrx_word' id='word_1_128' title='bbox 1394 936 1556 971; x_wconf 83' lang='lat' dir='ltr'>differtur</span> <span class='ocrx_word' id='word_1_129' title='bbox 1587 946 1659 970; x_wconf 91' lang='lat' dir='ltr'>non</span> <span class='ocrx_word' id='word_1_130' title='bbox 1695 936 1890 971; x_wconf 77' lang='lat' dir='ltr'>aufertur.“</span> 
     </span>
     <span class='ocr_line' id='line_1_14' title="bbox 91 993 1892 1040; baseline -0.001 -11"><span class='ocrx_word' id='word_1_131' title='bbox 91 994 237 1040; x_wconf 89' lang='lat' dir='ltr'>Lugens</span> <span class='ocrx_word' id='word_1_132' title='bbox 262 1000 441 1031; x_wconf 88' lang='lat' dir='ltr'>mortuum</span> <span class='ocrx_word' id='word_1_133' title='bbox 467 996 615 1031; x_wconf 83' lang='lat' dir='ltr'>nunciat</span> <span class='ocrx_word' id='word_1_134' title='bbox 639 995 844 1030; x_wconf 87' lang='lat' dir='ltr'>scholarum</span> <span class='ocrx_word' id='word_1_135' title='bbox 864 995 1087 1040; x_wconf 83' lang='lat' dir='ltr'>Styrensium</span> <span class='ocrx_word' id='word_1_136' title='bbox 1117 996 1360 1038; x_wconf 84' lang='lat' dir='ltr'>inspectorem</span> <span class='ocrx_word' id='word_1_137' title='bbox 1378 1000 1413 1029; x_wconf 90' lang='lat' dir='ltr'>et</span> <span class='ocrx_word' id='word_1_138' title='bbox 1431 993 1634 1038; x_wconf 76' lang='lat' dir='ltr'>theologiae</span> <span class='ocrx_word' id='word_1_139' title='bbox 1651 993 1892 1038; x_wconf 83' lang='lat' dir='ltr'>professorem</span> 
     </span>
     <span class='ocr_line' id='line_1_15' title="bbox 93 1049 1892 1099; baseline -0.001 -13"><span class='ocrx_word' id='word_1_140' title='bbox 93 1053 128 1087; x_wconf 93' lang='lat' dir='ltr'>in</span> <span class='ocrx_word' id='word_1_141' title='bbox 155 1055 342 1099; x_wconf 81' lang='lat' dir='ltr'>gymnasio</span> <span class='ocrx_word' id='word_1_142' title='bbox 369 1055 551 1090; x_wconf 86' lang='lat' dir='ltr'>Gratiensi</span> <span class='ocrx_word' id='word_1_143' title='bbox 577 1055 633 1089; x_wconf 85' lang='lat' dir='ltr'>W.</span> <span class='ocrx_word' id='word_1_144' title='bbox 661 1055 988 1089; x_wconf 89' lang='lat' dir='ltr'>Zimmermannum</span> <span class='ocrx_word' id='word_1_145' title='bbox 1014 1054 1048 1088; x_wconf 84' lang='lat' dir='ltr'>d.</span> <span class='ocrx_word' id='word_1_146' title='bbox 1074 1056 1140 1098; x_wconf 50' lang='lat' dir='ltr'>&#39;stu-</span> <span class='ocrx_word' id='word_1_147' title='bbox 1159 1054 1292 1097; x_wconf 87' lang='lat' dir='ltr'>Martii,</span> <span class='ocrx_word' id='word_1_148' title='bbox 1319 1053 1474 1088; x_wconf 84' lang='lat' dir='ltr'>addens:</span> <span class='ocrx_word' id='word_1_149' title='bbox 1493 1050 1589 1087; x_wconf 84' lang='lat' dir='ltr'>Cum</span> <span class='ocrx_word' id='word_1_150' title='bbox 1611 1051 1711 1087; x_wconf 83' lang='lat' dir='ltr'>circa</span> <span class='ocrx_word' id='word_1_151' title='bbox 1728 1061 1794 1087; x_wconf 82' lang='lat' dir='ltr'>eos</span> <span class='ocrx_word' id='word_1_152' title='bbox 1812 1049 1892 1086; x_wconf 82' lang='lat' dir='ltr'>dies</span> 
     </span>
    </p>
   </div>
   <div class='ocr_carea' id='block_1_3' title="bbox 93 1108 1893 1208">
    <p class='ocr_par' dir='ltr' id='par_1_5' title="bbox 93 1108 1893 1208">
     <span class='ocr_line' id='line_1_16' title="bbox 93 1108 1893 1160; baseline -0.001 -14"><span class='ocrx_word' id='word_1_153' title='bbox 93 1110 215 1147; x_wconf 90' lang='lat' dir='ltr'>validi</span> <span class='ocrx_word' id='word_1_154' title='bbox 247 1112 454 1160; x_wconf 75' lang='lat' dir='ltr'>perstarent</span> <span class='ocrx_word' id='word_1_155' title='bbox 495 1113 627 1159; x_wconf 89' lang='lat' dir='ltr'>venti,</span> <span class='ocrx_word' id='word_1_156' title='bbox 672 1111 850 1149; x_wconf 85' lang='lat' dir='ltr'>dixerunt</span> <span class='ocrx_word' id='word_1_157' title='bbox 881 1110 1106 1158; x_wconf 88' lang='lat' dir='ltr'>adversarii,</span> <span class='ocrx_word' id='word_1_158' title='bbox 1141 1111 1311 1147; x_wconf 86' lang='lat' dir='ltr'>animam</span> <span class='ocrx_word' id='word_1_159' title='bbox 1343 1108 1527 1146; x_wconf 85' lang='lat' dir='ltr'>haeretici</span> <span class='ocrx_word' id='word_1_160' title='bbox 1558 1120 1626 1157; x_wconf 88' lang='lat' dir='ltr'>per</span> <span class='ocrx_word' id='word_1_161' title='bbox 1657 1111 1783 1146; x_wconf 80' lang='lat' dir='ltr'>ae&#39;rem</span> <span class='ocrx_word' id='word_1_162' title='bbox 1817 1109 1893 1145; x_wconf 90' lang='lat' dir='ltr'>cir-</span> 
     </span>
     <span class='ocr_line' id='line_1_17' title="bbox 93 1169 283 1208; baseline 0.011 -2"><span class='ocrx_word' id='word_1_163' title='bbox 93 1169 283 1208; x_wconf 80' lang='lat' dir='ltr'>oumferri.</span> 
     </span>
    </p>
   </div>
   <div class='ocr_carea' id='block_1_4' title="bbox 93 1232 1899 1631">
    <p class='ocr_par' dir='ltr' id='par_1_6' title="bbox 93 1232 1898 1456">
     <span class='ocr_line' id='line_1_18' title="bbox 233 1232 1895 1281; baseline -0.002 -12"><span class='ocrx_word' id='word_1_164' title='bbox 233 1236 275 1269; x_wconf 94' lang='lat' dir='ltr'>In</span> <span class='ocrx_word' id='word_1_165' title='bbox 300 1235 428 1271; x_wconf 89' lang='lat' dir='ltr'>iisdem</span> <span class='ocrx_word' id='word_1_166' title='bbox 453 1236 566 1272; x_wconf 89' lang='lat' dir='ltr'>literis</span> <span class='ocrx_word' id='word_1_167' title='bbox 592 1236 686 1272; x_wconf 88' lang='lat' dir='ltr'>redit</span> <span class='ocrx_word' id='word_1_168' title='bbox 710 1235 890 1281; x_wconf 83' lang='lat' dir='ltr'>Keplerus</span> <span class='ocrx_word' id='word_1_169' title='bbox 917 1235 962 1270; x_wconf 83' lang='lat' dir='ltr'>ad</span> <span class='ocrx_word' id='word_1_170' title='bbox 991 1244 1104 1280; x_wconf 80' lang='lat' dir='ltr'>„opus</span> <span class='ocrx_word' id='word_1_171' title='bbox 1135 1236 1384 1277; x_wconf 64' lang='lat' dir='ltr'>argenteumss,</span> <span class='ocrx_word' id='word_1_172' title='bbox 1419 1243 1489 1277; x_wconf 90' lang='lat' dir='ltr'>quo</span> <span class='ocrx_word' id='word_1_173' title='bbox 1520 1232 1761 1267; x_wconf 88' lang='lat' dir='ltr'>inventionem</span> <span class='ocrx_word' id='word_1_174' title='bbox 1794 1242 1895 1267; x_wconf 84' lang='lat' dir='ltr'>suam</span> 
     </span>
     <span class='ocr_line' id='line_1_19' title="bbox 94 1291 1898 1339; baseline -0.002 -11"><span class='ocrx_word' id='word_1_175' title='bbox 94 1303 159 1337; x_wconf 85' lang='lat' dir='ltr'>per</span> <span class='ocrx_word' id='word_1_176' title='bbox 185 1298 394 1329; x_wconf 89' lang='lat' dir='ltr'>automaton</span> <span class='ocrx_word' id='word_1_177' title='bbox 420 1293 578 1329; x_wconf 90' lang='lat' dir='ltr'>coeleste</span> <span class='ocrx_word' id='word_1_178' title='bbox 603 1298 877 1339; x_wconf 86' lang='lat' dir='ltr'>repraesentare</span> <span class='ocrx_word' id='word_1_179' title='bbox 902 1293 1024 1336; x_wconf 80' lang='lat' dir='ltr'>voluit,</span> <span class='ocrx_word' id='word_1_180' title='bbox 1052 1292 1232 1337; x_wconf 87' lang='lat' dir='ltr'>prioribus</span> <span class='ocrx_word' id='word_1_181' title='bbox 1250 1291 1352 1326; x_wconf 88' lang='lat' dir='ltr'>annis</span> <span class='ocrx_word' id='word_1_182' title='bbox 1370 1291 1513 1335; x_wconf 85' lang='lat' dir='ltr'>saepius</span> <span class='ocrx_word' id='word_1_183' title='bbox 1537 1291 1686 1335; x_wconf 82' lang='lat' dir='ltr'>dictum3</span> <span class='ocrx_word' id='word_1_184' title='bbox 1714 1295 1898 1335; x_wconf 87' lang='lat' dir='ltr'>comparat</span> 
     </span>
     <span class='ocr_line' id='line_1_20' title="bbox 94 1348 1896 1396; baseline -0.002 -11"><span class='ocrx_word' id='word_1_185' title='bbox 94 1351 130 1386; x_wconf 91' lang='lat' dir='ltr'>id</span> <span class='ocrx_word' id='word_1_186' title='bbox 162 1362 254 1396; x_wconf 91' lang='lat' dir='ltr'>opus</span> <span class='ocrx_word' id='word_1_187' title='bbox 287 1363 367 1387; x_wconf 87' lang='lat' dir='ltr'>cum</span> <span class='ocrx_word' id='word_1_188' title='bbox 396 1352 664 1388; x_wconf 86' lang='lat' dir='ltr'>inventionibus</span> <span class='ocrx_word' id='word_1_189' title='bbox 697 1358 859 1389; x_wconf 87' lang='lat' dir='ltr'>veterum</span> <span class='ocrx_word' id='word_1_190' title='bbox 889 1354 925 1388; x_wconf 91' lang='lat' dir='ltr'>in</span> <span class='ocrx_word' id='word_1_191' title='bbox 958 1353 1072 1388; x_wconf 88' lang='lat' dir='ltr'>literis</span> <span class='ocrx_word' id='word_1_192' title='bbox 1110 1352 1322 1396; x_wconf 85' lang='lat' dir='ltr'>germanicis</span> <span class='ocrx_word' id='word_1_193' title='bbox 1354 1350 1388 1385; x_wconf 91' lang='grc'>(1.</span> <span class='ocrx_word' id='word_1_194' title='bbox 1421 1351 1475 1384; x_wconf 80' lang='grc'>11.</span> <span class='ocrx_word' id='word_1_195' title='bbox 1510 1349 1609 1384; x_wconf 80' lang='lat' dir='ltr'>Junii</span> <span class='ocrx_word' id='word_1_196' title='bbox 1647 1354 1682 1383; x_wconf 89' lang='lat' dir='ltr'>et</span> <span class='ocrx_word' id='word_1_197' title='bbox 1711 1349 1832 1383; x_wconf 87' lang='lat' dir='ltr'>latinis</span> <span class='ocrx_word' id='word_1_198' title='bbox 1864 1348 1896 1382; x_wconf 90' lang='grc'>(1.</span> 
     </span>
     <span class='ocr_line' id='line_1_21' title="bbox 93 1410 1341 1456; baseline -0.001 -12"><span class='ocrx_word' id='word_1_199' title='bbox 93 1410 150 1446; x_wconf 73' lang='lat'>21.</span> <span class='ocrx_word' id='word_1_200' title='bbox 178 1410 344 1454; x_wconf 83' lang='lat' dir='ltr'>Augusti,</span> <span class='ocrx_word' id='word_1_201' title='bbox 371 1415 407 1445; x_wconf 86' lang='lat' dir='ltr'>et</span> <span class='ocrx_word' id='word_1_202' title='bbox 433 1421 540 1446; x_wconf 82' lang='lat' dir='ltr'>sensa</span> <span class='ocrx_word' id='word_1_203' title='bbox 564 1422 628 1446; x_wconf 89' lang='lat' dir='ltr'>sua</span> <span class='ocrx_word' id='word_1_204' title='bbox 653 1411 816 1456; x_wconf 86' lang='lat' dir='ltr'>pluribus</span> <span class='ocrx_word' id='word_1_205' title='bbox 842 1411 1000 1456; x_wconf 81' lang='lat' dir='ltr'>explicat</span> <span class='ocrx_word' id='word_1_206' title='bbox 1027 1411 1108 1453; x_wconf 81' lang='lat' dir='ltr'>(cfr.</span> <span class='ocrx_word' id='word_1_207' title='bbox 1135 1412 1164 1447; x_wconf 91' lang='lat' dir='ltr'>I.</span> <span class='ocrx_word' id='word_1_208' title='bbox 1192 1411 1237 1446; x_wconf 72' lang='lat'>80</span> <span class='ocrx_word' id='word_1_209' title='bbox 1263 1410 1341 1453; x_wconf 74' lang='lat' dir='ltr'>ss).</span> 
     </span>
    </p>

    <p class='ocr_par' dir='ltr' id='par_1_7' title="bbox 95 1466 1899 1631">
     <span class='ocr_line' id='line_1_22' title="bbox 235 1466 1899 1514; baseline -0.002 -11"><span class='ocrx_word' id='word_1_210' title='bbox 235 1468 517 1513; x_wconf 86' lang='lat' dir='ltr'>Chronologicas</span> <span class='ocrx_word' id='word_1_211' title='bbox 550 1469 780 1513; x_wconf 87' lang='lat' dir='ltr'>quaestiones</span> <span class='ocrx_word' id='word_1_212' title='bbox 814 1471 901 1505; x_wconf 87' lang='lat' dir='ltr'>adiit</span> <span class='ocrx_word' id='word_1_213' title='bbox 926 1469 1123 1514; x_wconf 83' lang='lat' dir='ltr'>Keplerus,</span> <span class='ocrx_word' id='word_1_214' title='bbox 1155 1470 1313 1504; x_wconf 91' lang='lat' dir='ltr'>monitus</span> <span class='ocrx_word' id='word_1_215' title='bbox 1338 1478 1358 1502; x_wconf 86' lang='lat' dir='ltr'>a</span> <span class='ocrx_word' id='word_1_216' title='bbox 1383 1466 1592 1508; x_wconf 85' lang='lat' dir='ltr'>Maestlino,</span> <span class='ocrx_word' id='word_1_217' title='bbox 1627 1466 1728 1501; x_wconf 89' lang='lat' dir='ltr'>initio</span> <span class='ocrx_word' id='word_1_218' title='bbox 1754 1466 1850 1501; x_wconf 90' lang='lat' dir='ltr'>facto</span> <span class='ocrx_word' id='word_1_219' title='bbox 1878 1476 1899 1500; x_wconf 89' lang='lat' dir='ltr'>a</span> 
     </span>
     <span class='ocr_line' id='line_1_23' title="bbox 95 1524 1899 1573; baseline -0.002 -13"><span class='ocrx_word' id='word_1_220' title='bbox 95 1526 217 1570; x_wconf 87' lang='lat' dir='ltr'>positu</span> <span class='ocrx_word' id='word_1_221' title='bbox 242 1526 468 1570; x_wconf 85' lang='lat' dir='ltr'>planetarum</span> <span class='ocrx_word' id='word_1_222' title='bbox 493 1527 594 1562; x_wconf 90' lang='lat' dir='ltr'>initio</span> <span class='ocrx_word' id='word_1_223' title='bbox 620 1529 754 1573; x_wconf 83' lang='lat' dir='ltr'>mundi,</span> <span class='ocrx_word' id='word_1_224' title='bbox 780 1529 816 1563; x_wconf 93' lang='lat' dir='ltr'>in</span> <span class='ocrx_word' id='word_1_225' title='bbox 842 1529 955 1564; x_wconf 89' lang='lat' dir='ltr'>literis</span> <span class='ocrx_word' id='word_1_226' title='bbox 983 1528 1076 1563; x_wconf 87' lang='lat' dir='ltr'>datis</span> <span class='ocrx_word' id='word_1_227' title='bbox 1096 1527 1334 1572; x_wconf 79' lang='lat' dir='ltr'>d.11..Junii,</span> <span class='ocrx_word' id='word_1_228' title='bbox 1360 1524 1564 1568; x_wconf 85' lang='lat' dir='ltr'>ibidemque</span> <span class='ocrx_word' id='word_1_229' title='bbox 1582 1524 1693 1558; x_wconf 83' lang='lat' dir='ltr'>refert</span> <span class='ocrx_word' id='word_1_230' title='bbox 1717 1524 1779 1568; x_wconf 73' lang='lat' dir='ltr'>illi,</span> <span class='ocrx_word' id='word_1_231' title='bbox 1807 1533 1899 1567; x_wconf 85' lang='lat' dir='ltr'>quae</span> 
     </span>
     <span class='ocr_line' id='line_1_24' title="bbox 95 1583 1897 1631; baseline -0.002 -12"><span class='ocrx_word' id='word_1_232' title='bbox 95 1584 368 1621; x_wconf 86' lang='lat' dir='ltr'>Hafenrefferus</span> <span class='ocrx_word' id='word_1_233' title='bbox 395 1588 433 1630; x_wconf 91' lang='lat' dir='ltr'>(I.</span> <span class='ocrx_word' id='word_1_234' title='bbox 459 1586 516 1631; x_wconf 82' lang='lat'>37)</span> <span class='ocrx_word' id='word_1_235' title='bbox 551 1587 593 1621; x_wconf 88' lang='lat' dir='ltr'>de</span> <span class='ocrx_word' id='word_1_236' title='bbox 620 1587 818 1631; x_wconf 86' lang='lat' dir='ltr'>Copernieo</span> <span class='ocrx_word' id='word_1_237' title='bbox 845 1587 1050 1631; x_wconf 86' lang='lat' dir='ltr'>scripserat.</span> <span class='ocrx_word' id='word_1_238' title='bbox 1100 1586 1324 1620; x_wconf 85' lang='lat' dir='ltr'>Sententiam</span> <span class='ocrx_word' id='word_1_239' title='bbox 1356 1595 1459 1620; x_wconf 86' lang='lat' dir='ltr'>suam</span> <span class='ocrx_word' id='word_1_240' title='bbox 1484 1584 1540 1618; x_wconf 90' lang='lat' dir='ltr'>his</span> <span class='ocrx_word' id='word_1_241' title='bbox 1565 1583 1736 1628; x_wconf 88' lang='lat' dir='ltr'>proponit</span> <span class='ocrx_word' id='word_1_242' title='bbox 1760 1583 1897 1617; x_wconf 87' lang='lat' dir='ltr'>verbis:</span> 
     </span>
    </p>
   </div>
   <div class='ocr_carea' id='block_1_5' title="bbox 74 1644 1907 2972">
    <p class='ocr_par' dir='ltr' id='par_1_8' title="bbox 74 1644 1906 2800">
     <span class='ocr_line' id='line_1_25' title="bbox 96 1644 1898 1696; baseline -0.002 -12"><span class='ocrx_word' id='word_1_243' title='bbox 96 1647 199 1685; x_wconf 84' lang='lat' dir='ltr'>Tota</span> <span class='ocrx_word' id='word_1_244' title='bbox 229 1650 468 1686; x_wconf 85' lang='lat' dir='ltr'>astronomia</span> <span class='ocrx_word' id='word_1_245' title='bbox 506 1649 604 1686; x_wconf 89' lang='lat' dir='ltr'>tanti</span> <span class='ocrx_word' id='word_1_246' title='bbox 635 1660 710 1686; x_wconf 88' lang='lat' dir='ltr'>non</span> <span class='ocrx_word' id='word_1_247' title='bbox 746 1653 821 1696; x_wconf 89' lang='lat' dir='ltr'>est,</span> <span class='ocrx_word' id='word_1_248' title='bbox 868 1652 910 1685; x_wconf 89' lang='lat' dir='ltr'>ut</span> <span class='ocrx_word' id='word_1_249' title='bbox 941 1659 1039 1685; x_wconf 91' lang='lat' dir='ltr'>unus</span> <span class='ocrx_word' id='word_1_250' title='bbox 1072 1659 1118 1685; x_wconf 89' lang='lat' dir='ltr'>ex</span> <span class='ocrx_word' id='word_1_251' title='bbox 1149 1646 1302 1696; x_wconf 87' lang='lat' dir='ltr'>pusillis</span> <span class='ocrx_word' id='word_1_252' title='bbox 1336 1647 1477 1685; x_wconf 80' lang='lat' dir='ltr'>Christi</span> <span class='ocrx_word' id='word_1_253' title='bbox 1512 1646 1739 1683; x_wconf 80' lang='lat' dir='ltr'>offendatur.</span> <span class='ocrx_word' id='word_1_254' title='bbox 1802 1644 1898 1681; x_wconf 86' lang='lat' dir='ltr'>Cum</span> 
     </span>
     <span class='ocr_line' id='line_1_26' title="bbox 97 1702 1899 1755; baseline -0.002 -13"><span class='ocrx_word' id='word_1_255' title='bbox 97 1707 227 1754; x_wconf 86' lang='lat' dir='ltr'>itaque</span> <span class='ocrx_word' id='word_1_256' title='bbox 259 1718 348 1755; x_wconf 89' lang='lat' dir='ltr'>pars</span> <span class='ocrx_word' id='word_1_257' title='bbox 379 1708 549 1744; x_wconf 86' lang='lat' dir='ltr'>maxima</span> <span class='ocrx_word' id='word_1_258' title='bbox 581 1707 782 1745; x_wconf 89' lang='lat' dir='ltr'>doctorum</span> <span class='ocrx_word' id='word_1_259' title='bbox 815 1708 932 1745; x_wconf 88' lang='lat' dir='ltr'>etiam</span> <span class='ocrx_word' id='word_1_260' title='bbox 966 1706 1016 1744; x_wconf 86' lang='lat' dir='ltr'>ad</span> <span class='ocrx_word' id='word_1_261' title='bbox 1047 1706 1147 1743; x_wconf 89' lang='lat' dir='ltr'>hanc</span> <span class='ocrx_word' id='word_1_262' title='bbox 1179 1707 1439 1743; x_wconf 82' lang='lat' dir='ltr'>astronomiae</span> <span class='ocrx_word' id='word_1_263' title='bbox 1472 1704 1750 1742; x_wconf 79' lang='lat' dir='ltr'>sublimitatem</span> <span class='ocrx_word' id='word_1_264' title='bbox 1783 1702 1899 1740; x_wconf 88' lang='lat' dir='ltr'>intel-</span> 
     </span>
     <span class='ocr_line' id='line_1_27' title="bbox 97 1761 1899 1815; baseline -0.002 -14"><span class='ocrx_word' id='word_1_265' title='bbox 97 1763 200 1802; x_wconf 88' lang='lat' dir='ltr'>lectu</span> <span class='ocrx_word' id='word_1_266' title='bbox 231 1776 302 1802; x_wconf 90' lang='lat' dir='ltr'>suo</span> <span class='ocrx_word' id='word_1_267' title='bbox 335 1776 412 1803; x_wconf 89' lang='lat' dir='ltr'>non</span> <span class='ocrx_word' id='word_1_268' title='bbox 445 1765 643 1812; x_wconf 82' lang='lat' dir='ltr'>ascendat,</span> <span class='ocrx_word' id='word_1_269' title='bbox 678 1778 750 1815; x_wconf 85' lang='lat' dir='ltr'>age</span> <span class='ocrx_word' id='word_1_270' title='bbox 783 1764 1081 1814; x_wconf 87' lang='lat' dir='ltr'>Pythagoraeos</span> <span class='ocrx_word' id='word_1_271' title='bbox 1113 1765 1320 1802; x_wconf 88' lang='lat' dir='ltr'>imitemur.</span> <span class='ocrx_word' id='word_1_272' title='bbox 1382 1763 1573 1800; x_wconf 87' lang='lat' dir='ltr'>Privatim</span> <span class='ocrx_word' id='word_1_273' title='bbox 1605 1774 1675 1800; x_wconf 87' lang='lat' dir='ltr'>nos</span> <span class='ocrx_word' id='word_1_274' title='bbox 1708 1763 1774 1810; x_wconf 89' lang='lat' dir='ltr'>qui</span> <span class='ocrx_word' id='word_1_275' title='bbox 1806 1761 1899 1808; x_wconf 84' lang='lat' dir='ltr'>adit,</span> 
     </span>
     <span class='ocr_line' id='line_1_28' title="bbox 99 1820 1900 1862; baseline -0.002 -3"><span class='ocrx_word' id='word_1_276' title='bbox 99 1825 425 1861; x_wconf 86' lang='lat' dir='ltr'>communicemus</span> <span class='ocrx_word' id='word_1_277' title='bbox 458 1823 513 1860; x_wconf 90' lang='lat' dir='ltr'>illi</span> <span class='ocrx_word' id='word_1_278' title='bbox 546 1823 709 1862; x_wconf 87' lang='lat' dir='ltr'>candide</span> <span class='ocrx_word' id='word_1_279' title='bbox 733 1830 905 1860; x_wconf 86' lang='lat' dir='ltr'>nostram</span> <span class='ocrx_word' id='word_1_280' title='bbox 937 1823 1181 1862; x_wconf 88' lang='lat' dir='ltr'>sententiam.</span> <span class='ocrx_word' id='word_1_281' title='bbox 1226 1822 1388 1860; x_wconf 89' lang='lat' dir='ltr'>Publice</span> <span class='ocrx_word' id='word_1_282' title='bbox 1410 1827 1621 1859; x_wconf 83' lang='lat' dir='ltr'>taceamus.</span> <span class='ocrx_word' id='word_1_283' title='bbox 1675 1820 1750 1857; x_wconf 89' lang='lat' dir='ltr'>Cur</span> <span class='ocrx_word' id='word_1_284' title='bbox 1773 1824 1900 1857; x_wconf 78' lang='lat' dir='ltr'>astro-</span> 
     </span>
     <span class='ocr_line' id='line_1_29' title="bbox 97 1879 1900 1932; baseline -0.002 -15"><span class='ocrx_word' id='word_1_285' title='bbox 97 1882 266 1918; x_wconf 89' lang='lat' dir='ltr'>nomiam</span> <span class='ocrx_word' id='word_1_286' title='bbox 298 1883 536 1920; x_wconf 87' lang='lat' dir='ltr'>astronomia</span> <span class='ocrx_word' id='word_1_287' title='bbox 566 1882 758 1932; x_wconf 88' lang='lat' dir='ltr'>perditum</span> <span class='ocrx_word' id='word_1_288' title='bbox 791 1881 919 1919; x_wconf 87' lang='lat' dir='ltr'>imus‘?</span> <span class='ocrx_word' id='word_1_289' title='bbox 971 1882 1094 1919; x_wconf 87' lang='lat' dir='ltr'>Totus</span> <span class='ocrx_word' id='word_1_290' title='bbox 1127 1881 1293 1918; x_wconf 87' lang='lat' dir='ltr'>mundus</span> <span class='ocrx_word' id='word_1_291' title='bbox 1322 1879 1546 1929; x_wconf 86' lang='lat' dir='ltr'>hujusmodi</span> <span class='ocrx_word' id='word_1_292' title='bbox 1579 1884 1703 1916; x_wconf 89' lang='lat' dir='ltr'>scatet</span> <span class='ocrx_word' id='word_1_293' title='bbox 1730 1879 1900 1915; x_wconf 88' lang='lat' dir='ltr'>homini-</span> 
     </span>
     <span class='ocr_line' id='line_1_30' title="bbox 99 1936 1898 1989; baseline -0.002 -14"><span class='ocrx_word' id='word_1_294' title='bbox 99 1939 184 1987; x_wconf 89' lang='lat' dir='ltr'>bus,</span> <span class='ocrx_word' id='word_1_295' title='bbox 218 1941 284 1988; x_wconf 90' lang='lat' dir='ltr'>qui</span> <span class='ocrx_word' id='word_1_296' title='bbox 315 1941 441 1989; x_wconf 87' lang='lat' dir='ltr'>parati</span> <span class='ocrx_word' id='word_1_297' title='bbox 473 1946 563 1978; x_wconf 83' lang='lat' dir='ltr'>sunt</span> <span class='ocrx_word' id='word_1_298' title='bbox 594 1945 716 1978; x_wconf 82' lang='lat' dir='ltr'>totam</span> <span class='ocrx_word' id='word_1_299' title='bbox 748 1941 1038 1987; x_wconf 85' lang='lat' dir='ltr'>astronomiam,</span> <span class='ocrx_word' id='word_1_300' title='bbox 1071 1939 1104 1976; x_wconf 92' lang='lat' dir='ltr'>si</span> <span class='ocrx_word' id='word_1_301' title='bbox 1126 1939 1341 1988; x_wconf 89' lang='lat' dir='ltr'>Copernieo</span> <span class='ocrx_word' id='word_1_302' title='bbox 1374 1950 1475 1977; x_wconf 86' lang='lat' dir='ltr'>mere</span> <span class='ocrx_word' id='word_1_303' title='bbox 1498 1937 1722 1983; x_wconf 83' lang='lat' dir='ltr'>adhaereat,</span> <span class='ocrx_word' id='word_1_304' title='bbox 1755 1936 1898 1973; x_wconf 84' lang='lat' dir='ltr'>mundo</span> 
     </span>
     <span class='ocr_line' id='line_1_31' title="bbox 99 1994 1900 2048; baseline -0.002 -14"><span class='ocrx_word' id='word_1_305' title='bbox 99 1997 237 2046; x_wconf 88' lang='lat' dir='ltr'>ejicere</span> <span class='ocrx_word' id='word_1_306' title='bbox 270 1997 561 2048; x_wconf 89' lang='lat' dir='ltr'>commodisque</span> <span class='ocrx_word' id='word_1_307' title='bbox 593 1998 784 2037; x_wconf 88' lang='lat' dir='ltr'>artificum</span> <span class='ocrx_word' id='word_1_308' title='bbox 817 1999 1018 2037; x_wconf 86' lang='lat' dir='ltr'>obsistere.</span> <span class='ocrx_word' id='word_1_309' title='bbox 1068 1997 1247 2036; x_wconf 88' lang='lat' dir='ltr'>Artifices</span> <span class='ocrx_word' id='word_1_310' title='bbox 1270 2009 1361 2035; x_wconf 90' lang='lat' dir='ltr'>vero</span> <span class='ocrx_word' id='word_1_311' title='bbox 1394 2009 1440 2034; x_wconf 81' lang='lat' dir='ltr'>ex</span> <span class='ocrx_word' id='word_1_312' title='bbox 1471 2008 1511 2034; x_wconf 88' lang='lat' dir='ltr'>se</span> <span class='ocrx_word' id='word_1_313' title='bbox 1533 1998 1628 2045; x_wconf 87' lang='lat' dir='ltr'>ipsis</span> <span class='ocrx_word' id='word_1_314' title='bbox 1652 1994 1714 2033; x_wconf 90' lang='lat' dir='ltr'>vel</span> <span class='ocrx_word' id='word_1_315' title='bbox 1737 2007 1782 2033; x_wconf 88' lang='lat' dir='ltr'>ex</span> <span class='ocrx_word' id='word_1_316' title='bbox 1805 2006 1900 2031; x_wconf 83' lang='lat' dir='ltr'>aura</span> 
     </span>
     <span class='ocr_line' id='line_1_32' title="bbox 101 2055 1901 2106; baseline -0.002 -14"><span class='ocrx_word' id='word_1_317' title='bbox 101 2057 231 2094; x_wconf 88' lang='lat' dir='ltr'>vivere</span> <span class='ocrx_word' id='word_1_318' title='bbox 269 2068 347 2094; x_wconf 92' lang='lat' dir='ltr'>non</span> <span class='ocrx_word' id='word_1_319' title='bbox 384 2062 560 2106; x_wconf 89' lang='lat' dir='ltr'>possunt.</span> <span class='ocrx_word' id='word_1_320' title='bbox 623 2056 750 2105; x_wconf 85' lang='lat' dir='ltr'>Quare</span> <span class='ocrx_word' id='word_1_321' title='bbox 791 2058 845 2094; x_wconf 87' lang='lat' dir='ltr'>ita</span> <span class='ocrx_word' id='word_1_322' title='bbox 883 2058 922 2093; x_wconf 92' lang='lat' dir='ltr'>in</span> <span class='ocrx_word' id='word_1_323' title='bbox 962 2057 1231 2095; x_wconf 85' lang='lat' dir='ltr'>astronomicis</span> <span class='ocrx_word' id='word_1_324' title='bbox 1264 2068 1443 2104; x_wconf 87' lang='lat' dir='ltr'>agamus,</span> <span class='ocrx_word' id='word_1_325' title='bbox 1488 2060 1531 2092; x_wconf 89' lang='lat' dir='ltr'>ut</span> <span class='ocrx_word' id='word_1_326' title='bbox 1567 2055 1736 2091; x_wconf 80' lang='lat' dir='ltr'>fautores</span> <span class='ocrx_word' id='word_1_327' title='bbox 1775 2058 1901 2090; x_wconf 90' lang='lat' dir='ltr'>astro-</span> 
     </span>
     <span class='ocr_line' id='line_1_33' title="bbox 99 2114 1902 2160; baseline -0.002 -10"><span class='ocrx_word' id='word_1_328' title='bbox 99 2115 253 2152; x_wconf 85' lang='lat' dir='ltr'>nomiae</span> <span class='ocrx_word' id='word_1_329' title='bbox 283 2116 521 2153; x_wconf 88' lang='lat' dir='ltr'>retineamus</span> <span class='ocrx_word' id='word_1_330' title='bbox 555 2120 592 2153; x_wconf 90' lang='lat' dir='ltr'>et</span> <span class='ocrx_word' id='word_1_331' title='bbox 623 2122 666 2153; x_wconf 88' lang='lat' dir='ltr'>ut</span> <span class='ocrx_word' id='word_1_332' title='bbox 697 2127 743 2153; x_wconf 88' lang='lat' dir='ltr'>ne</span> <span class='ocrx_word' id='word_1_333' title='bbox 777 2116 1004 2153; x_wconf 85' lang='lat' dir='ltr'>esuriamus.</span> <span class='ocrx_word' id='word_1_334' title='bbox 1066 2117 1122 2152; x_wconf 87' lang='lat' dir='ltr'>Ad</span> <span class='ocrx_word' id='word_1_335' title='bbox 1155 2116 1504 2160; x_wconf 84' lang='lat' dir='ltr'>Chronologiam</span> <span class='ocrx_word' id='word_1_336' title='bbox 1534 2115 1628 2149; x_wconf 86' lang='lat' dir='ltr'>redit</span> <span class='ocrx_word' id='word_1_337' title='bbox 1660 2114 1840 2158; x_wconf 87' lang='lat' dir='ltr'>Keplerus</span> <span class='ocrx_word' id='word_1_338' title='bbox 1867 2114 1902 2147; x_wconf 88' lang='lat' dir='ltr'>in</span> 
     </span>
     <span class='ocr_line' id='line_1_34' title="bbox 96 2175 1904 2220; baseline -0.002 -12"><span class='ocrx_word' id='word_1_339' title='bbox 96 2175 209 2210; x_wconf 93' lang='lat' dir='ltr'>literis</span> <span class='ocrx_word' id='word_1_340' title='bbox 235 2175 268 2209; x_wconf 90' lang='lat' dir='ltr'>d.</span> <span class='ocrx_word' id='word_1_341' title='bbox 298 2175 331 2211; x_wconf 94' lang='lat'>9.</span> <span class='ocrx_word' id='word_1_342' title='bbox 357 2176 586 2218; x_wconf 86' lang='lat' dir='ltr'>Decembris,</span> <span class='ocrx_word' id='word_1_343' title='bbox 621 2175 845 2220; x_wconf 88' lang='lat' dir='ltr'>respondens</span> <span class='ocrx_word' id='word_1_344' title='bbox 872 2175 916 2210; x_wconf 87' lang='lat' dir='ltr'>ad</span> <span class='ocrx_word' id='word_1_345' title='bbox 942 2175 1127 2210; x_wconf 83' lang='lat' dir='ltr'>Maestlini</span> <span class='ocrx_word' id='word_1_346' title='bbox 1155 2175 1262 2211; x_wconf 87' lang='lat' dir='ltr'>dubia</span> <span class='ocrx_word' id='word_1_347' title='bbox 1292 2176 1336 2211; x_wconf 85' lang='lat' dir='ltr'>de</span> <span class='ocrx_word' id='word_1_348' title='bbox 1361 2176 1482 2220; x_wconf 85' lang='lat' dir='ltr'>positu</span> <span class='ocrx_word' id='word_1_349' title='bbox 1516 2175 1760 2219; x_wconf 82' lang='lat' dir='ltr'>planetarum,</span> <span class='ocrx_word' id='word_1_350' title='bbox 1799 2182 1904 2215; x_wconf 87' lang='lat' dir='ltr'>quem</span> 
     </span>
     <span class='ocr_line' id='line_1_35' title="bbox 96 2231 1903 2278; baseline -0.001 -12"><span class='ocrx_word' id='word_1_351' title='bbox 96 2231 220 2267; x_wconf 90' lang='lat' dir='ltr'>ultimo</span> <span class='ocrx_word' id='word_1_352' title='bbox 246 2232 364 2277; x_wconf 90' lang='lat' dir='ltr'>capite</span> <span class='ocrx_word' id='word_1_353' title='bbox 389 2232 575 2268; x_wconf 87' lang='lat' dir='ltr'>Prodromi</span> <span class='ocrx_word' id='word_1_354' title='bbox 604 2233 838 2277; x_wconf 72' lang='lat' dir='ltr'>inquisiverat</span> <span class='ocrx_word' id='word_1_355' title='bbox 859 2234 1051 2278; x_wconf 86' lang='lat' dir='ltr'>Keplerus.</span> <span class='ocrx_word' id='word_1_356' title='bbox 1092 2234 1277 2269; x_wconf 86' lang='lat' dir='ltr'>Recedere</span> <span class='ocrx_word' id='word_1_357' title='bbox 1302 2245 1341 2269; x_wconf 90' lang='lat' dir='ltr'>se</span> <span class='ocrx_word' id='word_1_358' title='bbox 1366 2234 1506 2268; x_wconf 75' lang='lat' dir='ltr'>dixerat</span> <span class='ocrx_word' id='word_1_359' title='bbox 1527 2232 1741 2267; x_wconf 88' lang='lat' dir='ltr'>Maestlinus</span> <span class='ocrx_word' id='word_1_360' title='bbox 1767 2241 1786 2265; x_wconf 88' lang='lat' dir='ltr'>a</span> <span class='ocrx_word' id='word_1_361' title='bbox 1811 2241 1903 2265; x_wconf 89' lang='lat' dir='ltr'>com-</span> 
     </span>
     <span class='ocr_line' id='line_1_36' title="bbox 98 2288 1904 2337; baseline -0.001 -13"><span class='ocrx_word' id='word_1_362' title='bbox 98 2291 197 2325; x_wconf 87' lang='lat' dir='ltr'>muni</span> <span class='ocrx_word' id='word_1_363' title='bbox 222 2290 521 2335; x_wconf 84' lang='lat' dir='ltr'>chronologorum</span> <span class='ocrx_word' id='word_1_364' title='bbox 547 2293 748 2337; x_wconf 84' lang='lat' dir='ltr'>sententia,</span> <span class='ocrx_word' id='word_1_365' title='bbox 784 2292 945 2337; x_wconf 87' lang='lat' dir='ltr'>inprimis</span> <span class='ocrx_word' id='word_1_366' title='bbox 970 2292 1007 2326; x_wconf 94' lang='lat' dir='ltr'>in</span> <span class='ocrx_word' id='word_1_367' title='bbox 1035 2303 1182 2327; x_wconf 88' lang='lat' dir='ltr'>numero</span> <span class='ocrx_word' id='word_1_368' title='bbox 1216 2293 1284 2328; x_wconf 70' lang='grc'>480</span> <span class='ocrx_word' id='word_1_369' title='bbox 1313 2303 1487 2327; x_wconf 89' lang='lat' dir='ltr'>annorum</span> <span class='ocrx_word' id='word_1_370' title='bbox 1513 2293 1562 2333; x_wconf 91' lang='lat'>(1.</span> <span class='ocrx_word' id='word_1_371' title='bbox 1590 2293 1668 2331; x_wconf 84' lang='lat' dir='ltr'>Reg.</span> <span class='ocrx_word' id='word_1_372' title='bbox 1697 2291 1767 2333; x_wconf 88' lang='lat'>11.)</span> <span class='ocrx_word' id='word_1_373' title='bbox 1795 2294 1830 2324; x_wconf 90' lang='lat' dir='ltr'>et</span> <span class='ocrx_word' id='word_1_374' title='bbox 1855 2288 1904 2323; x_wconf 78' lang='lat' dir='ltr'>sic</span> 
     </span>
     <span class='ocr_line' id='line_1_37' title="bbox 99 2348 1905 2395; baseline -0.001 -12"><span class='ocrx_word' id='word_1_375' title='bbox 99 2349 342 2384; x_wconf 88' lang='lat' dir='ltr'>concluserat:</span> <span class='ocrx_word' id='word_1_376' title='bbox 372 2349 428 2392; x_wconf 77' lang='lat' dir='ltr'>„in</span> <span class='ocrx_word' id='word_1_377' title='bbox 455 2360 610 2395; x_wconf 87' lang='lat' dir='ltr'>summa,</span> <span class='ocrx_word' id='word_1_378' title='bbox 645 2355 787 2395; x_wconf 87' lang='lat' dir='ltr'>oportet</span> <span class='ocrx_word' id='word_1_379' title='bbox 811 2354 853 2385; x_wconf 88' lang='lat' dir='ltr'>ut</span> <span class='ocrx_word' id='word_1_380' title='bbox 878 2349 1039 2386; x_wconf 89' lang='lat' dir='ltr'>calculus</span> <span class='ocrx_word' id='word_1_381' title='bbox 1074 2351 1336 2386; x_wconf 89' lang='lat' dir='ltr'>astronomicus</span> <span class='ocrx_word' id='word_1_382' title='bbox 1370 2362 1449 2385; x_wconf 86' lang='lat' dir='ltr'>cum</span> <span class='ocrx_word' id='word_1_383' title='bbox 1472 2348 1610 2384; x_wconf 86' lang='lat' dir='ltr'>calculo</span> <span class='ocrx_word' id='word_1_384' title='bbox 1634 2353 1835 2393; x_wconf 87' lang='lat' dir='ltr'>temporum</span> <span class='ocrx_word' id='word_1_385' title='bbox 1861 2358 1905 2382; x_wconf 82' lang='lat' dir='ltr'>ex</span> 
     </span>
     <span class='ocr_line' id='line_1_38' title="bbox 99 2405 1905 2453; baseline -0.003 -11"><span class='ocrx_word' id='word_1_386' title='bbox 99 2418 204 2442; x_wconf 87' lang='lat' dir='ltr'>sacra</span> <span class='ocrx_word' id='word_1_387' title='bbox 228 2408 381 2443; x_wconf 85' lang='lat' dir='ltr'>historia</span> <span class='ocrx_word' id='word_1_388' title='bbox 414 2419 599 2444; x_wconf 81' lang='lat' dir='ltr'>connexus</span> <span class='ocrx_word' id='word_1_389' title='bbox 630 2413 841 2452; x_wconf 85' lang='lat' dir='ltr'>permaneat</span> <span class='ocrx_word' id='word_1_390' title='bbox 867 2412 903 2442; x_wconf 90' lang='lat' dir='ltr'>et</span> <span class='ocrx_word' id='word_1_391' title='bbox 926 2419 998 2442; x_wconf 85' lang='lat' dir='ltr'>una</span> <span class='ocrx_word' id='word_1_392' title='bbox 1023 2407 1259 2453; x_wconf 52' lang='lat' dir='ltr'>procedantf·</span> <span class='ocrx_word' id='word_1_393' title='bbox 1310 2408 1366 2443; x_wconf 90' lang='lat' dir='ltr'>Ad</span> <span class='ocrx_word' id='word_1_394' title='bbox 1391 2408 1481 2442; x_wconf 89' lang='lat' dir='ltr'>haec</span> <span class='ocrx_word' id='word_1_395' title='bbox 1506 2406 1684 2451; x_wconf 80' lang='lat' dir='ltr'>Keplerus</span> <span class='ocrx_word' id='word_1_396' title='bbox 1718 2405 1905 2449; x_wconf 86' lang='lat' dir='ltr'>respondit</span> 
     </span>
     <span class='ocr_line' id='line_1_39' title="bbox 74 2465 1903 2511; baseline -0.003 -11"><span class='ocrx_word' id='word_1_397' title='bbox 74 2470 215 2500; x_wconf 45' lang='lat' dir='ltr'>‘totum</span> <span class='ocrx_word' id='word_1_398' title='bbox 239 2476 278 2501; x_wconf 91' lang='lat' dir='ltr'>se</span> <span class='ocrx_word' id='word_1_399' title='bbox 302 2466 339 2500; x_wconf 94' lang='lat' dir='ltr'>in</span> <span class='ocrx_word' id='word_1_400' title='bbox 364 2466 618 2511; x_wconf 86' lang='lat' dir='ltr'>chronologiae</span> <span class='ocrx_word' id='word_1_401' title='bbox 644 2465 812 2501; x_wconf 83' lang='lat' dir='ltr'>Judicum</span> <span class='ocrx_word' id='word_1_402' title='bbox 847 2466 1137 2502; x_wconf 85' lang='lat' dir='ltr'>consideratione</span> <span class='ocrx_word' id='word_1_403' title='bbox 1165 2466 1358 2511; x_wconf 87' lang='lat' dir='ltr'>collocans,</span> <span class='ocrx_word' id='word_1_404' title='bbox 1385 2477 1457 2500; x_wconf 91' lang='lat' dir='ltr'>non</span> <span class='ocrx_word' id='word_1_405' title='bbox 1485 2465 1677 2509; x_wconf 85' lang='lat' dir='ltr'>impeditus</span> <span class='ocrx_word' id='word_1_406' title='bbox 1701 2469 1903 2506; x_wconf 89' lang='lat' dir='ltr'>temporum</span> 
     </span>
     <span class='ocr_line' id='line_1_40' title="bbox 102 2520 1905 2569; baseline -0.002 -12"><span class='ocrx_word' id='word_1_407' title='bbox 102 2523 324 2567; x_wconf 87' lang='lat' dir='ltr'>difficultate,</span> <span class='ocrx_word' id='word_1_408' title='bbox 339 2523 432 2558; x_wconf 87' lang='lat' dir='ltr'>hanc</span> <span class='ocrx_word' id='word_1_409' title='bbox 450 2523 718 2567; x_wconf 86' lang='lat' dir='ltr'>chronologiam</span> <span class='ocrx_word' id='word_1_410' title='bbox 735 2524 805 2568; x_wconf 87' lang='lat' dir='ltr'>ipsi</span> <span class='ocrx_word' id='word_1_411' title='bbox 821 2528 919 2559; x_wconf 90' lang='lat' dir='ltr'>totos</span> <span class='ocrx_word' id='word_1_412' title='bbox 940 2534 1048 2569; x_wconf 81' lang='lat' dir='ltr'>saepe</span> <span class='ocrx_word' id='word_1_413' title='bbox 1068 2525 1154 2568; x_wconf 83' lang='lat' dir='ltr'>dies,</span> <span class='ocrx_word' id='word_1_414' title='bbox 1170 2525 1240 2559; x_wconf 92' lang='lat' dir='ltr'>imo</span> <span class='ocrx_word' id='word_1_415' title='bbox 1259 2525 1479 2568; x_wconf 86' lang='lat' dir='ltr'>septimanas</span> <span class='ocrx_word' id='word_1_416' title='bbox 1499 2522 1674 2566; x_wconf 86' lang='lat' dir='ltr'>abripere,</span> <span class='ocrx_word' id='word_1_417' title='bbox 1695 2526 1731 2555; x_wconf 86' lang='lat' dir='ltr'>et</span> <span class='ocrx_word' id='word_1_418' title='bbox 1747 2520 1905 2556; x_wconf 84' lang='lat' dir='ltr'>collectis</span> 
     </span>
     <span class='ocr_line' id='line_1_41' title="bbox 105 2579 1904 2626; baseline -0.002 -10"><span class='ocrx_word' id='word_1_419' title='bbox 105 2592 149 2616; x_wconf 85' lang='lat' dir='ltr'>ex</span> <span class='ocrx_word' id='word_1_420' title='bbox 165 2581 287 2616; x_wconf 89' lang='lat' dir='ltr'>bibliis</span> <span class='ocrx_word' id='word_1_421' title='bbox 305 2581 468 2625; x_wconf 89' lang='lat' dir='ltr'>plurimis</span> <span class='ocrx_word' id='word_1_422' title='bbox 485 2581 698 2616; x_wconf 89' lang='lat' dir='ltr'>testimoniis</span> <span class='ocrx_word' id='word_1_423' title='bbox 718 2582 791 2626; x_wconf 88' lang='lat' dir='ltr'>(IV.</span> <span class='ocrx_word' id='word_1_424' title='bbox 810 2585 852 2615; x_wconf 78' lang='lat'>65</span> <span class='ocrx_word' id='word_1_425' title='bbox 872 2583 933 2625; x_wconf 83' lang='lat' dir='ltr'>ss.)</span> <span class='ocrx_word' id='word_1_426' title='bbox 959 2582 1144 2616; x_wconf 84' lang='lat' dir='ltr'>Maestlini</span> <span class='ocrx_word' id='word_1_427' title='bbox 1158 2582 1334 2626; x_wconf 86' lang='lat' dir='ltr'>judicium</span> <span class='ocrx_word' id='word_1_428' title='bbox 1352 2582 1419 2616; x_wconf 88' lang='lat' dir='ltr'>sibi</span> <span class='ocrx_word' id='word_1_429' title='bbox 1437 2581 1586 2626; x_wconf 82' lang='lat' dir='ltr'>expetit,</span> <span class='ocrx_word' id='word_1_430' title='bbox 1615 2580 1675 2623; x_wconf 89' lang='lat' dir='ltr'>qui</span> <span class='ocrx_word' id='word_1_431' title='bbox 1693 2579 1725 2614; x_wconf 91' lang='lat' dir='ltr'>d.</span> <span class='ocrx_word' id='word_1_432' title='bbox 1746 2580 1804 2614; x_wconf 76' lang='lat'>22.</span> <span class='ocrx_word' id='word_1_433' title='bbox 1822 2579 1904 2613; x_wconf 79' lang='lat' dir='ltr'>Jan.</span> 
     </span>
     <span class='ocr_line' id='line_1_42' title="bbox 109 2637 1905 2684; baseline -0.002 -9"><span class='ocrx_word' id='word_1_434' title='bbox 109 2640 197 2675; x_wconf 80' lang='lat'>1599</span> <span class='ocrx_word' id='word_1_435' title='bbox 221 2639 429 2684; x_wconf 84' lang='lat' dir='ltr'>respondit:</span> <span class='ocrx_word' id='word_1_436' title='bbox 471 2639 669 2683; x_wconf 76' lang='lat' dir='ltr'>„intelligo,</span> <span class='ocrx_word' id='word_1_437' title='bbox 696 2650 803 2683; x_wconf 89' lang='lat' dir='ltr'>quam</span> <span class='ocrx_word' id='word_1_438' title='bbox 829 2639 1019 2683; x_wconf 85' lang='lat' dir='ltr'>diligenter</span> <span class='ocrx_word' id='word_1_439' title='bbox 1043 2640 1216 2684; x_wconf 84' lang='lat' dir='ltr'>pleraque</span> <span class='ocrx_word' id='word_1_440' title='bbox 1240 2639 1319 2674; x_wconf 85' lang='lat' dir='ltr'>loca</span> <span class='ocrx_word' id='word_1_441' title='bbox 1343 2644 1471 2674; x_wconf 88' lang='lat' dir='ltr'>notatu</span> <span class='ocrx_word' id='word_1_442' title='bbox 1498 2639 1606 2683; x_wconf 84' lang='lat' dir='ltr'>digna</span> <span class='ocrx_word' id='word_1_443' title='bbox 1631 2637 1763 2681; x_wconf 86' lang='lat' dir='ltr'>legeris</span> <span class='ocrx_word' id='word_1_444' title='bbox 1790 2642 1825 2671; x_wconf 84' lang='lat' dir='ltr'>et</span> <span class='ocrx_word' id='word_1_445' title='bbox 1849 2648 1905 2671; x_wconf 90' lang='lat' dir='ltr'>me</span> 
     </span>
     <span class='ocr_line' id='line_1_43' title="bbox 107 2695 1906 2742; baseline -0.003 -9"><span class='ocrx_word' id='word_1_446' title='bbox 107 2708 250 2742; x_wconf 87' lang='lat' dir='ltr'>quoque</span> <span class='ocrx_word' id='word_1_447' title='bbox 278 2698 321 2732; x_wconf 90' lang='lat' dir='ltr'>de</span> <span class='ocrx_word' id='word_1_448' title='bbox 346 2697 479 2740; x_wconf 90' lang='lat' dir='ltr'>multis,</span> <span class='ocrx_word' id='word_1_449' title='bbox 507 2707 598 2741; x_wconf 90' lang='lat' dir='ltr'>quae</span> <span class='ocrx_word' id='word_1_450' title='bbox 623 2706 694 2731; x_wconf 90' lang='lat' dir='ltr'>non</span> <span class='ocrx_word' id='word_1_451' title='bbox 723 2697 812 2731; x_wconf 89' lang='lat' dir='ltr'>adeo</span> <span class='ocrx_word' id='word_1_452' title='bbox 839 2697 1170 2741; x_wconf 86' lang='lat' dir='ltr'>animadverteram,</span> <span class='ocrx_word' id='word_1_453' title='bbox 1199 2698 1406 2733; x_wconf 83' lang='lat' dir='ltr'>admones“.</span> <span class='ocrx_word' id='word_1_454' title='bbox 1449 2696 1549 2739; x_wconf 80' lang='lat' dir='ltr'>Quae</span> <span class='ocrx_word' id='word_1_455' title='bbox 1575 2695 1619 2730; x_wconf 86' lang='lat' dir='ltr'>ad</span> <span class='ocrx_word' id='word_1_456' title='bbox 1644 2696 1733 2729; x_wconf 88' lang='lat' dir='ltr'>hacc</span> <span class='ocrx_word' id='word_1_457' title='bbox 1758 2705 1906 2739; x_wconf 87' lang='lat' dir='ltr'>respon-</span> 
     </span>
     <span class='ocr_line' id='line_1_44' title="bbox 107 2754 1143 2800; baseline 0 -11"><span class='ocrx_word' id='word_1_458' title='bbox 107 2755 200 2790; x_wconf 86' lang='lat' dir='ltr'>derit</span> <span class='ocrx_word' id='word_1_459' title='bbox 224 2754 403 2800; x_wconf 86' lang='lat' dir='ltr'>Keplerus</span> <span class='ocrx_word' id='word_1_460' title='bbox 429 2756 497 2797; x_wconf 74' lang='lat'>(26.</span> <span class='ocrx_word' id='word_1_461' title='bbox 524 2755 633 2797; x_wconf 82' lang='lat' dir='ltr'>Febr.)</span> <span class='ocrx_word' id='word_1_462' title='bbox 659 2755 828 2799; x_wconf 86' lang='lat' dir='ltr'>leguntur</span> <span class='ocrx_word' id='word_1_463' title='bbox 852 2755 920 2790; x_wconf 88' lang='lat' dir='ltr'>vol.</span> <span class='ocrx_word' id='word_1_464' title='bbox 946 2755 1007 2789; x_wconf 90' lang='lat' dir='ltr'>IV.</span> <span class='ocrx_word' id='word_1_465' title='bbox 1033 2767 1069 2799; x_wconf 80' lang='lat' dir='ltr'>p.</span> <span class='ocrx_word' id='word_1_466' title='bbox 1088 2757 1143 2791; x_wconf 69' lang='lat'>70.</span> 
     </span>
    </p>

    <p class='ocr_par' dir='ltr' id='par_1_9' title="bbox 110 2810 1907 2972">
     <span class='ocr_line' id='line_1_45' title="bbox 247 2810 1906 2857; baseline -0.002 -9"><span class='ocrx_word' id='word_1_467' title='bbox 247 2813 347 2857; x_wconf 81' lang='lat' dir='ltr'>Quae</span> <span class='ocrx_word' id='word_1_468' title='bbox 372 2813 441 2847; x_wconf 91' lang='lat' dir='ltr'>hoc</span> <span class='ocrx_word' id='word_1_469' title='bbox 467 2823 572 2856; x_wconf 90' lang='lat' dir='ltr'>anno,</span> <span class='ocrx_word' id='word_1_470' title='bbox 600 2812 693 2847; x_wconf 83' lang='lat' dir='ltr'>sicut</span> <span class='ocrx_word' id='word_1_471' title='bbox 709 2812 886 2856; x_wconf 88' lang='lat' dir='ltr'>prioribus</span> <span class='ocrx_word' id='word_1_472' title='bbox 906 2812 1008 2846; x_wconf 87' lang='lat' dir='ltr'>annis</span> <span class='ocrx_word' id='word_1_473' title='bbox 1027 2816 1063 2846; x_wconf 91' lang='lat' dir='ltr'>et</span> <span class='ocrx_word' id='word_1_474' title='bbox 1082 2814 1249 2856; x_wconf 85' lang='lat' dir='ltr'>sequenti</span> <span class='ocrx_word' id='word_1_475' title='bbox 1270 2814 1356 2849; x_wconf 84' lang='lat'>1599</span> <span class='ocrx_word' id='word_1_476' title='bbox 1375 2824 1454 2847; x_wconf 90' lang='lat' dir='ltr'>cum</span> <span class='ocrx_word' id='word_1_477' title='bbox 1473 2811 1667 2846; x_wconf 87' lang='lat' dir='ltr'>Maestlino</span> <span class='ocrx_word' id='word_1_478' title='bbox 1685 2816 1721 2846; x_wconf 90' lang='lat' dir='ltr'>et</span> <span class='ocrx_word' id='word_1_479' title='bbox 1736 2810 1906 2855; x_wconf 80' lang='lat' dir='ltr'>Tychone</span> 
     </span>
     <span class='ocr_line' id='line_1_46' title="bbox 110 2869 1907 2915; baseline -0.001 -9"><span class='ocrx_word' id='word_1_480' title='bbox 110 2871 152 2907; x_wconf 87' lang='lat' dir='ltr'>de</span> <span class='ocrx_word' id='word_1_481' title='bbox 176 2871 344 2906; x_wconf 87' lang='lat' dir='ltr'>Raimaro</span> <span class='ocrx_word' id='word_1_482' title='bbox 369 2871 462 2906; x_wconf 89' lang='lat' dir='ltr'>Urso</span> <span class='ocrx_word' id='word_1_483' title='bbox 489 2881 554 2915; x_wconf 90' lang='lat' dir='ltr'>per</span> <span class='ocrx_word' id='word_1_484' title='bbox 578 2870 700 2904; x_wconf 86' lang='lat' dir='ltr'>literas</span> <span class='ocrx_word' id='word_1_485' title='bbox 727 2869 799 2913; x_wconf 86' lang='lat' dir='ltr'>egit</span> <span class='ocrx_word' id='word_1_486' title='bbox 824 2869 1018 2913; x_wconf 85' lang='lat' dir='ltr'>Keplerus,</span> <span class='ocrx_word' id='word_1_487' title='bbox 1044 2870 1213 2914; x_wconf 86' lang='lat' dir='ltr'>leguntur</span> <span class='ocrx_word' id='word_1_488' title='bbox 1236 2869 1305 2903; x_wconf 92' lang='lat' dir='ltr'>vol.</span> <span class='ocrx_word' id='word_1_489' title='bbox 1324 2870 1352 2903; x_wconf 91' lang='lat' dir='ltr'>I.</span> <span class='ocrx_word' id='word_1_490' title='bbox 1377 2882 1412 2915; x_wconf 88' lang='lat' dir='ltr'>p.</span> <span class='ocrx_word' id='word_1_491' title='bbox 1431 2871 1498 2904; x_wconf 74' lang='lat'>‘217</span> <span class='ocrx_word' id='word_1_492' title='bbox 1516 2880 1581 2913; x_wconf 80' lang='lat' dir='ltr'>ss.;</span> <span class='ocrx_word' id='word_1_493' title='bbox 1609 2869 1791 2914; x_wconf 75' lang='lat' dir='ltr'>Tychonis</span> <span class='ocrx_word' id='word_1_494' title='bbox 1811 2869 1907 2914; x_wconf 75' lang='lat' dir='ltr'>judi-</span> 
     </span>
     <span class='ocr_line' id='line_1_47' title="bbox 112 2927 1398 2972; baseline -0.002 -8"><span class='ocrx_word' id='word_1_495' title='bbox 112 2929 205 2965; x_wconf 92' lang='lat' dir='ltr'>cium</span> <span class='ocrx_word' id='word_1_496' title='bbox 233 2930 276 2964; x_wconf 86' lang='lat' dir='ltr'>de</span> <span class='ocrx_word' id='word_1_497' title='bbox 299 2929 510 2972; x_wconf 88' lang='lat' dir='ltr'>Prodromo,</span> <span class='ocrx_word' id='word_1_498' title='bbox 538 2928 661 2962; x_wconf 86' lang='lat' dir='ltr'>datum</span> <span class='ocrx_word' id='word_1_499' title='bbox 688 2937 810 2962; x_wconf 82' lang='lat' dir='ltr'>mense</span> <span class='ocrx_word' id='word_1_500' title='bbox 834 2927 962 2971; x_wconf 89' lang='lat' dir='ltr'>Aprili,</span> <span class='ocrx_word' id='word_1_501' title='bbox 989 2931 1109 2962; x_wconf 84' lang='lat' dir='ltr'>exstat</span> <span class='ocrx_word' id='word_1_502' title='bbox 1135 2927 1204 2962; x_wconf 89' lang='lat' dir='ltr'>vol.</span> <span class='ocrx_word' id='word_1_503' title='bbox 1230 2928 1256 2961; x_wconf 93' lang='grc' dir='ltr'>Ι.</span> <span class='ocrx_word' id='word_1_504' title='bbox 1280 2939 1314 2971; x_wconf 88' lang='lat' dir='ltr'>p.</span> <span class='ocrx_word' id='word_1_505' title='bbox 1341 2928 1398 2962; x_wconf 68' lang='lat'>43.</span> 
     </span>
    </p>
   </div>
   <div class='ocr_carea' id='block_1_6' title="bbox 113 2984 1907 3192">
    <p class='ocr_par' dir='ltr' id='par_1_10' title="bbox 113 2984 1907 3192">
     <span class='ocr_line' id='line_1_48' title="bbox 250 2984 1905 3030; baseline -0.002 -8"><span class='ocrx_word' id='word_1_506' title='bbox 250 2987 340 3022; x_wconf 88' lang='lat' dir='ltr'>Zeh</span> <span class='ocrx_word' id='word_1_507' title='bbox 352 2998 401 3022; x_wconf 90' lang='lat' dir='ltr'>en</span> <span class='ocrx_word' id='word_1_508' title='bbox 413 2986 645 3030; x_wconf 87' lang='lat' dir='ltr'>tmajerus‚</span> <span class='ocrx_word' id='word_1_509' title='bbox 673 2984 888 3021; x_wconf 87' lang='lat' dir='ltr'>secretarius</span> <span class='ocrx_word' id='word_1_510' title='bbox 907 2985 1059 3019; x_wconf 87' lang='lat' dir='ltr'>Baronis</span> <span class='ocrx_word' id='word_1_511' title='bbox 1078 2984 1122 3018; x_wconf 91' lang='lat' dir='ltr'>ab</span> <span class='ocrx_word' id='word_1_512' title='bbox 1149 2985 1384 3020; x_wconf 88' lang='lat' dir='ltr'>Herberstein</span> <span class='ocrx_word' id='word_1_513' title='bbox 1403 2986 1553 3029; x_wconf 82' lang='lat' dir='ltr'>(„fratris</span> <span class='ocrx_word' id='word_1_514' title='bbox 1571 2988 1740 3027; x_wconf 84' lang='lat' dir='ltr'>capitanei</span> <span class='ocrx_word' id='word_1_515' title='bbox 1765 2989 1905 3029; x_wconf 70' lang='lat' dir='ltr'>provin·</span> 
     </span>
     <span class='ocr_line' id='line_1_49' title="bbox 113 3037 1906 3082; baseline 0.001 -9"><span class='ocrx_word' id='word_1_516' title='bbox 113 3045 181 3074; x_wconf 85' lang='lat' dir='ltr'>ciae</span> <span class='ocrx_word' id='word_1_517' title='bbox 197 3042 346 3082; x_wconf 81' lang='lat' dir='ltr'>Styriae“</span> <span class='ocrx_word' id='word_1_518' title='bbox 375 3045 429 3074; x_wconf 84' lang='lat' dir='ltr'>cui</span> <span class='ocrx_word' id='word_1_519' title='bbox 446 3042 645 3074; x_wconf 86' lang='lat' dir='ltr'>Prodromus</span> <span class='ocrx_word' id='word_1_520' title='bbox 664 3041 833 3072; x_wconf 83' lang='lat' dir='ltr'>dedicatus</span> <span class='ocrx_word' id='word_1_521' title='bbox 853 3039 924 3082; x_wconf 79' lang='lat' dir='ltr'>est),</span> <span class='ocrx_word' id='word_1_522' title='bbox 950 3038 1086 3071; x_wconf 87' lang='lat' dir='ltr'>amicus</span> <span class='ocrx_word' id='word_1_523' title='bbox 1104 3037 1262 3081; x_wconf 78' lang='lat' dir='ltr'>Kepleri,</span> <span class='ocrx_word' id='word_1_524' title='bbox 1286 3038 1384 3072; x_wconf 78' lang='lat' dir='ltr'>varia</span> <span class='ocrx_word' id='word_1_525' title='bbox 1409 3049 1489 3073; x_wconf 91' lang='lat' dir='ltr'>cum</span> <span class='ocrx_word' id='word_1_526' title='bbox 1516 3048 1557 3072; x_wconf 91' lang='lat' dir='ltr'>eo</span> <span class='ocrx_word' id='word_1_527' title='bbox 1585 3038 1657 3080; x_wconf 86' lang='lat' dir='ltr'>egit</span> <span class='ocrx_word' id='word_1_528' title='bbox 1683 3048 1747 3081; x_wconf 90' lang='lat' dir='ltr'>per</span> <span class='ocrx_word' id='word_1_529' title='bbox 1771 3038 1906 3074; x_wconf 65' lang='lat' dir='ltr'>literas,</span> 
     </span>
     <span class='ocr_line' id='line_1_50' title="bbox 114 3090 1905 3137; baseline -0.003 -9"><span class='ocrx_word' id='word_1_530' title='bbox 114 3101 265 3136; x_wconf 90' lang='lat' dir='ltr'>quorum</span> <span class='ocrx_word' id='word_1_531' title='bbox 283 3098 482 3128; x_wconf 86' lang='lat' dir='ltr'>memoratu</span> <span class='ocrx_word' id='word_1_532' title='bbox 500 3092 662 3137; x_wconf 83' lang='lat' dir='ltr'>digniora</span> <span class='ocrx_word' id='word_1_533' title='bbox 687 3091 932 3135; x_wconf 83' lang='lat' dir='ltr'>excerpsimus</span> <span class='ocrx_word' id='word_1_534' title='bbox 953 3091 1100 3133; x_wconf 84' lang='lat' dir='ltr'>(Kepleri</span> <span class='ocrx_word' id='word_1_535' title='bbox 1118 3094 1349 3133; x_wconf 80' lang='lat' dir='ltr'>responsiones</span> <span class='ocrx_word' id='word_1_536' title='bbox 1375 3103 1487 3125; x_wconf 83' lang='lat' dir='ltr'>omnes</span> <span class='ocrx_word' id='word_1_537' title='bbox 1515 3092 1779 3135; x_wconf 82' lang='lat' dir='ltr'>desiderantur.).</span> <span class='ocrx_word' id='word_1_538' title='bbox 1816 3090 1905 3123; x_wconf 90' lang='lat' dir='ltr'>Con-</span> 
     </span>
     <span class='ocr_line' id='line_1_51' title="bbox 114 3143 1907 3192; baseline -0.003 -12"><span class='ocrx_word' id='word_1_539' title='bbox 114 3146 313 3192; x_wconf 82' lang='lat' dir='ltr'>stitueram,</span> <span class='ocrx_word' id='word_1_540' title='bbox 331 3146 476 3191; x_wconf 85' lang='lat' dir='ltr'>scripsit</span> <span class='ocrx_word' id='word_1_541' title='bbox 493 3144 788 3189; x_wconf 79' lang='lat' dir='ltr'>ZehentmaJerus</span> <span class='ocrx_word' id='word_1_542' title='bbox 807 3145 874 3187; x_wconf 74' lang='lat'>(15.</span> <span class='ocrx_word' id='word_1_543' title='bbox 893 3144 980 3179; x_wconf 91' lang='lat' dir='ltr'>Nov.</span> <span class='ocrx_word' id='word_1_544' title='bbox 1003 3153 1047 3178; x_wconf 84' lang='lat' dir='ltr'>ex</span> <span class='ocrx_word' id='word_1_545' title='bbox 1065 3154 1148 3180; x_wconf 88' lang='lat' dir='ltr'>arce</span> <span class='ocrx_word' id='word_1_546' title='bbox 1166 3143 1398 3188; x_wconf 87' lang='lat' dir='ltr'>Guttenhag)‚</span> <span class='ocrx_word' id='word_1_547' title='bbox 1424 3144 1579 3179; x_wconf 87' lang='lat' dir='ltr'>antehac</span> <span class='ocrx_word' id='word_1_548' title='bbox 1596 3145 1631 3178; x_wconf 89' lang='lat' dir='ltr'>in</span> <span class='ocrx_word' id='word_1_549' title='bbox 1649 3143 1806 3188; x_wconf 85' lang='lat' dir='ltr'>Ungaria</span> <span class='ocrx_word' id='word_1_550' title='bbox 1823 3152 1907 3177; x_wconf 83' lang='lat' dir='ltr'>exu-</span> 
     </span>
    </p>
   </div>
  </div>
 </body>
</html>
