<?xml version="1.0" encoding="UTF-8"?>
<!DOCTYPE html PUBLIC "-//W3C//DTD XHTML 1.0 Transitional//EN"
    "http://www.w3.org/TR/xhtml1/DTD/xhtml1-transitional.dtd">
<html xmlns="http://www.w3.org/1999/xhtml" xml:lang="en" lang="en">
 <head>
  <title>
</title>
<meta http-equiv="Content-Type" content="text/html;charset=utf-8" />
  <meta name='ocr-system' content='tesseract 3.04.00' />
  <meta name='ocr-capabilities' content='ocr_page ocr_carea ocr_par ocr_line ocrx_word'/>
</head>
<body>
  <div class='ocr_page' id='page_1' title='image "./p2operaomniaedid08kepluoft_0391.png"; bbox 0 0 2126 3388; ppageno 0'>
   <div class='ocr_carea' id='block_1_1' title="bbox 807 190 1898 238">
    <p class='ocr_par' dir='ltr' id='par_1_1' title="bbox 807 190 1898 238">
     <span class='ocr_line' id='line_1_1' title="bbox 807 190 1898 238; baseline 0.005 -10"><span class='ocrx_word' id='word_1_1' title='bbox 807 192 862 228; x_wconf 80' lang='lat' dir='ltr'>De</span> <span class='ocrx_word' id='word_1_2' title='bbox 887 192 1035 238; x_wconf 78' lang='lat' dir='ltr'>Kepleri</span> <span class='ocrx_word' id='word_1_3' title='bbox 1061 193 1204 229; x_wconf 64' lang='lat' dir='ltr'>samnia.</span> <span class='ocrx_word' id='word_1_4' title='bbox 1817 190 1898 234; x_wconf 72' lang='lat'>937</span> 
     </span>
    </p>
   </div>
   <div class='ocr_carea' id='block_1_2' title="bbox 101 311 1903 2929">
    <p class='ocr_par' dir='ltr' id='par_1_2' title="bbox 105 311 1902 713">
     <span class='ocr_line' id='line_1_2' title="bbox 109 311 1899 363; baseline -0.001 -12"><span class='ocrx_word' id='word_1_5' title='bbox 109 317 263 363; x_wconf 86' lang='lat' dir='ltr'>putaret</span> <span class='ocrx_word' id='word_1_6' title='bbox 295 315 519 352; x_wconf 80' lang='lat' dir='ltr'>memoriam</span> <span class='ocrx_word' id='word_1_7' title='bbox 551 326 673 362; x_wconf 80' lang='lat' dir='ltr'>suain,</span> <span class='ocrx_word' id='word_1_8' title='bbox 706 318 747 351; x_wconf 90' lang='lat' dir='ltr'>ut</span> <span class='ocrx_word' id='word_1_9' title='bbox 779 325 916 351; x_wconf 88' lang='lat' dir='ltr'>munus</span> <span class='ocrx_word' id='word_1_10' title='bbox 951 312 1027 351; x_wconf 79' lang='lat' dir='ltr'>illle</span> <span class='ocrx_word' id='word_1_11' title='bbox 1058 314 1131 351; x_wconf 86' lang='lat' dir='ltr'>sibi</span> <span class='ocrx_word' id='word_1_12' title='bbox 1154 314 1425 362; x_wconf 83' lang='lat' dir='ltr'>prospicerent.</span> <span class='ocrx_word' id='word_1_13' title='bbox 1480 312 1550 351; x_wconf 82' lang='lat' dir='ltr'>Ubi</span> <span class='ocrx_word' id='word_1_14' title='bbox 1576 325 1661 350; x_wconf 80' lang='lat' dir='ltr'>eum</span> <span class='ocrx_word' id='word_1_15' title='bbox 1684 311 1790 350; x_wconf 81' lang='lat' dir='ltr'>nulla</span> <span class='ocrx_word' id='word_1_16' title='bbox 1812 324 1899 362; x_wconf 89' lang='lat' dir='ltr'>spes</span> 
     </span>
     <span class='ocr_line' id='line_1_3' title="bbox 108 371 1898 420; baseline -0.001 -11"><span class='ocrx_word' id='word_1_17' title='bbox 108 377 210 409; x_wconf 88' lang='lat' dir='ltr'>esset</span> <span class='ocrx_word' id='word_1_18' title='bbox 240 377 374 420; x_wconf 88' lang='lat' dir='ltr'>aptum</span> <span class='ocrx_word' id='word_1_19' title='bbox 405 373 534 411; x_wconf 90' lang='lat' dir='ltr'>locum</span> <span class='ocrx_word' id='word_1_20' title='bbox 567 385 612 411; x_wconf 88' lang='lat' dir='ltr'>ac</span> <span class='ocrx_word' id='word_1_21' title='bbox 643 372 773 411; x_wconf 87' lang='lat' dir='ltr'>sedem</span> <span class='ocrx_word' id='word_1_22' title='bbox 806 372 1039 417; x_wconf 86' lang='lat' dir='ltr'>inveniendi,</span> <span class='ocrx_word' id='word_1_23' title='bbox 1083 384 1233 410; x_wconf 75' lang='lat' dir='ltr'>ornnem</span> <span class='ocrx_word' id='word_1_24' title='bbox 1265 383 1371 420; x_wconf 90' lang='lat' dir='ltr'>spem</span> <span class='ocrx_word' id='word_1_25' title='bbox 1403 371 1594 420; x_wconf 83' lang='lat' dir='ltr'>Keplerus</span> <span class='ocrx_word' id='word_1_26' title='bbox 1626 373 1820 420; x_wconf 88' lang='lat' dir='ltr'>resposuit</span> <span class='ocrx_word' id='word_1_27' title='bbox 1860 373 1898 407; x_wconf 91' lang='lat' dir='ltr'>in</span> 
     </span>
     <span class='ocr_line' id='line_1_4' title="bbox 107 429 1901 480; baseline -0.001 -13"><span class='ocrx_word' id='word_1_28' title='bbox 107 429 304 480; x_wconf 62' lang='lat' dir='ltr'>&#39;l&#39;ychonc</span> <span class='ocrx_word' id='word_1_29' title='bbox 367 430 441 478; x_wconf 84' lang='lat' dir='ltr'>Qui</span> <span class='ocrx_word' id='word_1_30' title='bbox 474 443 558 469; x_wconf 91' lang='lat' dir='ltr'>cum</span> <span class='ocrx_word' id='word_1_31' title='bbox 586 432 667 480; x_wconf 81' lang='lat' dir='ltr'>jain</span> <span class='ocrx_word' id='word_1_32' title='bbox 700 436 814 468; x_wconf 86' lang='lat' dir='ltr'>antea</span> <span class='ocrx_word' id='word_1_33' title='bbox 844 432 971 479; x_wconf 87' lang='lat' dir='ltr'>ipsum</span> <span class='ocrx_word' id='word_1_34' title='bbox 1002 432 1205 468; x_wconf 80' lang='lat' dir='ltr'>invitasset</span> <span class='ocrx_word' id='word_1_35' title='bbox 1236 437 1276 467; x_wconf 88' lang='lat' dir='ltr'>ut</span> <span class='ocrx_word' id='word_1_36' title='bbox 1308 441 1437 467; x_wconf 85' lang='lat' dir='ltr'>secum</span> <span class='ocrx_word' id='word_1_37' title='bbox 1470 431 1663 468; x_wconf 86' lang='lat' dir='ltr'>laboraret</span> <span class='ocrx_word' id='word_1_38' title='bbox 1695 436 1731 467; x_wconf 88' lang='lat' dir='ltr'>et</span> <span class='ocrx_word' id='word_1_39' title='bbox 1764 442 1786 467; x_wconf 91' lang='lat' dir='ltr'>a</span> <span class='ocrx_word' id='word_1_40' title='bbox 1817 429 1901 466; x_wconf 84' lang='lat' dir='ltr'>Ru-</span> 
     </span>
     <span class='ocr_line' id='line_1_5' title="bbox 107 487 1899 538; baseline 0.001 -13"><span class='ocrx_word' id='word_1_41' title='bbox 107 487 249 537; x_wconf 90' lang='lat' dir='ltr'>dolpho</span> <span class='ocrx_word' id='word_1_42' title='bbox 282 490 510 538; x_wconf 79' lang='lat' dir='ltr'>imperatore</span> <span class='ocrx_word' id='word_1_43' title='bbox 543 491 579 526; x_wconf 91' lang='lat' dir='ltr'>in</span> <span class='ocrx_word' id='word_1_44' title='bbox 612 490 761 538; x_wconf 85' lang='lat' dir='ltr'>Pragae</span> <span class='ocrx_word' id='word_1_45' title='bbox 802 489 934 527; x_wconf 85' lang='lat' dir='ltr'>urbem</span> <span class='ocrx_word' id='word_1_46' title='bbox 974 494 1133 526; x_wconf 84' lang='lat' dir='ltr'>vocatus</span> <span class='ocrx_word' id='word_1_47' title='bbox 1173 490 1311 526; x_wconf 86' lang='lat' dir='ltr'>iterum</span> <span class='ocrx_word' id='word_1_48' title='bbox 1350 495 1528 526; x_wconf 87' lang='lat' dir='ltr'>vocasset</span> <span class='ocrx_word' id='word_1_49' title='bbox 1559 488 1790 536; x_wconf 80' lang='lat' dir='ltr'>Kepleruin,</span> <span class='ocrx_word' id='word_1_50' title='bbox 1834 487 1899 526; x_wconf 87' lang='lat' dir='ltr'>ille</span> 
     </span>
     <span class='ocr_line' id='line_1_6' title="bbox 105 545 1902 596; baseline 0.001 -13"><span class='ocrx_word' id='word_1_51' title='bbox 105 547 234 584; x_wconf 89' lang='lat' dir='ltr'>animo</span> <span class='ocrx_word' id='word_1_52' title='bbox 266 546 387 585; x_wconf 88' lang='lat' dir='ltr'>libero</span> <span class='ocrx_word' id='word_1_53' title='bbox 420 559 466 586; x_wconf 88' lang='lat' dir='ltr'>ac</span> <span class='ocrx_word' id='word_1_54' title='bbox 496 547 623 585; x_wconf 89' lang='lat' dir='ltr'>soluto</span> <span class='ocrx_word' id='word_1_55' title='bbox 655 549 754 585; x_wconf 89' lang='lat' dir='ltr'>curis</span> <span class='ocrx_word' id='word_1_56' title='bbox 788 559 872 585; x_wconf 91' lang='lat' dir='ltr'>cum</span> <span class='ocrx_word' id='word_1_57' title='bbox 904 547 1051 584; x_wconf 80' lang='lat' dir='ltr'>familia</span> <span class='ocrx_word' id='word_1_58' title='bbox 1083 559 1153 585; x_wconf 88' lang='lat' dir='ltr'>sua</span> <span class='ocrx_word' id='word_1_59' title='bbox 1184 547 1319 596; x_wconf 86' lang='lat' dir='ltr'>(uxore</span> <span class='ocrx_word' id='word_1_60' title='bbox 1351 553 1388 584; x_wconf 89' lang='lat' dir='ltr'>et</span> <span class='ocrx_word' id='word_1_61' title='bbox 1420 545 1611 596; x_wconf 71' lang='lat' dir='ltr'>privigna)</span> <span class='ocrx_word' id='word_1_62' title='bbox 1642 545 1816 584; x_wconf 86' lang='lat' dir='ltr'>Gratium</span> <span class='ocrx_word' id='word_1_63' title='bbox 1839 558 1902 584; x_wconf 89' lang='lat' dir='ltr'>re-</span> 
     </span>
     <span class='ocr_line' id='line_1_7' title="bbox 105 604 1900 655; baseline 0.001 -14"><span class='ocrx_word' id='word_1_64' title='bbox 105 604 240 654; x_wconf 88' lang='lat' dir='ltr'>liquit,</span> <span class='ocrx_word' id='word_1_65' title='bbox 282 605 419 643; x_wconf 86' lang='lat' dir='ltr'>locatis</span> <span class='ocrx_word' id='word_1_66' title='bbox 459 606 634 654; x_wconf 82' lang='lat' dir='ltr'>conjugis</span> <span class='ocrx_word' id='word_1_67' title='bbox 677 607 796 655; x_wconf 86' lang='lat' dir='ltr'>agris,</span> <span class='ocrx_word' id='word_1_68' title='bbox 840 617 925 643; x_wconf 76' lang='lat' dir='ltr'>cun]</span> <span class='ocrx_word' id='word_1_69' title='bbox 965 617 1146 644; x_wconf 85' lang='lat' dir='ltr'>concesso</span> <span class='ocrx_word' id='word_1_70' title='bbox 1189 610 1360 654; x_wconf 88' lang='lat' dir='ltr'>tempore</span> <span class='ocrx_word' id='word_1_71' title='bbox 1400 605 1626 642; x_wconf 77' lang='lat' dir='ltr'>brevissimo</span> <span class='ocrx_word' id='word_1_72' title='bbox 1670 617 1736 643; x_wconf 88' lang='lat' dir='ltr'>eos</span> <span class='ocrx_word' id='word_1_73' title='bbox 1775 616 1900 654; x_wconf 88' lang='lat' dir='ltr'>aequo</span> 
     </span>
     <span class='ocr_line' id='line_1_8' title="bbox 105 664 711 713; baseline 0.002 -13"><span class='ocrx_word' id='word_1_74' title='bbox 105 665 228 712; x_wconf 91' lang='lat' dir='ltr'>pretio</span> <span class='ocrx_word' id='word_1_75' title='bbox 261 664 428 702; x_wconf 88' lang='lat' dir='ltr'>vendere</span> <span class='ocrx_word' id='word_1_76' title='bbox 459 675 535 701; x_wconf 88' lang='lat' dir='ltr'>non</span> <span class='ocrx_word' id='word_1_77' title='bbox 567 670 711 713; x_wconf 84' lang='lat' dir='ltr'>posset.</span> 
     </span>
    </p>

    <p class='ocr_par' dir='ltr' id='par_1_3' title="bbox 101 721 1903 2642">
     <span class='ocr_line' id='line_1_9' title="bbox 247 721 1901 771; baseline 0 -13"><span class='ocrx_word' id='word_1_78' title='bbox 247 722 520 760; x_wconf 81' lang='lat' dir='ltr'>Dissensiones</span> <span class='ocrx_word' id='word_1_79' title='bbox 551 730 692 769; x_wconf 91' lang='lat' dir='ltr'>autem,</span> <span class='ocrx_word' id='word_1_80' title='bbox 727 733 826 771; x_wconf 88' lang='lat' dir='ltr'>quae</span> <span class='ocrx_word' id='word_1_81' title='bbox 859 722 966 759; x_wconf 87' lang='lat' dir='ltr'>brevi</span> <span class='ocrx_word' id='word_1_82' title='bbox 997 726 1203 771; x_wconf 81' lang='lat' dir='ltr'>postquam</span> <span class='ocrx_word' id='word_1_83' title='bbox 1236 721 1428 770; x_wconf 81' lang='lat' dir='ltr'>Keplerus</span> <span class='ocrx_word' id='word_1_84' title='bbox 1459 722 1624 770; x_wconf 85' lang='lat' dir='ltr'>Pragam</span> <span class='ocrx_word' id='word_1_85' title='bbox 1669 721 1772 758; x_wconf 85' lang='lat' dir='ltr'>venit</span> <span class='ocrx_word' id='word_1_86' title='bbox 1804 722 1901 758; x_wconf 88' lang='lat' dir='ltr'>inter</span> 
     </span>
     <span class='ocr_line' id='line_1_10' title="bbox 109 779 1901 830; baseline 0.001 -15"><span class='ocrx_word' id='word_1_87' title='bbox 109 780 235 828; x_wconf 89' lang='lat' dir='ltr'>ipsum</span> <span class='ocrx_word' id='word_1_88' title='bbox 268 786 305 818; x_wconf 86' lang='lat' dir='ltr'>et</span> <span class='ocrx_word' id='word_1_89' title='bbox 328 781 552 830; x_wconf 87' lang='lat' dir='ltr'>Tyehonem</span> <span class='ocrx_word' id='word_1_90' title='bbox 584 781 848 827; x_wconf 84' lang='lat' dir='ltr'>interfuerunt,</span> <span class='ocrx_word' id='word_1_91' title='bbox 881 792 998 828; x_wconf 87' lang='lat' dir='ltr'>supra</span> <span class='ocrx_word' id='word_1_92' title='bbox 1024 786 1069 828; x_wconf 88' lang='lat' dir='ltr'>(p.</span> <span class='ocrx_word' id='word_1_93' title='bbox 1096 784 1162 818; x_wconf 69' lang='lat'>727</span> <span class='ocrx_word' id='word_1_94' title='bbox 1190 785 1252 827; x_wconf 71' lang='lat' dir='ltr'>ss)</span> <span class='ocrx_word' id='word_1_95' title='bbox 1280 781 1496 818; x_wconf 81' lang='lat' dir='ltr'>accuratius</span> <span class='ocrx_word' id='word_1_96' title='bbox 1521 780 1793 828; x_wconf 75' lang='lat' dir='ltr'>cognovimus3</span> <span class='ocrx_word' id='word_1_97' title='bbox 1828 779 1901 816; x_wconf 89' lang='lat' dir='ltr'>hoc</span> 
     </span>
     <span class='ocr_line' id='line_1_11' title="bbox 104 836 1900 886; baseline -0.001 -11"><span class='ocrx_word' id='word_1_98' title='bbox 104 837 191 876; x_wconf 89' lang='lat' dir='ltr'>loco</span> <span class='ocrx_word' id='word_1_99' title='bbox 224 843 373 875; x_wconf 86' lang='lat' dir='ltr'>tantum</span> <span class='ocrx_word' id='word_1_100' title='bbox 415 839 585 886; x_wconf 90' lang='lat' dir='ltr'>dicatur,</span> <span class='ocrx_word' id='word_1_101' title='bbox 628 839 826 876; x_wconf 88' lang='lat' dir='ltr'>mulierem</span> <span class='ocrx_word' id='word_1_102' title='bbox 872 849 1026 886; x_wconf 86' lang='lat' dir='ltr'>quoquc</span> <span class='ocrx_word' id='word_1_103' title='bbox 1070 840 1234 876; x_wconf 88' lang='lat' dir='ltr'>virorum</span> <span class='ocrx_word' id='word_1_104' title='bbox 1281 838 1480 876; x_wconf 82' lang='lat' dir='ltr'>discordiis</span> <span class='ocrx_word' id='word_1_105' title='bbox 1518 839 1727 876; x_wconf 70' lang='lat' dir='ltr'>laborasse.</span> <span class='ocrx_word' id='word_1_106' title='bbox 1792 836 1900 885; x_wconf 83' lang='lat' dir='ltr'>Quae</span> 
     </span>
     <span class='ocr_line' id='line_1_12' title="bbox 107 895 1899 947; baseline -0.001 -14"><span class='ocrx_word' id='word_1_107' title='bbox 107 908 193 934; x_wconf 87' lang='lat' dir='ltr'>curn</span> <span class='ocrx_word' id='word_1_108' title='bbox 224 898 390 935; x_wconf 85' lang='lat' dir='ltr'>maxime</span> <span class='ocrx_word' id='word_1_109' title='bbox 423 898 545 935; x_wconf 88' lang='lat' dir='ltr'>invita</span> <span class='ocrx_word' id='word_1_110' title='bbox 576 898 760 947; x_wconf 89' lang='lat' dir='ltr'>patriam,</span> <span class='ocrx_word' id='word_1_111' title='bbox 793 898 1051 946; x_wconf 89' lang='lat' dir='ltr'>propinquos,</span> <span class='ocrx_word' id='word_1_112' title='bbox 1085 898 1229 935; x_wconf 88' lang='lat' dir='ltr'>amicos</span> <span class='ocrx_word' id='word_1_113' title='bbox 1262 897 1501 946; x_wconf 77' lang='lat' dir='ltr'>reliquisset,</span> <span class='ocrx_word' id='word_1_114' title='bbox 1535 902 1572 934; x_wconf 87' lang='lat' dir='ltr'>et</span> <span class='ocrx_word' id='word_1_115' title='bbox 1603 895 1706 933; x_wconf 81' lang='lat' dir='ltr'>haud</span> <span class='ocrx_word' id='word_1_116' title='bbox 1738 897 1817 933; x_wconf 88' lang='lat' dir='ltr'>seio</span> <span class='ocrx_word' id='word_1_117' title='bbox 1851 907 1899 932; x_wconf 81' lang='lat' dir='ltr'>an</span> 
     </span>
     <span class='ocr_line' id='line_1_13' title="bbox 104 954 1900 1004; baseline -0.001 -12"><span class='ocrx_word' id='word_1_118' title='bbox 104 954 176 992; x_wconf 89' lang='lat' dir='ltr'>hac</span> <span class='ocrx_word' id='word_1_119' title='bbox 208 954 292 992; x_wconf 84' lang='lat' dir='ltr'>sola</span> <span class='ocrx_word' id='word_1_120' title='bbox 323 967 363 993; x_wconf 91' lang='lat' dir='ltr'>re</span> <span class='ocrx_word' id='word_1_121' title='bbox 395 961 497 993; x_wconf 84' lang='lat' dir='ltr'>esset</span> <span class='ocrx_word' id='word_1_122' title='bbox 528 961 720 993; x_wconf 87' lang='lat' dir='ltr'>commota</span> <span class='ocrx_word' id='word_1_123' title='bbox 751 960 793 992; x_wconf 89' lang='lat' dir='ltr'>ut</span> <span class='ocrx_word' id='word_1_124' title='bbox 824 956 1002 992; x_wconf 89' lang='lat' dir='ltr'>maritum</span> <span class='ocrx_word' id='word_1_125' title='bbox 1024 967 1181 1004; x_wconf 80' lang='lat' dir='ltr'><strong>peregre</strong></span> <span class='ocrx_word' id='word_1_126' title='bbox 1204 962 1356 993; x_wconf 88' lang='lat' dir='ltr'>euntem</span> <span class='ocrx_word' id='word_1_127' title='bbox 1379 960 1614 1004; x_wconf 81' lang='lat' dir='ltr'>sequeretur,</span> <span class='ocrx_word' id='word_1_128' title='bbox 1649 954 1751 1003; x_wconf 85' lang='lat' dir='ltr'>quod</span> <span class='ocrx_word' id='word_1_129' title='bbox 1776 958 1900 991; x_wconf 84' lang='lat' dir='ltr'>metus</span> 
     </span>
     <span class='ocr_line' id='line_1_14' title="bbox 104 1013 1901 1063; baseline -0.001 -13"><span class='ocrx_word' id='word_1_130' title='bbox 104 1013 261 1051; x_wconf 81' lang='lat' dir='ltr'>suberat</span> <span class='ocrx_word' id='word_1_131' title='bbox 292 1025 351 1060; x_wconf 83' lang='lat' dir='ltr'>ne,</span> <span class='ocrx_word' id='word_1_132' title='bbox 386 1013 618 1052; x_wconf 87' lang='lat' dir='ltr'>Lutheranis</span> <span class='ocrx_word' id='word_1_133' title='bbox 649 1026 801 1052; x_wconf 89' lang='lat' dir='ltr'>summa</span> <span class='ocrx_word' id='word_1_134' title='bbox 832 1014 983 1062; x_wconf 89' lang='lat' dir='ltr'>imperii</span> <span class='ocrx_word' id='word_1_135' title='bbox 1024 1015 1227 1062; x_wconf 83' lang='lat' dir='ltr'>iniquitate</span> <span class='ocrx_word' id='word_1_136' title='bbox 1260 1026 1326 1062; x_wconf 79' lang='lat' dir='ltr'>per</span> <span class='ocrx_word' id='word_1_137' title='bbox 1357 1013 1508 1063; x_wconf 86' lang='lat' dir='ltr'>Styriac</span> <span class='ocrx_word' id='word_1_138' title='bbox 1548 1014 1784 1062; x_wconf 83' lang='lat' dir='ltr'>provinciam</span> <span class='ocrx_word' id='word_1_139' title='bbox 1828 1023 1901 1060; x_wconf 92' lang='lat' dir='ltr'>op-</span> 
     </span>
     <span class='ocr_line' id='line_1_15' title="bbox 103 1071 1903 1121; baseline -0.002 -12"><span class='ocrx_word' id='word_1_140' title='bbox 103 1071 268 1120; x_wconf 86' lang='lat' dir='ltr'>pressis,</span> <span class='ocrx_word' id='word_1_141' title='bbox 312 1072 426 1110; x_wconf 90' lang='lat' dir='ltr'>fidem</span> <span class='ocrx_word' id='word_1_142' title='bbox 468 1084 543 1110; x_wconf 89' lang='lat' dir='ltr'>non</span> <span class='ocrx_word' id='word_1_143' title='bbox 583 1079 731 1110; x_wconf 87' lang='lat' dir='ltr'>mutare</span> <span class='ocrx_word' id='word_1_144' title='bbox 762 1083 839 1109; x_wconf 92' lang='lat' dir='ltr'>non</span> <span class='ocrx_word' id='word_1_145' title='bbox 871 1076 1015 1121; x_wconf 89' lang='lat' dir='ltr'>posset,</span> <span class='ocrx_word' id='word_1_146' title='bbox 1050 1072 1200 1121; x_wconf 82' lang='lat' dir='ltr'>Pragae</span> <span class='ocrx_word' id='word_1_147' title='bbox 1232 1084 1375 1109; x_wconf 76' lang='lat' dir='ltr'>norum</span> <span class='ocrx_word' id='word_1_148' title='bbox 1407 1071 1553 1117; x_wconf 92' lang='lat' dir='ltr'>locum,</span> <span class='ocrx_word' id='word_1_149' title='bbox 1597 1083 1718 1108; x_wconf 86' lang='lat' dir='ltr'>novas</span> <span class='ocrx_word' id='word_1_150' title='bbox 1749 1082 1810 1108; x_wconf 89' lang='lat' dir='ltr'>res</span> <span class='ocrx_word' id='word_1_151' title='bbox 1840 1071 1903 1107; x_wconf 90' lang='lat' dir='ltr'>in·-</span> 
     </span>
     <span class='ocr_line' id='line_1_16' title="bbox 103 1129 1903 1180; baseline 0 -14"><span class='ocrx_word' id='word_1_152' title='bbox 103 1141 250 1179; x_wconf 86' lang='lat' dir='ltr'>gressa,</span> <span class='ocrx_word' id='word_1_153' title='bbox 284 1130 418 1178; x_wconf 90' lang='lat' dir='ltr'>solam,</span> <span class='ocrx_word' id='word_1_154' title='bbox 454 1130 691 1178; x_wconf 87' lang='lat' dir='ltr'>destitutam,</span> <span class='ocrx_word' id='word_1_155' title='bbox 724 1129 940 1180; x_wconf 85' lang='lat' dir='ltr'>neglectam</span> <span class='ocrx_word' id='word_1_156' title='bbox 972 1130 1108 1168; x_wconf 81' lang='lat' dir='ltr'>mulier</span> <span class='ocrx_word' id='word_1_157' title='bbox 1138 1142 1180 1168; x_wconf 89' lang='lat' dir='ltr'>se</span> <span class='ocrx_word' id='word_1_158' title='bbox 1212 1131 1382 1169; x_wconf 85' lang='lat' dir='ltr'>eredidit.</span> <span class='ocrx_word' id='word_1_159' title='bbox 1444 1130 1492 1167; x_wconf 72' lang='lat' dir='ltr'>Et</span> <span class='ocrx_word' id='word_1_160' title='bbox 1523 1129 1769 1179; x_wconf 70' lang='lat' dir='ltr'>Tyehonieae</span> <span class='ocrx_word' id='word_1_161' title='bbox 1802 1140 1903 1177; x_wconf 89' lang='lat' dir='ltr'>quo-</span> 
     </span>
     <span class='ocr_line' id='line_1_17' title="bbox 106 1187 1900 1238; baseline -0.001 -14"><span class='ocrx_word' id='word_1_162' title='bbox 106 1199 180 1237; x_wconf 92' lang='lat' dir='ltr'>que</span> <span class='ocrx_word' id='word_1_163' title='bbox 212 1188 382 1226; x_wconf 83' lang='lat' dir='ltr'>familiae</span> <span class='ocrx_word' id='word_1_164' title='bbox 414 1191 685 1227; x_wconf 87' lang='lat' dir='ltr'>commercium</span> <span class='ocrx_word' id='word_1_165' title='bbox 717 1194 755 1227; x_wconf 90' lang='lat' dir='ltr'>et</span> <span class='ocrx_word' id='word_1_166' title='bbox 785 1190 1045 1227; x_wconf 86' lang='lat' dir='ltr'>necessarium</span> <span class='ocrx_word' id='word_1_167' title='bbox 1078 1194 1114 1226; x_wconf 85' lang='lat' dir='ltr'>et</span> <span class='ocrx_word' id='word_1_168' title='bbox 1137 1188 1348 1238; x_wconf 86' lang='lat' dir='ltr'>multiplex,</span> <span class='ocrx_word' id='word_1_169' title='bbox 1383 1200 1469 1226; x_wconf 87' lang='lat' dir='ltr'>cum</span> <span class='ocrx_word' id='word_1_170' title='bbox 1491 1188 1680 1238; x_wconf 86' lang='lat' dir='ltr'>Keplerus</span> <span class='ocrx_word' id='word_1_171' title='bbox 1703 1187 1900 1237; x_wconf 87' lang='lat' dir='ltr'>Tychonis</span> 
     </span>
     <span class='ocr_line' id='line_1_18' title="bbox 103 1246 1903 1297; baseline -0.001 -14"><span class='ocrx_word' id='word_1_172' title='bbox 103 1249 141 1283; x_wconf 92' lang='lat' dir='ltr'>in</span> <span class='ocrx_word' id='word_1_173' title='bbox 174 1246 288 1283; x_wconf 92' lang='lat' dir='ltr'>domo</span> <span class='ocrx_word' id='word_1_174' title='bbox 320 1247 530 1292; x_wconf 79' lang='lat' dir='ltr'>habitaret,</span> <span class='ocrx_word' id='word_1_175' title='bbox 571 1260 646 1286; x_wconf 88' lang='lat' dir='ltr'>non</span> <span class='ocrx_word' id='word_1_176' title='bbox 680 1249 867 1297; x_wconf 87' lang='lat' dir='ltr'>optimum</span> <span class='ocrx_word' id='word_1_177' title='bbox 899 1247 1017 1285; x_wconf 84' lang='lat' dir='ltr'>fuisse</span> <span class='ocrx_word' id='word_1_178' title='bbox 1051 1247 1221 1293; x_wconf 89' lang='lat' dir='ltr'>videtur,</span> <span class='ocrx_word' id='word_1_179' title='bbox 1261 1248 1425 1296; x_wconf 87' lang='lat' dir='ltr'>pecunia</span> <span class='ocrx_word' id='word_1_180' title='bbox 1457 1259 1594 1296; x_wconf 82' lang='lat' dir='ltr'>parva,</span> <span class='ocrx_word' id='word_1_181' title='bbox 1637 1247 1803 1292; x_wconf 82' lang='lat' dir='ltr'>fructus,</span> <span class='ocrx_word' id='word_1_182' title='bbox 1837 1246 1903 1294; x_wconf 88' lang='lat' dir='ltr'>qui</span> 
     </span>
     <span class='ocr_line' id='line_1_19' title="bbox 101 1305 1901 1356; baseline -0.002 -13"><span class='ocrx_word' id='word_1_183' title='bbox 101 1317 146 1343; x_wconf 86' lang='lat' dir='ltr'>ex</span> <span class='ocrx_word' id='word_1_184' title='bbox 179 1305 354 1354; x_wconf 83' lang='lat' dir='ltr'>conjugis</span> <span class='ocrx_word' id='word_1_185' title='bbox 393 1308 495 1356; x_wconf 86' lang='lat' dir='ltr'>agris</span> <span class='ocrx_word' id='word_1_186' title='bbox 537 1307 575 1343; x_wconf 92' lang='lat' dir='ltr'>in</span> <span class='ocrx_word' id='word_1_187' title='bbox 605 1306 735 1356; x_wconf 89' lang='lat' dir='ltr'>Styria</span> <span class='ocrx_word' id='word_1_188' title='bbox 775 1305 964 1351; x_wconf 87' lang='lat' dir='ltr'>redirent,</span> <span class='ocrx_word' id='word_1_189' title='bbox 1007 1305 1105 1343; x_wconf 86' lang='lat' dir='ltr'>adeo</span> <span class='ocrx_word' id='word_1_190' title='bbox 1137 1318 1214 1343; x_wconf 91' lang='lat' dir='ltr'>non</span> <span class='ocrx_word' id='word_1_191' title='bbox 1248 1305 1380 1344; x_wconf 86' lang='lat' dir='ltr'>ordine</span> <span class='ocrx_word' id='word_1_192' title='bbox 1422 1305 1558 1351; x_wconf 88' lang='lat' dir='ltr'>soluti,</span> <span class='ocrx_word' id='word_1_193' title='bbox 1603 1311 1644 1342; x_wconf 91' lang='lat' dir='ltr'>ut</span> <span class='ocrx_word' id='word_1_194' title='bbox 1674 1305 1901 1353; x_wconf 87' lang='lat' dir='ltr'>saepissime</span> 
     </span>
     <span class='ocr_line' id='line_1_20' title="bbox 103 1362 1901 1414; baseline -0.001 -14"><span class='ocrx_word' id='word_1_195' title='bbox 103 1365 257 1413; x_wconf 83' lang='lat' dir='ltr'>inopiae</span> <span class='ocrx_word' id='word_1_196' title='bbox 290 1366 403 1402; x_wconf 89' lang='lat' dir='ltr'>timor</span> <span class='ocrx_word' id='word_1_197' title='bbox 434 1377 456 1403; x_wconf 90' lang='lat' dir='ltr'>a</span> <span class='ocrx_word' id='word_1_198' title='bbox 487 1365 635 1403; x_wconf 88' lang='lat' dir='ltr'>familia</span> <span class='ocrx_word' id='word_1_199' title='bbox 666 1364 770 1402; x_wconf 85' lang='lat' dir='ltr'>haud</span> <span class='ocrx_word' id='word_1_200' title='bbox 803 1363 938 1413; x_wconf 91' lang='lat' dir='ltr'>procul</span> <span class='ocrx_word' id='word_1_201' title='bbox 959 1364 1125 1402; x_wconf 87' lang='lat' dir='ltr'>abesset.</span> <span class='ocrx_word' id='word_1_202' title='bbox 1152 1386 1202 1391; x_wconf 84' lang='lat'>-—</span> <span class='ocrx_word' id='word_1_203' title='bbox 1227 1364 1362 1414; x_wconf 76' lang='lat' dir='ltr'>Tycho</span> <span class='ocrx_word' id='word_1_204' title='bbox 1396 1364 1549 1413; x_wconf 87' lang='lat' dir='ltr'>quidem</span> <span class='ocrx_word' id='word_1_205' title='bbox 1581 1362 1782 1412; x_wconf 83' lang='lat' dir='ltr'>familiam,</span> <span class='ocrx_word' id='word_1_206' title='bbox 1814 1374 1901 1399; x_wconf 90' lang='lat' dir='ltr'>cum</span> 
     </span>
     <span class='ocr_line' id='line_1_21' title="bbox 101 1420 1902 1473; baseline 0 -14"><span class='ocrx_word' id='word_1_207' title='bbox 101 1434 160 1460; x_wconf 87' lang='lat' dir='ltr'>res</span> <span class='ocrx_word' id='word_1_208' title='bbox 191 1422 435 1471; x_wconf 86' lang='lat' dir='ltr'>postulabat,</span> <span class='ocrx_word' id='word_1_209' title='bbox 469 1435 621 1473; x_wconf 89' lang='lat' dir='ltr'>semper</span> <span class='ocrx_word' id='word_1_210' title='bbox 652 1424 817 1472; x_wconf 88' lang='lat' dir='ltr'>pecunia</span> <span class='ocrx_word' id='word_1_211' title='bbox 849 1422 1020 1471; x_wconf 76' lang='lat' dir='ltr'>adjtrvit,</span> <span class='ocrx_word' id='word_1_212' title='bbox 1054 1422 1121 1460; x_wconf 89' lang='lat' dir='ltr'>sed</span> <span class='ocrx_word' id='word_1_213' title='bbox 1154 1423 1309 1461; x_wconf 86' lang='lat' dir='ltr'>Danum</span> <span class='ocrx_word' id='word_1_214' title='bbox 1340 1423 1553 1468; x_wconf 84' lang='lat' dir='ltr'>Baronem,</span> <span class='ocrx_word' id='word_1_215' title='bbox 1588 1434 1672 1460; x_wconf 89' lang='lat' dir='ltr'>cum</span> <span class='ocrx_word' id='word_1_216' title='bbox 1704 1422 1742 1457; x_wconf 91' lang='lat' dir='ltr'>in</span> <span class='ocrx_word' id='word_1_217' title='bbox 1775 1420 1902 1459; x_wconf 88' lang='lat' dir='ltr'>insula</span> 
     </span>
     <span class='ocr_line' id='line_1_22' title="bbox 101 1479 1903 1532; baseline -0.001 -14"><span class='ocrx_word' id='word_1_218' title='bbox 101 1492 172 1518; x_wconf 90' lang='lat' dir='ltr'>sua</span> <span class='ocrx_word' id='word_1_219' title='bbox 204 1480 371 1520; x_wconf 89' lang='lat' dir='ltr'>Huenna</span> <span class='ocrx_word' id='word_1_220' title='bbox 402 1483 581 1532; x_wconf 89' lang='lat' dir='ltr'>princeps</span> <span class='ocrx_word' id='word_1_221' title='bbox 623 1486 746 1528; x_wconf 85' lang='lat' dir='ltr'>esset,</span> <span class='ocrx_word' id='word_1_222' title='bbox 788 1479 1034 1530; x_wconf 83' lang='lat' dir='ltr'>imperando,</span> <span class='ocrx_word' id='word_1_223' title='bbox 1063 1480 1238 1529; x_wconf 87' lang='lat' dir='ltr'>jubendo</span> <span class='ocrx_word' id='word_1_224' title='bbox 1271 1486 1490 1525; x_wconf 88' lang='lat' dir='ltr'>assuetum,</span> <span class='ocrx_word' id='word_1_225' title='bbox 1535 1481 1598 1529; x_wconf 85' lang='lat' dir='ltr'>qui</span> <span class='ocrx_word' id='word_1_226' title='bbox 1641 1484 1778 1517; x_wconf 82' lang='lat' dir='ltr'>natura</span> <span class='ocrx_word' id='word_1_227' title='bbox 1817 1480 1903 1528; x_wconf 85' lang='lat' dir='ltr'>ipsa</span> 
     </span>
     <span class='ocr_line' id='line_1_23' title="bbox 103 1539 1902 1590; baseline -0.001 -13"><span class='ocrx_word' id='word_1_228' title='bbox 103 1539 311 1577; x_wconf 87' lang='lat' dir='ltr'>altissimos</span> <span class='ocrx_word' id='word_1_229' title='bbox 343 1542 492 1578; x_wconf 89' lang='lat' dir='ltr'>animos</span> <span class='ocrx_word' id='word_1_230' title='bbox 524 1552 569 1579; x_wconf 88' lang='lat' dir='ltr'>ac</span> <span class='ocrx_word' id='word_1_231' title='bbox 590 1541 746 1590; x_wconf 87' lang='lat' dir='ltr'>spiritus</span> <span class='ocrx_word' id='word_1_232' title='bbox 779 1540 902 1587; x_wconf 84' lang='lat' dir='ltr'>ferret,</span> <span class='ocrx_word' id='word_1_233' title='bbox 937 1544 975 1577; x_wconf 90' lang='lat' dir='ltr'>et</span> <span class='ocrx_word' id='word_1_234' title='bbox 1006 1539 1129 1577; x_wconf 86' lang='lat' dir='ltr'>sactus</span> <span class='ocrx_word' id='word_1_235' title='bbox 1161 1540 1282 1589; x_wconf 89' lang='lat' dir='ltr'>ipsius</span> <span class='ocrx_word' id='word_1_236' title='bbox 1315 1540 1556 1589; x_wconf 85' lang='lat' dir='ltr'>imperatoris</span> <span class='ocrx_word' id='word_1_237' title='bbox 1589 1544 1833 1576; x_wconf 82' lang='lat' dir='ltr'>astronomus</span> <span class='ocrx_word' id='word_1_238' title='bbox 1865 1543 1902 1575; x_wconf 93' lang='lat' dir='ltr'>et</span> 
     </span>
     <span class='ocr_line' id='line_1_24' title="bbox 105 1596 1902 1647; baseline -0.002 -12"><span class='ocrx_word' id='word_1_239' title='bbox 105 1597 430 1637; x_wconf 85' lang='lat' dir='ltr'>familiarissimus</span> <span class='ocrx_word' id='word_1_240' title='bbox 463 1600 578 1637; x_wconf 88' lang='lat' dir='ltr'>etiam</span> <span class='ocrx_word' id='word_1_241' title='bbox 609 1600 733 1647; x_wconf 85' lang='lat' dir='ltr'>magis</span> <span class='ocrx_word' id='word_1_242' title='bbox 766 1597 885 1636; x_wconf 85' lang='lat' dir='ltr'>aleret</span> <span class='ocrx_word' id='word_1_243' title='bbox 917 1602 955 1635; x_wconf 91' lang='lat' dir='ltr'>et</span> <span class='ocrx_word' id='word_1_244' title='bbox 985 1601 1145 1647; x_wconf 78' lang='lat' dir='ltr'>augeret</span> <span class='ocrx_word' id='word_1_245' title='bbox 1166 1599 1285 1636; x_wconf 87' lang='lat' dir='ltr'>animi</span> <span class='ocrx_word' id='word_1_246' title='bbox 1317 1597 1576 1642; x_wconf 84' lang='lat' dir='ltr'>insolentiam,</span> <span class='ocrx_word' id='word_1_247' title='bbox 1609 1596 1831 1634; x_wconf 83' lang='lat' dir='ltr'>adulatione</span> <span class='ocrx_word' id='word_1_248' title='bbox 1864 1600 1902 1633; x_wconf 90' lang='lat' dir='ltr'>et</span> 
     </span>
     <span class='ocr_line' id='line_1_25' title="bbox 103 1654 1903 1707; baseline 0.001 -15"><span class='ocrx_word' id='word_1_249' title='bbox 103 1657 283 1695; x_wconf 90' lang='lat' dir='ltr'>interiore</span> <span class='ocrx_word' id='word_1_250' title='bbox 316 1657 482 1706; x_wconf 89' lang='lat' dir='ltr'>quadam</span> <span class='ocrx_word' id='word_1_251' title='bbox 514 1658 842 1697; x_wconf 88' lang='lat' dir='ltr'>nobilissimorum</span> <span class='ocrx_word' id='word_1_252' title='bbox 874 1658 1043 1694; x_wconf 88' lang='lat' dir='ltr'>virorum</span> <span class='ocrx_word' id='word_1_253' title='bbox 1077 1656 1357 1696; x_wconf 87' lang='lat' dir='ltr'>consuetudine</span> <span class='ocrx_word' id='word_1_254' title='bbox 1386 1657 1501 1707; x_wconf 85' lang='lat' dir='ltr'>plane</span> <span class='ocrx_word' id='word_1_255' title='bbox 1536 1661 1767 1703; x_wconf 86' lang='lat' dir='ltr'>corruptum,</span> <span class='ocrx_word' id='word_1_256' title='bbox 1800 1654 1903 1693; x_wconf 82' lang='lat' dir='ltr'>hunc</span> 
     </span>
     <span class='ocr_line' id='line_1_26' title="bbox 103 1712 1902 1766; baseline -0.002 -13"><span class='ocrx_word' id='word_1_257' title='bbox 103 1716 228 1753; x_wconf 90' lang='lat' dir='ltr'>virum</span> <span class='ocrx_word' id='word_1_258' title='bbox 260 1722 375 1764; x_wconf 88' lang='lat' dir='ltr'>putas</span> <span class='ocrx_word' id='word_1_259' title='bbox 410 1728 501 1766; x_wconf 84' lang='lat' dir='ltr'>erga</span> <span class='ocrx_word' id='word_1_260' title='bbox 532 1717 706 1765; x_wconf 86' lang='lat' dir='ltr'>magistri</span> <span class='ocrx_word' id='word_1_261' title='bbox 738 1726 895 1753; x_wconf 81' lang='lat' dir='ltr'>uxorem</span> <span class='ocrx_word' id='word_1_262' title='bbox 927 1726 1078 1764; x_wconf 88' lang='lat' dir='ltr'>semper</span> <span class='ocrx_word' id='word_1_263' title='bbox 1110 1716 1298 1754; x_wconf 85' lang='lat' dir='ltr'>urbanum</span> <span class='ocrx_word' id='word_1_264' title='bbox 1330 1728 1372 1754; x_wconf 87' lang='lat' dir='ltr'>se</span> <span class='ocrx_word' id='word_1_265' title='bbox 1402 1715 1628 1766; x_wconf 88' lang='lat' dir='ltr'>praebuisse</span> <span class='ocrx_word' id='word_1_266' title='bbox 1661 1719 1698 1751; x_wconf 91' lang='lat' dir='ltr'>et</span> <span class='ocrx_word' id='word_1_267' title='bbox 1728 1712 1902 1750; x_wconf 84' lang='lat' dir='ltr'>subsidia</span> 
     </span>
     <span class='ocr_line' id='line_1_27' title="bbox 103 1772 1902 1823; baseline -0.002 -12"><span class='ocrx_word' id='word_1_268' title='bbox 103 1785 175 1812; x_wconf 88' lang='lat' dir='ltr'>sua</span> <span class='ocrx_word' id='word_1_269' title='bbox 206 1785 282 1811; x_wconf 90' lang='lat' dir='ltr'>non</span> <span class='ocrx_word' id='word_1_270' title='bbox 316 1776 484 1812; x_wconf 86' lang='lat' dir='ltr'>maxima</span> <span class='ocrx_word' id='word_1_271' title='bbox 514 1774 703 1813; x_wconf 88' lang='lat' dir='ltr'>beneficia</span> <span class='ocrx_word' id='word_1_272' title='bbox 735 1772 981 1811; x_wconf 77' lang='lat' dir='ltr'>ostendisse?</span> <span class='ocrx_word' id='word_1_273' title='bbox 1024 1772 1109 1821; x_wconf 83' lang='lat' dir='ltr'>Quo</span> <span class='ocrx_word' id='word_1_274' title='bbox 1141 1774 1285 1812; x_wconf 88' lang='lat' dir='ltr'>factum</span> <span class='ocrx_word' id='word_1_275' title='bbox 1319 1780 1396 1821; x_wconf 91' lang='lat' dir='ltr'>est,</span> <span class='ocrx_word' id='word_1_276' title='bbox 1430 1780 1470 1812; x_wconf 92' lang='lat' dir='ltr'>ut</span> <span class='ocrx_word' id='word_1_277' title='bbox 1491 1785 1592 1823; x_wconf 88' lang='lat' dir='ltr'>quae</span> <span class='ocrx_word' id='word_1_278' title='bbox 1617 1772 1718 1809; x_wconf 86' lang='lat' dir='ltr'>domi</span> <span class='ocrx_word' id='word_1_279' title='bbox 1742 1772 1902 1809; x_wconf 87' lang='lat' dir='ltr'>comiter</span> 
     </span>
     <span class='ocr_line' id='line_1_28' title="bbox 106 1829 1902 1880; baseline -0.002 -10"><span class='ocrx_word' id='word_1_280' title='bbox 106 1837 143 1870; x_wconf 87' lang='lat' dir='ltr'>et</span> <span class='ocrx_word' id='word_1_281' title='bbox 173 1831 384 1871; x_wconf 83' lang='lat' dir='ltr'>liberaliter</span> <span class='ocrx_word' id='word_1_282' title='bbox 423 1833 558 1871; x_wconf 87' lang='lat' dir='ltr'>haberi</span> <span class='ocrx_word' id='word_1_283' title='bbox 588 1833 704 1870; x_wconf 88' lang='lat' dir='ltr'>solita</span> <span class='ocrx_word' id='word_1_284' title='bbox 736 1836 794 1870; x_wconf 89' lang='lat' dir='ltr'>est</span> <span class='ocrx_word' id='word_1_285' title='bbox 823 1832 973 1879; x_wconf 91' lang='lat' dir='ltr'>mulier,</span> <span class='ocrx_word' id='word_1_286' title='bbox 1005 1833 1216 1880; x_wconf 76' lang='lat' dir='ltr'>aegerrime</span> <span class='ocrx_word' id='word_1_287' title='bbox 1248 1834 1322 1872; x_wconf 90' lang='lat' dir='ltr'>hoc</span> <span class='ocrx_word' id='word_1_288' title='bbox 1362 1833 1475 1871; x_wconf 82' lang='lat' dir='ltr'>ferret</span> <span class='ocrx_word' id='word_1_289' title='bbox 1517 1837 1554 1870; x_wconf 90' lang='lat' dir='ltr'>et</span> <span class='ocrx_word' id='word_1_290' title='bbox 1585 1842 1673 1869; x_wconf 83' lang='lat' dir='ltr'>mox</span> <span class='ocrx_word' id='word_1_291' title='bbox 1709 1829 1902 1868; x_wconf 89' lang='lat' dir='ltr'>ardentis-</span> 
     </span>
     <span class='ocr_line' id='line_1_29' title="bbox 105 1887 1902 1941; baseline -0.002 -13"><span class='ocrx_word' id='word_1_292' title='bbox 105 1892 244 1928; x_wconf 92' lang='lat' dir='ltr'>simum</span> <span class='ocrx_word' id='word_1_293' title='bbox 277 1903 361 1929; x_wconf 88' lang='lat' dir='ltr'>eam</span> <span class='ocrx_word' id='word_1_294' title='bbox 392 1893 540 1941; x_wconf 85' lang='lat' dir='ltr'>patriae</span> <span class='ocrx_word' id='word_1_295' title='bbox 573 1890 804 1930; x_wconf 90' lang='lat' dir='ltr'>desiderium</span> <span class='ocrx_word' id='word_1_296' title='bbox 835 1895 998 1939; x_wconf 89' lang='lat' dir='ltr'>caperet.</span> <span class='ocrx_word' id='word_1_297' title='bbox 1061 1889 1147 1938; x_wconf 81' lang='lat' dir='ltr'>Quo</span> <span class='ocrx_word' id='word_1_298' title='bbox 1188 1902 1313 1929; x_wconf 86' lang='lat' dir='ltr'>rerum</span> <span class='ocrx_word' id='word_1_299' title='bbox 1344 1897 1448 1930; x_wconf 89' lang='lat' dir='ltr'>statu</span> <span class='ocrx_word' id='word_1_300' title='bbox 1481 1903 1582 1940; x_wconf 83' lang='lat' dir='ltr'>quae</span> <span class='ocrx_word' id='word_1_301' title='bbox 1620 1900 1743 1937; x_wconf 85' lang='lat' dir='ltr'>usque</span> <span class='ocrx_word' id='word_1_302' title='bbox 1775 1887 1902 1925; x_wconf 89' lang='lat' dir='ltr'>adhuc</span> 
     </span>
     <span class='ocr_line' id='line_1_30' title="bbox 106 1945 1903 1999; baseline -0.002 -12"><span class='ocrx_word' id='word_1_303' title='bbox 106 1950 272 1988; x_wconf 85' lang='lat' dir='ltr'>maxime</span> <span class='ocrx_word' id='word_1_304' title='bbox 313 1949 522 1999; x_wconf 89' lang='lat' dir='ltr'>tranquilla</span> <span class='ocrx_word' id='word_1_305' title='bbox 554 1955 591 1988; x_wconf 88' lang='lat' dir='ltr'>et</span> <span class='ocrx_word' id='word_1_306' title='bbox 623 1954 804 1988; x_wconf 88' lang='lat' dir='ltr'>contenta</span> <span class='ocrx_word' id='word_1_307' title='bbox 833 1949 959 1986; x_wconf 88' lang='lat' dir='ltr'>fuerat</span> <span class='ocrx_word' id='word_1_308' title='bbox 1001 1950 1080 1987; x_wconf 87' lang='lat' dir='ltr'>vita</span> <span class='ocrx_word' id='word_1_309' title='bbox 1121 1951 1276 1998; x_wconf 88' lang='lat' dir='ltr'>saepius</span> <span class='ocrx_word' id='word_1_310' title='bbox 1307 1951 1461 1988; x_wconf 85' lang='lat' dir='ltr'>turbata</span> <span class='ocrx_word' id='word_1_311' title='bbox 1503 1955 1571 1987; x_wconf 86' lang='lat' dir='ltr'>est.</span> <span class='ocrx_word' id='word_1_312' title='bbox 1633 1948 1722 1985; x_wconf 88' lang='lat' dir='ltr'>Huc</span> <span class='ocrx_word' id='word_1_313' title='bbox 1752 1945 1903 1984; x_wconf 88' lang='lat' dir='ltr'>accedit</span> 
     </span>
     <span class='ocr_line' id='line_1_31' title="bbox 107 2006 1902 2057; baseline -0.002 -12"><span class='ocrx_word' id='word_1_314' title='bbox 107 2007 212 2057; x_wconf 88' lang='lat' dir='ltr'>quod</span> <span class='ocrx_word' id='word_1_315' title='bbox 243 2007 435 2057; x_wconf 88' lang='lat' dir='ltr'>Keplerus</span> <span class='ocrx_word' id='word_1_316' title='bbox 466 2020 542 2045; x_wconf 90' lang='lat' dir='ltr'>non</span> <span class='ocrx_word' id='word_1_317' title='bbox 575 2007 709 2047; x_wconf 88' lang='lat' dir='ltr'>eadem</span> <span class='ocrx_word' id='word_1_318' title='bbox 742 2019 819 2056; x_wconf 87' lang='lat' dir='ltr'>qua</span> <span class='ocrx_word' id='word_1_319' title='bbox 851 2006 973 2044; x_wconf 87' lang='lat' dir='ltr'>Gratii</span> <span class='ocrx_word' id='word_1_320' title='bbox 1008 2008 1256 2047; x_wconf 85' lang='lat' dir='ltr'>observantia</span> <span class='ocrx_word' id='word_1_321' title='bbox 1280 2008 1469 2047; x_wconf 84' lang='lat' dir='ltr'>desertam</span> <span class='ocrx_word' id='word_1_322' title='bbox 1501 2019 1609 2045; x_wconf 88' lang='lat' dir='ltr'>suam</span> <span class='ocrx_word' id='word_1_323' title='bbox 1641 2016 1799 2044; x_wconf 79' lang='lat' dir='ltr'>uxorem</span> <span class='ocrx_word' id='word_1_324' title='bbox 1832 2016 1902 2042; x_wconf 89' lang='lat' dir='ltr'>cu-</span> 
     </span>
     <span class='ocr_line' id='line_1_32' title="bbox 107 2065 1901 2117; baseline -0.002 -14"><span class='ocrx_word' id='word_1_325' title='bbox 107 2077 191 2104; x_wconf 87' lang='lat' dir='ltr'>rare</span> <span class='ocrx_word' id='word_1_326' title='bbox 221 2071 395 2116; x_wconf 89' lang='lat' dir='ltr'>poterat,</span> <span class='ocrx_word' id='word_1_327' title='bbox 441 2078 528 2104; x_wconf 88' lang='lat' dir='ltr'>cum</span> <span class='ocrx_word' id='word_1_328' title='bbox 560 2072 597 2105; x_wconf 92' lang='lat' dir='ltr'>et</span> <span class='ocrx_word' id='word_1_329' title='bbox 629 2067 786 2115; x_wconf 83' lang='lat' dir='ltr'>negotia</span> <span class='ocrx_word' id='word_1_330' title='bbox 817 2077 840 2103; x_wconf 89' lang='lat' dir='ltr'>a</span> <span class='ocrx_word' id='word_1_331' title='bbox 871 2065 1057 2115; x_wconf 85' lang='lat' dir='ltr'>Tyehone</span> <span class='ocrx_word' id='word_1_332' title='bbox 1099 2067 1283 2105; x_wconf 84' lang='lat' dir='ltr'>mandata</span> <span class='ocrx_word' id='word_1_333' title='bbox 1314 2072 1351 2105; x_wconf 89' lang='lat' dir='ltr'>et</span> <span class='ocrx_word' id='word_1_334' title='bbox 1383 2069 1468 2117; x_wconf 83' lang='lat' dir='ltr'>ipsa</span> <span class='ocrx_word' id='word_1_335' title='bbox 1510 2065 1639 2104; x_wconf 90' lang='lat' dir='ltr'>studia</span> <span class='ocrx_word' id='word_1_336' title='bbox 1670 2075 1737 2114; x_wconf 88' lang='lat' dir='ltr'>per</span> <span class='ocrx_word' id='word_1_337' title='bbox 1769 2068 1901 2101; x_wconf 88' lang='lat' dir='ltr'>noctes</span> 
     </span>
     <span class='ocr_line' id='line_1_33' title="bbox 109 2122 1901 2175; baseline -0.002 -14"><span class='ocrx_word' id='word_1_338' title='bbox 109 2124 270 2173; x_wconf 89' lang='lat' dir='ltr'>diesque</span> <span class='ocrx_word' id='word_1_339' title='bbox 302 2126 372 2161; x_wconf 90' lang='lat' dir='ltr'>viri</span> <span class='ocrx_word' id='word_1_340' title='bbox 407 2129 558 2173; x_wconf 88' lang='lat' dir='ltr'>tempus</span> <span class='ocrx_word' id='word_1_341' title='bbox 592 2129 628 2162; x_wconf 86' lang='lat' dir='ltr'>et</span> <span class='ocrx_word' id='word_1_342' title='bbox 660 2136 816 2175; x_wconf 88' lang='lat' dir='ltr'>operam</span> <span class='ocrx_word' id='word_1_343' title='bbox 849 2128 1083 2173; x_wconf 87' lang='lat' dir='ltr'>occuparent</span> <span class='ocrx_word' id='word_1_344' title='bbox 1113 2130 1151 2162; x_wconf 89' lang='lat' dir='ltr'>et</span> <span class='ocrx_word' id='word_1_345' title='bbox 1180 2127 1350 2164; x_wconf 83' lang='lat' dir='ltr'>maxima</span> <span class='ocrx_word' id='word_1_346' title='bbox 1381 2125 1617 2173; x_wconf 80' lang='lat' dir='ltr'>astrologiae</span> <span class='ocrx_word' id='word_1_347' title='bbox 1650 2122 1901 2171; x_wconf 81' lang='lat' dir='ltr'>experientia,</span> 
     </span>
     <span class='ocr_line' id='line_1_34' title="bbox 109 2182 1900 2232; baseline -0.003 -12"><span class='ocrx_word' id='word_1_348' title='bbox 109 2183 219 2232; x_wconf 90' lang='lat' dir='ltr'>cujus</span> <span class='ocrx_word' id='word_1_349' title='bbox 250 2183 353 2220; x_wconf 86' lang='lat' dir='ltr'>fama</span> <span class='ocrx_word' id='word_1_350' title='bbox 385 2194 429 2220; x_wconf 88' lang='lat' dir='ltr'>ex</span> <span class='ocrx_word' id='word_1_351' title='bbox 464 2183 599 2221; x_wconf 88' lang='lat' dir='ltr'>Gratio</span> <span class='ocrx_word' id='word_1_352' title='bbox 633 2182 678 2221; x_wconf 90' lang='lat' dir='ltr'>de</span> <span class='ocrx_word' id='word_1_353' title='bbox 711 2194 756 2220; x_wconf 90' lang='lat' dir='ltr'>eo</span> <span class='ocrx_word' id='word_1_354' title='bbox 788 2189 1071 2232; x_wconf 83' lang='lat' dir='ltr'>praecesserat,</span> <span class='ocrx_word' id='word_1_355' title='bbox 1116 2195 1191 2220; x_wconf 88' lang='lat' dir='ltr'>non</span> <span class='ocrx_word' id='word_1_356' title='bbox 1223 2185 1382 2222; x_wconf 87' lang='lat' dir='ltr'>minima</span> <span class='ocrx_word' id='word_1_357' title='bbox 1414 2196 1531 2222; x_wconf 88' lang='lat' dir='ltr'>causa</span> <span class='ocrx_word' id='word_1_358' title='bbox 1564 2188 1684 2228; x_wconf 84' lang='lat' dir='ltr'>esset,</span> <span class='ocrx_word' id='word_1_359' title='bbox 1727 2191 1792 2218; x_wconf 89' lang='lat' dir='ltr'>cur</span> <span class='ocrx_word' id='word_1_360' title='bbox 1823 2191 1900 2217; x_wconf 90' lang='lat' dir='ltr'>non</span> 
     </span>
     <span class='ocr_line' id='line_1_35' title="bbox 103 2238 1900 2292; baseline -0.003 -13"><span class='ocrx_word' id='word_1_361' title='bbox 103 2246 151 2279; x_wconf 79' lang='lat' dir='ltr'>ut</span> <span class='ocrx_word' id='word_1_362' title='bbox 180 2241 306 2279; x_wconf 86' lang='lat' dir='ltr'>voluit</span> <span class='ocrx_word' id='word_1_363' title='bbox 337 2252 431 2279; x_wconf 84' lang='lat' dir='ltr'>uxor</span> <span class='ocrx_word' id='word_1_364' title='bbox 464 2246 586 2279; x_wconf 91' lang='lat' dir='ltr'>totum</span> <span class='ocrx_word' id='word_1_365' title='bbox 618 2253 658 2279; x_wconf 90' lang='lat' dir='ltr'>se</span> <span class='ocrx_word' id='word_1_366' title='bbox 689 2241 746 2278; x_wconf 85' lang='lat' dir='ltr'>illi</span> <span class='ocrx_word' id='word_1_367' title='bbox 778 2245 816 2280; x_wconf 88' lang='lat' dir='ltr'>et</span> <span class='ocrx_word' id='word_1_368' title='bbox 846 2240 976 2278; x_wconf 89' lang='lat' dir='ltr'>liberis</span> <span class='ocrx_word' id='word_1_369' title='bbox 1009 2243 1089 2278; x_wconf 87' lang='lat' dir='ltr'>suis</span> <span class='ocrx_word' id='word_1_370' title='bbox 1122 2241 1259 2281; x_wconf 89' lang='lat' dir='ltr'>dedere</span> <span class='ocrx_word' id='word_1_371' title='bbox 1282 2248 1424 2292; x_wconf 86' lang='lat' dir='ltr'>posset.</span> <span class='ocrx_word' id='word_1_372' title='bbox 1452 2265 1495 2270; x_wconf 79' lang='lat'>—</span> <span class='ocrx_word' id='word_1_373' title='bbox 1525 2241 1620 2279; x_wconf 87' lang='lat' dir='ltr'>Cum</span> <span class='ocrx_word' id='word_1_374' title='bbox 1652 2241 1753 2279; x_wconf 90' lang='lat' dir='ltr'>enim</span> <span class='ocrx_word' id='word_1_375' title='bbox 1785 2238 1900 2275; x_wconf 91' lang='lat' dir='ltr'>nobi-</span> 
     </span>
     <span class='ocr_line' id='line_1_36' title="bbox 108 2298 1902 2350; baseline -0.002 -13"><span class='ocrx_word' id='word_1_376' title='bbox 108 2299 244 2337; x_wconf 86' lang='lat' dir='ltr'>lissimi</span> <span class='ocrx_word' id='word_1_377' title='bbox 275 2298 487 2337; x_wconf 90' lang='lat' dir='ltr'>aulicorum</span> <span class='ocrx_word' id='word_1_378' title='bbox 519 2301 700 2349; x_wconf 87' lang='lat' dir='ltr'>precibus</span> <span class='ocrx_word' id='word_1_379' title='bbox 742 2311 828 2337; x_wconf 89' lang='lat' dir='ltr'>eum</span> <span class='ocrx_word' id='word_1_380' title='bbox 861 2305 1043 2337; x_wconf 86' lang='lat' dir='ltr'>vexarent</span> <span class='ocrx_word' id='word_1_381' title='bbox 1075 2304 1112 2338; x_wconf 89' lang='lat' dir='ltr'>et</span> <span class='ocrx_word' id='word_1_382' title='bbox 1142 2302 1367 2350; x_wconf 86' lang='lat' dir='ltr'>fatigarent,</span> <span class='ocrx_word' id='word_1_383' title='bbox 1410 2305 1452 2338; x_wconf 88' lang='lat' dir='ltr'>ut</span> <span class='ocrx_word' id='word_1_384' title='bbox 1489 2300 1564 2338; x_wconf 91' lang='lat' dir='ltr'>sibi</span> <span class='ocrx_word' id='word_1_385' title='bbox 1595 2299 1710 2337; x_wconf 86' lang='lat' dir='ltr'>horas</span> <span class='ocrx_word' id='word_1_386' title='bbox 1742 2301 1902 2346; x_wconf 87' lang='lat' dir='ltr'>poneret</span> 
     </span>
     <span class='ocr_line' id='line_1_37' title="bbox 110 2356 1899 2408; baseline -0.003 -12"><span class='ocrx_word' id='word_1_387' title='bbox 110 2363 148 2396; x_wconf 90' lang='lat' dir='ltr'>et</span> <span class='ocrx_word' id='word_1_388' title='bbox 178 2370 223 2396; x_wconf 87' lang='lat' dir='ltr'>ex</span> <span class='ocrx_word' id='word_1_389' title='bbox 255 2357 378 2395; x_wconf 86' lang='lat' dir='ltr'>natali</span> <span class='ocrx_word' id='word_1_390' title='bbox 410 2358 470 2396; x_wconf 91' lang='lat' dir='ltr'>die</span> <span class='ocrx_word' id='word_1_391' title='bbox 502 2359 622 2396; x_wconf 87' lang='lat' dir='ltr'>vitam</span> <span class='ocrx_word' id='word_1_392' title='bbox 655 2357 894 2407; x_wconf 88' lang='lat' dir='ltr'>praediceret</span> <span class='ocrx_word' id='word_1_393' title='bbox 926 2358 1112 2402; x_wconf 76' lang='lat' dir='ltr'>futuram,</span> <span class='ocrx_word' id='word_1_394' title='bbox 1152 2360 1233 2408; x_wconf 87' lang='lat' dir='ltr'>jam</span> <span class='ocrx_word' id='word_1_395' title='bbox 1266 2365 1348 2397; x_wconf 89' lang='lat' dir='ltr'>tum</span> <span class='ocrx_word' id='word_1_396' title='bbox 1380 2363 1538 2408; x_wconf 81' lang='lat' dir='ltr'>coeptus</span> <span class='ocrx_word' id='word_1_397' title='bbox 1577 2363 1634 2395; x_wconf 87' lang='lat' dir='ltr'>est</span> <span class='ocrx_word' id='word_1_398' title='bbox 1667 2369 1712 2396; x_wconf 86' lang='lat' dir='ltr'>ex</span> <span class='ocrx_word' id='word_1_399' title='bbox 1743 2356 1899 2403; x_wconf 86' lang='lat' dir='ltr'>negotio</span> 
     </span>
     <span class='ocr_line' id='line_1_38' title="bbox 108 2413 1898 2466; baseline -0.001 -13"><span class='ocrx_word' id='word_1_400' title='bbox 108 2416 222 2454; x_wconf 87' lang='lat' dir='ltr'>horas</span> <span class='ocrx_word' id='word_1_401' title='bbox 259 2415 429 2465; x_wconf 87' lang='lat' dir='ltr'>ponendi</span> <span class='ocrx_word' id='word_1_402' title='bbox 472 2421 657 2465; x_wconf 88' lang='lat' dir='ltr'>quaestus</span> <span class='ocrx_word' id='word_1_403' title='bbox 692 2417 839 2465; x_wconf 86' lang='lat' dir='ltr'>percipi</span> <span class='ocrx_word' id='word_1_404' title='bbox 879 2415 984 2453; x_wconf 81' lang='lat' dir='ltr'>haud</span> <span class='ocrx_word' id='word_1_405' title='bbox 1027 2417 1348 2456; x_wconf 86' lang='lat' dir='ltr'>contemnendus:</span> <span class='ocrx_word' id='word_1_406' title='bbox 1394 2429 1510 2466; x_wconf 84' lang='lat' dir='ltr'>quam</span> <span class='ocrx_word' id='word_1_407' title='bbox 1549 2422 1670 2454; x_wconf 84' lang='lat' dir='ltr'>artem</span> <span class='ocrx_word' id='word_1_408' title='bbox 1708 2413 1898 2463; x_wconf 85' lang='lat' dir='ltr'>Keplerus</span> 
     </span>
     <span class='ocr_line' id='line_1_39' title="bbox 107 2473 1900 2525; baseline -0.001 -14"><span class='ocrx_word' id='word_1_409' title='bbox 107 2477 201 2525; x_wconf 86' lang='lat' dir='ltr'>ipse,</span> <span class='ocrx_word' id='word_1_410' title='bbox 235 2475 413 2522; x_wconf 89' lang='lat' dir='ltr'>quamvis</span> <span class='ocrx_word' id='word_1_411' title='bbox 445 2474 491 2512; x_wconf 86' lang='lat' dir='ltr'>de</span> <span class='ocrx_word' id='word_1_412' title='bbox 522 2475 638 2523; x_wconf 85' lang='lat' dir='ltr'>hujus</span> <span class='ocrx_word' id='word_1_413' title='bbox 681 2473 826 2512; x_wconf 87' lang='lat' dir='ltr'>oraculi</span> <span class='ocrx_word' id='word_1_414' title='bbox 857 2476 1020 2512; x_wconf 86' lang='lat' dir='ltr'>veritate</span> <span class='ocrx_word' id='word_1_415' title='bbox 1063 2480 1099 2512; x_wconf 92' lang='lat' dir='ltr'>et</span> <span class='ocrx_word' id='word_1_416' title='bbox 1137 2475 1365 2514; x_wconf 88' lang='lat' dir='ltr'>certitudine</span> <span class='ocrx_word' id='word_1_417' title='bbox 1409 2475 1602 2513; x_wconf 88' lang='lat' dir='ltr'>dubitaret</span> <span class='ocrx_word' id='word_1_418' title='bbox 1644 2474 1900 2520; x_wconf 86' lang='lat' dir='ltr'>omnibusque</span> 
     </span>
     <span class='ocr_line' id='line_1_40' title="bbox 108 2532 1898 2585; baseline -0.001 -15"><span class='ocrx_word' id='word_1_419' title='bbox 108 2534 175 2582; x_wconf 87' lang='lat' dir='ltr'>qui</span> <span class='ocrx_word' id='word_1_420' title='bbox 207 2544 294 2570; x_wconf 89' lang='lat' dir='ltr'>eum</span> <span class='ocrx_word' id='word_1_421' title='bbox 326 2537 564 2581; x_wconf 87' lang='lat' dir='ltr'>quaererent,</span> <span class='ocrx_word' id='word_1_422' title='bbox 598 2533 869 2570; x_wconf 87' lang='lat' dir='ltr'>vaticiniorum</span> <span class='ocrx_word' id='word_1_423' title='bbox 902 2532 1058 2570; x_wconf 84' lang='lat' dir='ltr'>dubiam</span> <span class='ocrx_word' id='word_1_424' title='bbox 1092 2539 1128 2572; x_wconf 90' lang='lat' dir='ltr'>et</span> <span class='ocrx_word' id='word_1_425' title='bbox 1160 2536 1342 2573; x_wconf 86' lang='lat' dir='ltr'>incertam</span> <span class='ocrx_word' id='word_1_426' title='bbox 1374 2546 1481 2585; x_wconf 87' lang='lat' dir='ltr'>spem</span> <span class='ocrx_word' id='word_1_427' title='bbox 1513 2545 1597 2571; x_wconf 90' lang='lat' dir='ltr'>esse</span> <span class='ocrx_word' id='word_1_428' title='bbox 1621 2532 1773 2580; x_wconf 87' lang='lat' dir='ltr'>diceret,</span> <span class='ocrx_word' id='word_1_429' title='bbox 1806 2542 1898 2580; x_wconf 90' lang='lat' dir='ltr'>pro-</span> 
     </span>
     <span class='ocr_line' id='line_1_41' title="bbox 108 2589 1053 2642; baseline 0.001 -13"><span class='ocrx_word' id='word_1_430' title='bbox 108 2590 268 2629; x_wconf 88' lang='lat' dir='ltr'>cedente</span> <span class='ocrx_word' id='word_1_431' title='bbox 301 2595 472 2640; x_wconf 82' lang='lat' dir='ltr'>tempore</span> <span class='ocrx_word' id='word_1_432' title='bbox 505 2592 676 2628; x_wconf 85' lang='lat' dir='ltr'>exercuit</span> <span class='ocrx_word' id='word_1_433' title='bbox 705 2589 1053 2642; x_wconf 48' lang='lat' dir='ltr'>studiosissime-⁴)</span> 
     </span>
    </p>

    <p class='ocr_par' dir='ltr' id='par_1_4' title="bbox 106 2647 1900 2929">
     <span class='ocr_line' id='line_1_42' title="bbox 247 2647 1898 2698; baseline -0.002 -12"><span class='ocrx_word' id='word_1_434' title='bbox 247 2647 357 2696; x_wconf 85' lang='lat' dir='ltr'>Quae</span> <span class='ocrx_word' id='word_1_435' title='bbox 386 2650 553 2697; x_wconf 88' lang='lat' dir='ltr'>pecunia</span> <span class='ocrx_word' id='word_1_436' title='bbox 573 2648 794 2686; x_wconf 88' lang='lat' dir='ltr'>adventicia</span> <span class='ocrx_word' id='word_1_437' title='bbox 817 2650 995 2696; x_wconf 90' lang='lat' dir='ltr'>quamvis</span> <span class='ocrx_word' id='word_1_438' title='bbox 1016 2649 1130 2687; x_wconf 87' lang='lat' dir='ltr'>valde</span> <span class='ocrx_word' id='word_1_439' title='bbox 1152 2649 1357 2698; x_wconf 85' lang='lat' dir='ltr'>adjuvaret</span> <span class='ocrx_word' id='word_1_440' title='bbox 1387 2662 1465 2688; x_wconf 91' lang='lat' dir='ltr'>rem</span> <span class='ocrx_word' id='word_1_441' title='bbox 1497 2649 1736 2694; x_wconf 85' lang='lat' dir='ltr'>familiarem,</span> <span class='ocrx_word' id='word_1_442' title='bbox 1769 2652 1898 2685; x_wconf 88' lang='lat' dir='ltr'>tamen</span> 
     </span>
     <span class='ocr_line' id='line_1_43' title="bbox 108 2705 1900 2756; baseline -0.001 -13"><span class='ocrx_word' id='word_1_443' title='bbox 108 2706 266 2756; x_wconf 85' lang='lat' dir='ltr'>Kepleri</span> <span class='ocrx_word' id='word_1_444' title='bbox 298 2717 395 2744; x_wconf 81' lang='lat' dir='ltr'>uxor</span> <span class='ocrx_word' id='word_1_445' title='bbox 426 2711 505 2743; x_wconf 90' lang='lat' dir='ltr'>tum</span> <span class='ocrx_word' id='word_1_446' title='bbox 539 2706 693 2744; x_wconf 92' lang='lat' dir='ltr'>demum</span> <span class='ocrx_word' id='word_1_447' title='bbox 724 2708 762 2743; x_wconf 91' lang='lat' dir='ltr'>in</span> <span class='ocrx_word' id='word_1_448' title='bbox 794 2707 908 2744; x_wconf 91' lang='lat' dir='ltr'>rebus</span> <span class='ocrx_word' id='word_1_449' title='bbox 941 2712 978 2744; x_wconf 89' lang='lat' dir='ltr'>et</span> <span class='ocrx_word' id='word_1_450' title='bbox 1009 2714 1110 2745; x_wconf 90' lang='lat' dir='ltr'>sorte</span> <span class='ocrx_word' id='word_1_451' title='bbox 1142 2720 1212 2745; x_wconf 85' lang='lat' dir='ltr'>sua</span> <span class='ocrx_word' id='word_1_452' title='bbox 1234 2709 1442 2756; x_wconf 77' lang='lat' dir='ltr'>acquievit,</span> <span class='ocrx_word' id='word_1_453' title='bbox 1476 2719 1560 2745; x_wconf 91' lang='lat' dir='ltr'>cum</span> <span class='ocrx_word' id='word_1_454' title='bbox 1582 2705 1766 2756; x_wconf 84' lang='lat' dir='ltr'>Tychone</span> <span class='ocrx_word' id='word_1_455' title='bbox 1795 2716 1900 2742; x_wconf 90' lang='lat' dir='ltr'>mor-</span> 
     </span>
     <span class='ocr_line' id='line_1_44' title="bbox 106 2762 1900 2815; baseline -0.001 -13"><span class='ocrx_word' id='word_1_456' title='bbox 106 2770 172 2802; x_wconf 91' lang='lat' dir='ltr'>tuo</span> <span class='ocrx_word' id='word_1_457' title='bbox 210 2762 354 2815; x_wconf 87' lang='lat'>(1601)</span> <span class='ocrx_word' id='word_1_458' title='bbox 396 2775 513 2813; x_wconf 85' lang='lat' dir='ltr'>opera</span> <span class='ocrx_word' id='word_1_459' title='bbox 558 2764 739 2802; x_wconf 87' lang='lat' dir='ltr'>inchoata</span> <span class='ocrx_word' id='word_1_460' title='bbox 778 2764 946 2814; x_wconf 83' lang='lat' dir='ltr'>Keplero</span> <span class='ocrx_word' id='word_1_461' title='bbox 990 2765 1223 2813; x_wconf 83' lang='lat' dir='ltr'>perficienda</span> <span class='ocrx_word' id='word_1_462' title='bbox 1269 2765 1542 2803; x_wconf 86' lang='lat' dir='ltr'>mandarentur</span> <span class='ocrx_word' id='word_1_463' title='bbox 1584 2769 1620 2802; x_wconf 92' lang='lat' dir='ltr'>et</span> <span class='ocrx_word' id='word_1_464' title='bbox 1662 2764 1771 2801; x_wconf 88' lang='lat' dir='ltr'>brevi</span> <span class='ocrx_word' id='word_1_465' title='bbox 1812 2769 1900 2813; x_wconf 87' lang='lat' dir='ltr'>post</span> 
     </span>
     <span class='ocr_line' id='line_1_45' title="bbox 108 2821 1898 2872; baseline -0.001 -12"><span class='ocrx_word' id='word_1_466' title='bbox 108 2823 254 2872; x_wconf 79' lang='lat'>(1602)</span> <span class='ocrx_word' id='word_1_467' title='bbox 287 2824 369 2872; x_wconf 87' lang='lat' dir='ltr'>ipse</span> <span class='ocrx_word' id='word_1_468' title='bbox 401 2824 642 2872; x_wconf 86' lang='lat' dir='ltr'>imperatoris</span> <span class='ocrx_word' id='word_1_469' title='bbox 673 2822 799 2860; x_wconf 85' lang='lat' dir='ltr'>factus</span> <span class='ocrx_word' id='word_1_470' title='bbox 831 2828 933 2860; x_wconf 87' lang='lat' dir='ltr'>esset</span> <span class='ocrx_word' id='word_1_471' title='bbox 965 2830 1218 2869; x_wconf 78' lang='lat' dir='ltr'>astronomus,</span> <span class='ocrx_word' id='word_1_472' title='bbox 1252 2825 1306 2861; x_wconf 86' lang='lat' dir='ltr'>ita</span> <span class='ocrx_word' id='word_1_473' title='bbox 1338 2823 1492 2872; x_wconf 90' lang='lat' dir='ltr'>quidem</span> <span class='ocrx_word' id='word_1_474' title='bbox 1524 2827 1566 2860; x_wconf 91' lang='lat' dir='ltr'>ut</span> <span class='ocrx_word' id='word_1_475' title='bbox 1597 2833 1673 2859; x_wconf 88' lang='lat' dir='ltr'>non</span> <span class='ocrx_word' id='word_1_476' title='bbox 1700 2826 1742 2858; x_wconf 87' lang='lat' dir='ltr'>ut</span> <span class='ocrx_word' id='word_1_477' title='bbox 1763 2821 1898 2871; x_wconf 87' lang='lat' dir='ltr'>Tyeho</span> 
     </span>
     <span class='ocr_line' id='line_1_46' title="bbox 107 2879 1897 2929; baseline 0.001 -11"><span class='ocrx_word' id='word_1_478' title='bbox 107 2892 309 2919; x_wconf 86' lang='lat' dir='ltr'>aureorum</span> <span class='ocrx_word' id='word_1_479' title='bbox 351 2881 424 2918; x_wconf 86' lang='lat' dir='ltr'>tria</span> <span class='ocrx_word' id='word_1_480' title='bbox 454 2879 596 2927; x_wconf 87' lang='lat' dir='ltr'>millia,</span> <span class='ocrx_word' id='word_1_481' title='bbox 640 2879 708 2918; x_wconf 87' lang='lat' dir='ltr'>sed</span> <span class='ocrx_word' id='word_1_482' title='bbox 750 2884 899 2918; x_wconf 90' lang='lat' dir='ltr'>tantum</span> <span class='ocrx_word' id='word_1_483' title='bbox 931 2881 1234 2929; x_wconf 83' lang='lat' dir='ltr'>quadringentos</span> <span class='ocrx_word' id='word_1_484' title='bbox 1274 2882 1439 2919; x_wconf 90' lang='lat' dir='ltr'>florenos</span> <span class='ocrx_word' id='word_1_485' title='bbox 1479 2881 1638 2919; x_wconf 90' lang='lat' dir='ltr'>haberet</span> <span class='ocrx_word' id='word_1_486' title='bbox 1669 2879 1897 2920; x_wconf 77' lang='lat' dir='ltr'>mercedem.</span> 
     </span>
    </p>
   </div>
   <div class='ocr_carea' id='block_1_3' title="bbox 105 2994 1899 3226">
    <p class='ocr_par' dir='ltr' id='par_1_5' title="bbox 105 2994 1899 3226">
     <span class='ocr_line' id='line_1_47' title="bbox 245 2994 1896 3038; baseline -0.001 -10"><span class='ocrx_word' id='word_1_487' title='bbox 245 2994 278 3038; x_wconf 88' lang='lat'>*)</span> <span class='ocrx_word' id='word_1_488' title='bbox 305 2995 463 3028; x_wconf 86' lang='lat' dir='ltr'>Codicum</span> <span class='ocrx_word' id='word_1_489' title='bbox 490 2994 758 3026; x_wconf 87' lang='lat' dir='ltr'>Pulkoviensium</span> <span class='ocrx_word' id='word_1_490' title='bbox 786 3004 850 3025; x_wconf 88' lang='lat' dir='ltr'>uno</span> <span class='ocrx_word' id='word_1_491' title='bbox 875 3004 959 3035; x_wconf 83' lang='lat' dir='ltr'>pene</span> <span class='ocrx_word' id='word_1_492' title='bbox 985 2996 1069 3025; x_wconf 87' lang='lat' dir='ltr'>nihil</span> <span class='ocrx_word' id='word_1_493' title='bbox 1089 2995 1178 3026; x_wconf 83' lang='lat' dir='ltr'>alind</span> <span class='ocrx_word' id='word_1_494' title='bbox 1199 2997 1396 3033; x_wconf 73' lang='lat' dir='ltr'>continetur,</span> <span class='ocrx_word' id='word_1_495' title='bbox 1425 3005 1523 3037; x_wconf 84' lang='lat' dir='ltr'>quam</span> <span class='ocrx_word' id='word_1_496' title='bbox 1541 2995 1713 3036; x_wconf 84' lang='lat' dir='ltr'>praedicta</span> <span class='ocrx_word' id='word_1_497' title='bbox 1730 2995 1896 3035; x_wconf 84' lang='lat' dir='ltr'>natalitia,</span> 
     </span>
     <span class='ocr_line' id='line_1_48' title="bbox 107 3042 1899 3084; baseline -0.001 -10"><span class='ocrx_word' id='word_1_498' title='bbox 107 3053 189 3083; x_wconf 89' lang='lat' dir='ltr'>quae</span> <span class='ocrx_word' id='word_1_499' title='bbox 213 3043 334 3084; x_wconf 88' lang='lat' dir='ltr'>partim</span> <span class='ocrx_word' id='word_1_500' title='bbox 360 3042 607 3074; x_wconf 73' lang='lat' dir='ltr'>exercitationis</span> <span class='ocrx_word' id='word_1_501' title='bbox 643 3050 740 3071; x_wconf 84' lang='lat' dir='ltr'>causa</span> <span class='ocrx_word' id='word_1_502' title='bbox 774 3043 968 3082; x_wconf 73' lang='lat' dir='ltr'>composita,</span> <span class='ocrx_word' id='word_1_503' title='bbox 1003 3043 1119 3082; x_wconf 71' lang='lat' dir='ltr'>partini</span> <span class='ocrx_word' id='word_1_504' title='bbox 1148 3043 1289 3076; x_wconf 86' lang='lat' dir='ltr'>(circiter</span> <span class='ocrx_word' id='word_1_505' title='bbox 1315 3044 1523 3083; x_wconf 64' lang='lat' dir='ltr'>septingenta</span> <span class='ocrx_word' id='word_1_506' title='bbox 1549 3043 1789 3080; x_wconf 74' lang='lat' dir='ltr'>octingentave)</span> <span class='ocrx_word' id='word_1_507' title='bbox 1823 3046 1899 3073; x_wconf 83' lang='lat' dir='ltr'>sunt</span> 
     </span>
     <span class='ocr_line' id='line_1_49' title="bbox 107 3088 1896 3130; baseline -0.002 -9"><span class='ocrx_word' id='word_1_508' title='bbox 107 3089 260 3129; x_wconf 76' lang='lat' dir='ltr'>exempla</span> <span class='ocrx_word' id='word_1_509' title='bbox 286 3099 409 3130; x_wconf 87' lang='lat' dir='ltr'>eorum,</span> <span class='ocrx_word' id='word_1_510' title='bbox 437 3098 518 3128; x_wconf 85' lang='lat' dir='ltr'>quae</span> <span class='ocrx_word' id='word_1_511' title='bbox 544 3089 584 3118; x_wconf 87' lang='lat' dir='ltr'>ab</span> <span class='ocrx_word' id='word_1_512' title='bbox 611 3088 801 3118; x_wconf 88' lang='lat' dir='ltr'>hominibus</span> <span class='ocrx_word' id='word_1_513' title='bbox 828 3088 1062 3120; x_wconf 70' lang='lat' dir='ltr'>diversissimis</span> <span class='ocrx_word' id='word_1_514' title='bbox 1089 3088 1269 3126; x_wconf 68' lang='lat' dir='ltr'>efflagitata</span> <span class='ocrx_word' id='word_1_515' title='bbox 1295 3093 1397 3121; x_wconf 84' lang='lat' dir='ltr'>erant.</span> <span class='ocrx_word' id='word_1_516' title='bbox 1433 3090 1580 3119; x_wconf 87' lang='lat' dir='ltr'>Plurima</span> <span class='ocrx_word' id='word_1_517' title='bbox 1605 3093 1727 3127; x_wconf 87' lang='lat' dir='ltr'>autem,</span> <span class='ocrx_word' id='word_1_518' title='bbox 1751 3098 1791 3119; x_wconf 88' lang='lat' dir='ltr'>ne</span> <span class='ocrx_word' id='word_1_519' title='bbox 1817 3090 1896 3118; x_wconf 92' lang='lat' dir='ltr'>scri-</span> 
     </span>
     <span class='ocr_line' id='line_1_50' title="bbox 105 3134 1896 3180; baseline -0.001 -13"><span class='ocrx_word' id='word_1_520' title='bbox 105 3136 213 3167; x_wconf 86' lang='lat' dir='ltr'>bendo</span> <span class='ocrx_word' id='word_1_521' title='bbox 239 3137 397 3177; x_wconf 85' lang='lat' dir='ltr'>temporis</span> <span class='ocrx_word' id='word_1_522' title='bbox 423 3136 562 3166; x_wconf 87' lang='lat' dir='ltr'>nimium</span> <span class='ocrx_word' id='word_1_523' title='bbox 587 3137 763 3174; x_wconf 88' lang='lat' dir='ltr'>tereretur,</span> <span class='ocrx_word' id='word_1_524' title='bbox 797 3135 831 3164; x_wconf 86' lang='lat' dir='ltr'>in</span> <span class='ocrx_word' id='word_1_525' title='bbox 857 3134 980 3167; x_wconf 83' lang='lat' dir='ltr'>tabulis</span> <span class='ocrx_word' id='word_1_526' title='bbox 1007 3136 1125 3173; x_wconf 79' lang='lat' dir='ltr'>ligneis</span> <span class='ocrx_word' id='word_1_527' title='bbox 1150 3136 1314 3176; x_wconf 83' lang='lat' dir='ltr'>inscripta</span> <span class='ocrx_word' id='word_1_528' title='bbox 1331 3138 1434 3178; x_wconf 79' lang='lat' dir='ltr'>sunt,</span> <span class='ocrx_word' id='word_1_529' title='bbox 1463 3136 1504 3166; x_wconf 86' lang='lat' dir='ltr'>ad</span> <span class='ocrx_word' id='word_1_530' title='bbox 1528 3136 1564 3166; x_wconf 84' lang='lat' dir='ltr'>id</span> <span class='ocrx_word' id='word_1_531' title='bbox 1589 3135 1699 3176; x_wconf 84' lang='lat' dir='ltr'>ipsum</span> <span class='ocrx_word' id='word_1_532' title='bbox 1725 3136 1896 3180; x_wconf 72' lang='lat' dir='ltr'>confectis,</span> 
     </span>
     <span class='ocr_line' id='line_1_51' title="bbox 106 3181 911 3226; baseline 0.001 -12"><span class='ocrx_word' id='word_1_533' title='bbox 106 3192 246 3225; x_wconf 83' lang='lat' dir='ltr'>quarum</span> <span class='ocrx_word' id='word_1_534' title='bbox 269 3182 451 3226; x_wconf 84' lang='lat' dir='ltr'>permultae</span> <span class='ocrx_word' id='word_1_535' title='bbox 474 3190 599 3214; x_wconf 79' lang='lat' dir='ltr'>vacuae</span> <span class='ocrx_word' id='word_1_536' title='bbox 622 3184 700 3212; x_wconf 86' lang='lat' dir='ltr'>sunt</span> <span class='ocrx_word' id='word_1_537' title='bbox 724 3181 841 3215; x_wconf 84' lang='lat' dir='ltr'>literis.</span> <span class='ocrx_word' id='word_1_538' title='bbox 872 3199 911 3204; x_wconf 82' lang='lat'><em>—</em></span> 
     </span>
    </p>
   </div>
  </div>
 </body>
</html>
