2126 3388
185 157 270 207 820
862 161 946 197 Vita
968 160 1120 197 Joannis
1144 159 1301 206 Kepleri.

186 280 345 331 aliquod
376 279 476 319 ultro
510 276 617 316 daret
647 289 741 318 suae
772 278 1089 318 benevolentiae:
1121 291 1211 318 narn
1232 289 1308 317 non
1331 282 1413 317 erat
1433 277 1526 316 mihi
1548 278 1788 328 consultum,
1821 281 1977 331 saepius

185 343 224 378 in
257 340 458 377 discrimen
490 338 622 374 venire
653 337 843 387 repulsae.
889 337 937 374 Et
969 340 1124 376 omnino
1156 338 1418 384 successisset,
1451 348 1522 375 nec
1552 337 1681 375 forsan
1713 338 1826 386 male,
1859 341 1891 376 si
1915 338 1976 376 vel

187 410 259 448 ego
292 398 460 446 apertius
493 396 672 444 egissem,
706 395 769 433 vel
800 396 868 433 illa
898 396 1057 445 pudoris
1089 401 1127 434 et
1159 395 1335 434 cautelae
1366 396 1494 433 minus
1526 394 1789 434 adhibuisset:
1832 402 1977 434 certum

187 458 288 495 enim
320 458 397 502 est,
434 458 596 490 matrem
629 453 891 502 consuluisse,
933 459 1050 503 atque
1083 454 1150 492 illa
1180 453 1275 491 mihi
1306 464 1383 491 non
1416 453 1596 500 obscure,
1635 453 1703 492 sed
1734 465 1820 491 sero
1851 456 1976 501 nimis,

184 517 359 564 paratam
401 511 659 549 conditionem
706 511 884 550 ostendit.
945 511 1159 559 Nobilitas,
1205 512 1350 558 forma,
1398 512 1637 561 experientia
1680 513 1735 549 rei
1779 512 1977 549 familiaris

184 571 356 617 aderaut,
389 570 549 608 aberant
581 581 699 619 opes,
732 574 913 619 suspecta
944 569 1152 615 valetudo,
1183 570 1304 618 signis
1336 569 1565 607 vitiosorum
1596 569 1821 619 pulmonum
1853 572 1979 607 mani-

184 629 414 668 festissimis.
476 627 622 677 Aliqua
661 629 698 664 in
741 628 815 665 hoc
856 632 937 665 erat
976 627 1204 675 difficultas,
1250 627 1353 676 quod
1394 627 1564 665 nobilem
1603 628 1819 666 indotatam
1859 629 1977 677 paulo

185 687 423 726 sumtuosius
465 685 683 723 habendam
726 686 942 724 constabat.
1004 686 1057 723 At
1087 697 1189 723 nunc
1220 685 1351 734 puella
1382 687 1437 722 sic
1468 685 1689 735 respondit,
1731 691 1773 723 ut
1809 687 1981 735 conjice-

184 757 276 793 rem,
309 744 416 781 illam
449 749 486 781 et
517 746 697 790 sensisse,
731 744 822 793 quid
856 743 1009 792 vellem,
1042 750 1080 782 et
1110 755 1273 792 negasse
1305 745 1399 781 citra
1428 756 1555 781 meam
1588 745 1864 782 confusionem.

324 802 463 850 Itaque
494 814 541 840 ne
573 802 810 852 periclitarer
841 802 1028 851 amplius,
1075 801 1123 839 ad
1160 801 1347 840 decimam
1389 803 1539 849 transii,
1579 807 1735 840 secutus
1778 801 1979 839 consilium

183 861 349 900 feminae
370 859 581 910 popularis,
614 861 707 897 mihi
731 862 1000 908 amicissimae,
1034 871 1132 909 quae
1160 860 1242 908 jam
1266 860 1331 897 diu
1352 871 1393 897 se
1417 861 1544 908 sperni
1568 866 1705 909 questa
1728 865 1820 897 erat.
1872 860 1981 898 Ven-

187 924 267 957 tum
299 920 337 955 in
371 924 640 967 conspectum,
681 930 773 968 opes
806 925 913 956 erant
945 923 1087 966 certae,
1118 917 1313 962 nobilitas,
1347 918 1569 966 frugalitas3
1612 924 1652 955 at
1682 918 1981 967 physiognomia.

189 977 544 1024 abhorrentissima,
578 977 701 1015 forma
733 977 847 1014 etiam
879 977 1132 1026 popularibus
1166 976 1287 1014 oculis
1321 977 1453 1024 turpis,
1487 987 1689 1025 corporum
1721 976 1980 1024 inaequalitas

187 1035 511 1083 manifestissima,
545 1046 615 1083 ego
648 1036 786 1082 tenuis,
821 1047 1022 1081 exsuccus,
1053 1034 1219 1083 gracilis,
1252 1034 1319 1071 illa
1352 1035 1479 1071 brevis
1512 1039 1550 1072 et
1581 1046 1726 1082 crassa,
1761 1046 1806 1072 ex
1836 1034 1983 1071 familia

188 1096 303 1132 etiarn
337 1094 475 1142 insigni
508 1093 702 1142 superflua
734 1094 920 1133 crassitie.
960 1093 1178 1141 Indignitas
1199 1093 1369 1130 maxima
1393 1097 1476 1129 orta
1507 1104 1553 1130 ex
1586 1094 1873 1142 comparatione
1897 1104 1980 1130 cum

187 1154 334 1202 quinta,
368 1163 445 1188 non
477 1156 605 1189 tamen
639 1152 825 1190 excitavit
856 1162 1026 1189 amorem
1059 1162 1149 1200 erga
1180 1150 1287 1188 illam
1320 1150 1467 1188 denuo:
1506 1151 1696 1200 fuyacior
1726 1150 1858 1199 Euro,
1891 1162 1982 1199 opes

187 1211 356 1249 Plutoni
386 1210 591 1247 devovens.

325 1267 471 1305 Eodem
502 1269 637 1305 itinere
661 1272 699 1305 et
718 1266 935 1315 undecima,
968 1267 1047 1315 jam
1080 1265 1171 1304 olim
1202 1266 1297 1304 mihi
1329 1266 1612 1314 commendata,
1644 1278 1795 1305 rursum
1825 1268 1862 1303 in
1894 1277 1981 1304 sce-

185 1339 275 1366 nam
305 1326 494 1375 producta
524 1326 596 1363 suit
627 1326 676 1363 ab
709 1327 856 1372 amico,
890 1330 1123 1363 secretorum
1156 1336 1327 1363 meorum
1359 1324 1435 1362 fido
1470 1324 1651 1373 custode,
1693 1327 1759 1376 qui
1793 1324 1981 1363 decimam

187 1385 436 1424 dissuaserat.
507 1383 670 1421 Secutus
715 1396 799 1421 sum
842 1384 1065 1421 universum
1105 1385 1227 1432 ipsius
1269 1382 1463 1420 ordinem:
1509 1385 1597 1421 veni
1639 1385 1677 1420 in
1720 1388 1979 1432 conspectum,

185 1444 332 1493 placuit
362 1453 539 1492 persona,
571 1443 779 1480 tectissime
811 1447 940 1479 tamen
973 1443 1101 1479 omnia
1130 1447 1253 1490 gesta.
1295 1441 1462 1478 Rursum
1485 1452 1591 1491 opes,
1621 1442 1818 1488 nobilitas,
1850 1442 1982 1490 fruga-

185 1502 295 1548 litas,
336 1501 373 1537 in
405 1505 533 1539 aetate
566 1500 884 1538 desiderabantur
925 1499 1074 1548 aliquot
1104 1501 1215 1545 anni3
1258 1500 1296 1536 in
1329 1511 1498 1547 summa,
1530 1512 1589 1538 res
1621 1512 1687 1549 per
1717 1499 1826 1537 illum
1858 1505 1981 1548 gesta,

186 1560 375 1610 patientia
414 1571 437 1596 a
474 1570 534 1596 me
575 1560 762 1607 praestita
800 1560 837 1594 in
880 1563 1059 1606 quartum
1099 1570 1292 1596 mensem:
1341 1558 1507 1607 denique
1544 1569 1770 1608 responsum
1808 1558 1979 1605 tulimus,

188 1618 311 1657 videri
344 1616 514 1666 puellam
547 1616 716 1654 nondum
748 1618 843 1654 satis
873 1615 1058 1654 adultam.

325 1675 507 1724 Jamque,
541 1675 739 1712 exhaustis
773 1675 950 1712 omnibus
983 1675 1193 1711 amicorum
1226 1674 1396 1711 consiliis
1429 1673 1518 1724 (nisi
1541 1673 1644 1724 quod
1665 1673 1850 1712 Mannam
1880 1685 1982 1712 nun-

189 1745 305 1784 quam
339 1746 422 1771 sum
454 1739 628 1780 secutus,
673 1738 801 1780 metu,
842 1744 889 1770 ne
922 1744 1046 1781 aeque
1078 1731 1179 1769 male
1211 1730 1467 1783 succederet),
1511 1744 1583 1782 ego
1616 1734 1653 1769 in
1684 1734 1769 1782 ipso
1811 1732 1981 1771 discessu

188 1792 444 1831 Ratisbonam
476 1792 524 1829 ad
557 1793 730 1840 quintam
762 1802 952 1838 reversus,
986 1790 1099 1828 fidem
1132 1789 1220 1827 dedi
1253 1791 1476 1840 accepique.

326 1850 459 1888 Habes
492 1850 806 1887 commentarium
838 1848 991 1886 illorum
1022 1849 1250 1896 verborum,
1287 1860 1310 1885 a
1345 1849 1485 1897 quibus
1516 1850 1706 1898 incipiunt
1736 1849 1982 1887 invitatoriae

187 1909 335 1947 literae.
376 1908 509 1956 Vides,
543 1920 619 1957 qua
652 1908 906 1957 dispositione
940 1907 1071 1944 divina
1103 1908 1140 1943 in
1175 1906 1244 1943 has
1277 1905 1396 1944 veluti
1421 1909 1620 1955 angustias
1643 1909 1715 1944 sim
1747 1906 1982 1956 compulsus,

189 1972 231 2005 ut
262 1966 518 2013 nobilitatem,
553 1978 664 2015 opeS,
700 1967 988 2015 cognationem,
1023 1976 1185 2014 quorum
1217 1964 1312 2001 nihil
1346 1966 1383 2001 in
1415 1965 1488 2002 hac
1516 1967 1693 2013 invenio,
1727 1970 1981 2012 contemnere,

189 2029 316 2063 cetera
358 2025 565 2062 mediocria
612 2036 737 2073 aequo
783 2026 911 2062 animo
959 2024 1068 2072 sequi
1116 2028 1272 2060 coactus
1317 2022 1466 2061 fuerim.
1536 2023 1787 2062 Susannae
1829 2035 1980 2069 nomen,

189 2088 366 2133 parentes
398 2083 462 2121 Jo.
496 2082 724 2131 Reuttingcr
756 2087 793 2119 et
825 2083 1010 2129 Barbara,
1045 2082 1150 2119 cives
1183 2080 1315 2130 oppidi
1347 2081 1549 2131 Eserding,
1583 2081 1737 2131 opificio
1771 2082 1982 2119 arcularius

189 2147 310 2190 pater,
345 2141 488 2178 dudum
527 2142 668 2178 mortui
708 2140 844 2188 ambo,
886 2140 1087 2187 educatio,
1131 2151 1230 2187 quae
1268 2139 1355 2176 loco
1397 2140 1658 2189 amplissimae
1698 2139 1798 2177 dotis
1830 2141 1900 2187 sit,
1944 2139 1980 2175 in

190 2210 389 2248 gynaeceo
413 2199 721 2248 Starenbergico,
754 2200 873 2236 totius
894 2199 1061 2247 regionis
1083 2197 1375 2234 laudatissimae
1400 2197 1646 2247 disciplinae3
1678 2197 1812 2246 forma,
1844 2208 1980 2244 mores,

190 2269 328 2306 corpus
361 2262 616 2305 attemperata
639 2256 686 2294 ad
711 2269 807 2304 mea,
840 2257 969 2293 nullus
991 2256 1124 2301 fastus,
1158 2255 1264 2292 nulla
1288 2258 1552 2303 sumtuositas,
1585 2256 1758 2294 laborum
1782 2256 1982 2305 patientia,

186 2316 350 2353 scientia
381 2315 583 2352 mediocris
606 2314 800 2363 regendae
825 2314 973 2358 domus,
1007 2319 1114 2351 aetas
1136 2313 1263 2351 media
1277 2313 1321 2363 ⁵³⁵)
1353 2315 1582 2363 animusque
1605 2326 1728 2363 capax
1750 2315 1845 2363 ejus,
1878 2312 1982 2363 quod

190 2373 317 2411 adhuc
349 2372 468 2410 deest.
531 2372 627 2410 Cum
659 2373 732 2410 hac
767 2385 812 2410 ex
855 2372 1106 2421 dispositione
1140 2371 1325 2409 Generosi
1356 2372 1513 2409 Domini
1546 2385 1569 2410 a
1600 2372 1861 2421 Stahrenberg
1891 2383 1984 2421 pro-

191 2433 292 2469 xime
325 2431 452 2468 futuro
487 2435 553 2469 30.
578 2430 756 2467 Octobris
789 2430 883 2467 liora
919 2434 983 2467 12.
1017 2441 1145 2467 coram
1179 2434 1290 2467 coetu
1323 2429 1590 2480 Eferdingensi
1623 2431 1849 2480 copulabor,
1879 2442 1984 2479 nup—

190 2489 281 2527 tiale
314 2488 469 2538 epulum
511 2490 547 2525 in
587 2488 749 2525 aedibus
780 2488 1015 2534 Mauriciae,
1057 2488 1165 2536 cujus
1206 2489 1355 2535 insigne
1396 2488 1476 2526 Leo
1519 2500 1678 2536 aureus,
1722 2488 1982 2537 praebebitur.

190 2547 383 2584 Illustrem
417 2545 725 2584 Generositatem
757 2546 882 2583 Tuam
915 2544 1081 2583 obsideri
1115 2547 1194 2583 scio
1227 2547 1423 2594 geminato
1455 2547 1561 2584 luctu
1594 2558 1718 2596 eoque
1739 2548 1981 2595 gravissimo,

191 2610 229 2642 et
259 2606 324 2654 qui
356 2610 463 2642 tuum
496 2606 666 2642 animum
709 2615 785 2641 non
816 2604 1058 2642 mediocriter
1090 2604 1138 2641 ob
1172 2606 1299 2641 varias
1339 2615 1448 2641 curas
1491 2604 1686 2653 percellat.
1751 2604 1794 2642 Id
1826 2605 1857 2642 si
1888 2604 1983 2641 nihil

190 2663 453 2712 impedimenti
485 2663 688 2711 objiceret,
721 2664 880 2699 summis
913 2663 982 2699 abs
1015 2661 1160 2699 Illustri
1194 2661 1462 2700 Generositate
1494 2663 1579 2700 Tua
1611 2663 1789 2712 precibus
1822 2667 1984 2700 conten-

193 2721 337 2769 derem,
383 2726 424 2758 ut
457 2721 548 2770 Ipsa
578 2722 722 2769 nuptiis
763 2722 857 2758 meis
898 2721 1101 2758 interesset
1148 2732 1294 2768 suaque
1326 2723 1544 2768 praesentia
1585 2721 1913 2769 magnanimitatis
1946 2722 1983 2756 in

191 2790 252 2817 me
283 2780 448 2828 speciem
481 2779 826 2817 luculentissimam
850 2778 1037 2826 effigiaret
1058 2790 1195 2827 meque
1228 2785 1264 2816 et
1295 2790 1365 2816 suo
1390 2779 1500 2816 vultu
1533 2780 1569 2815 in
1603 2779 1777 2816 adversis
1800 2783 1984 2816 constan-

193 2838 340 2875 tissimo
383 2842 594 2884 recrearet,
636 2841 672 2874 et
716 2837 765 2874 ad
812 2836 1130 2874 contemnendam
1174 2837 1314 2873 famam
1355 2836 1583 2885 popularem
1617 2836 1868 2874 confirmaret.
1933 2836 1985 2873 At

195 2897 285 2942 quia
316 2896 407 2933 novi
440 2894 663 2942 obstacula,
707 2896 822 2933 etiam
856 2906 940 2932 cum
972 2894 1031 2931 Ill.
1066 2893 1164 2934 Gen.
1195 2894 1304 2932 Tuae
1345 2894 1476 2943 legato
1510 2900 1711 2932 contentus
1744 2905 1822 2932 ero.
1883 2894 1984 2932 Vale

195 2957 232 2990 et
263 2958 388 2990 utrum
421 2958 638 3002 exspectem
669 2964 737 3001 per
768 2953 933 2990 scribam
965 2952 1156 3000 significa,
1189 2957 1230 2990 ut
1260 2954 1428 2991 rationes
1459 2952 1604 3002 hospiti
1633 2956 1821 2991 constent.
1871 2952 1984 2990 Eser-

196 3009 334 3059 dingae
368 3010 401 3048 d.
437 3015 502 3049 23.
537 3009 728 3058 Octobris,
762 3012 875 3048 tertia
907 3023 929 3048 a
961 3022 1045 3048 meo
1077 3010 1215 3048 reditu.

332 3112 361 3153 ⁸)
393 3114 429 3143 In
462 3113 656 3144 collectione
690 3114 903 3143 nativitatum
940 3114 1216 3156 deprehendimus
1249 3115 1434 3147 Susannam
1464 3114 1723 3152 Reuttingeriam
1758 3112 1855 3154 (alias
1885 3114 1984 3146 Reut-

197 3156 382 3200 lingeram),
409 3163 521 3191 natam
547 3160 599 3190 die
625 3162 682 3195 25.
707 3161 789 3194 Dec.
819 3161 919 3193 1589.
