2126 3388
191 147 275 192 856
885 140 969 176 Vita
992 138 1145 175 Joannis
1170 137 1330 184 Kepleri.

190 264 414 305 monitionis
446 272 563 301 causa
594 259 700 307 dico,
743 263 786 297 ut
816 259 917 297 idem
950 259 1150 307 contingat
1180 255 1502 304 Wirtembergiae
1544 260 1583 294 et
1612 255 1828 304 Saxoniae‚
1873 255 1977 305 quod

191 335 313 374 nuper
342 319 582 360 Palatinatui
611 317 822 367 Neoburgi,
856 315 959 365 quod
990 315 1202 362 Marchiae,
1235 313 1340 364 quod
1372 312 1515 351 dudum
1547 317 1585 351 et
1604 313 1842 351 Palatinatui
1862 314 1978 352 Elec-

191 381 305 420 torali
337 379 550 425 ceterisque
583 375 777 413 ecclesiis:
819 380 910 412 tunc
941 374 1098 412 afflictio
1132 373 1239 411 daret
1270 371 1382 409 vobis
1413 371 1650 409 intellectum
1682 371 1887 409 multarum
1917 384 1979 410 re-

190 451 293 485 rum,
338 446 437 486 quae
468 444 571 471 nunc
601 437 691 470 sunt
721 431 974 470 absconditae
1017 432 1066 469 ab
1100 431 1220 469 oculis
1248 429 1465 477 juventutis
1496 433 1668 477 vestrae,
1700 431 1739 466 in
1770 431 1979 468 ministerio

191 493 479 535 succrescentis.
541 491 651 528 Tunc
688 490 883 528 audiretur
924 490 990 527 ille
1029 489 1084 526 Μ.
1117 488 1332 533 Antonius,
1373 487 1577 534 divinitus,
1619 492 1661 524 ut
1691 487 1785 525 mihi
1817 487 1980 534 videtur,

190 554 435 596 summissuS‚
478 553 520 587 ut
550 550 600 586 sit
631 548 906 586 inexcusabilis
939 547 1149 585 Germania
1195 551 1281 595 post
1318 545 1418 582 hanc
1456 546 1730 583 visitationem.
1791 544 1894 582 Satis
1934 545 1980 583 de

189 612 262 649 hac
303 607 522 654 harmonia,
568 608 605 643 in
652 618 730 655 qua
773 606 867 643 mihi
910 605 1010 642 laico
1049 603 1141 642 solis
1191 603 1367 652 precibus
1413 602 1526 640 video
1578 601 1848 641 laborandum.
1922 603 1980 640 De

193 667 407 706 Harmonia
438 665 697 703 astronomica
728 663 825 700 nihil
857 664 1006 709 scribo,
1048 663 1123 699 nisi
1157 660 1260 709 quod
1292 660 1445 697 titulum
1476 660 1539 698 hic
1579 661 1666 698 libri
1699 662 1823 710 quinti
1853 662 1978 698 mitto:

191 727 228 763 in
262 725 364 762 hunc
396 725 497 761 enim
529 734 641 760 usum
673 721 825 770 aliquos
858 722 930 759 feci
962 719 1198 770 superfluoS,
1238 723 1280 755 ut
1322 718 1461 755 librum
1493 723 1626 756 notum
1666 718 1828 756 facerem
1861 718 1983 769 pluri-

193 793 356 831 mosque
388 780 438 819 ad
471 781 554 830 ejus
585 780 791 818 lectionem
822 780 1040 816 invitarem.
1091 777 1203 825 Rogo
1235 777 1363 824 igitur,
1397 776 1463 814 des
1496 776 1729 826 exemplaria
1761 776 1984 825 bibliopolis

189 841 329 880 vestris
361 839 555 888 affigenda
598 840 635 874 in
667 837 884 888 propatulo.
953 836 1011 874 De
1042 835 1103 873 his
1144 834 1295 872 duabus
1335 834 1544 872 harmoniis
1577 840 1617 872 ut
1647 834 1693 872 R.
1726 834 1812 872 Tua
1842 834 1892 872 ad
1922 847 1983 873 me

187 899 341 945 scribat,
373 908 449 934 non
482 897 686 934 ambitiose
708 896 975 945 importuneve
998 892 1246 940 contendam3
1279 893 1483 941 acquiesco
1516 893 1553 929 in
1577 892 1834 938 distinctione,
1867 903 1983 941 quam

188 957 234 994 R.
267 956 353 994 Tua
382 955 474 993 fecit
504 956 602 992 inter
632 965 692 991 me
724 953 1040 991 mathematicum
1063 956 1099 989 et
1122 962 1183 988 me
1215 950 1450 999 theologum,
1482 962 1553 988 nec
1583 950 1685 988 hunc
1715 950 1869 987 titulum
1889 950 1983 988 mihi

188 1013 356 1060 vindico,
387 1024 459 1052 nec
490 1016 532 1050 ut
561 1012 611 1050 ad
641 1013 893 1062 praemissam
925 1011 1170 1048 inamoenam
1203 1008 1389 1059 epistolae
1411 1013 1557 1058 partem
1588 1007 1831 1058 respondeat,
1863 1020 1981 1058 urgeo

186 1071 433 1123 pertinacius.

326 1129 511 1179 Superest
540 1138 633 1166 vero
665 1128 778 1165 tertia
818 1138 906 1164 mea
935 1125 1151 1163 Harmonia
1182 1123 1504 1174 Evangeliorum,
1550 1136 1665 1173 quam
1697 1124 1743 1162 R.
1776 1124 1820 1162 Τ.
1854 1135 1983 1163 coram

188 1187 338 1226 ostendi
370 1185 749 1237 pervolvendamque
791 1183 900 1231 dedi,
941 1183 1116 1221 recensui
1158 1183 1273 1221 etiam
1304 1187 1502 1228 oretenus,
1546 1182 1639 1231 quid
1671 1183 1708 1219 in
1742 1194 1788 1220 ea
1818 1184 1983 1232 praesti-

188 1247 311 1285 terim.
373 1245 434 1283 De
467 1256 513 1282 ea
543 1243 730 1292 significo,
763 1242 887 1280 videri
917 1242 1009 1279 mihi
1041 1252 1160 1291 penes
1181 1240 1228 1280 R.
1251 1241 1296 1278 T.
1319 1242 1432 1278 situm
1466 1252 1562 1289 esse,
1593 1246 1636 1278 ut
1667 1239 1734 1278 illa
1761 1240 1824 1278 hic
1845 1240 1980 1288 Lincii,

188 1303 424 1355 pedetentim
456 1301 752 1340 succedentibus
793 1301 919 1350 operis
951 1298 1184 1349 typographi
1216 1300 1355 1346 nostri,
1399 1310 1474 1336 non
1506 1299 1602 1336 satis
1634 1298 1761 1337 adhuc
1791 1300 1979 1347 instructi,

187 1364 311 1413 possit
343 1360 493 1399 excudi.
553 1360 623 1397 Est
651 1359 827 1397 Viennae
861 1358 1039 1395 Austriae
1073 1361 1205 1394 coetus
1248 1367 1494 1404 numerosus,
1538 1361 1638 1395 esset
1675 1357 1768 1406 ipsis
1799 1357 1982 1395 facillima

189 1420 422 1459 contributio
455 1417 505 1457 ad
535 1417 622 1455 libri
655 1415 869 1455 excudendi
900 1421 1049 1453 sumtus
1082 1426 1205 1464 eaque
1229 1426 1252 1452 a
1272 1426 1332 1452 me
1365 1426 1441 1452 non
1472 1416 1615 1465 petitur
1645 1414 1759 1465 plane
1791 1416 1980 1464 gratuito:

189 1479 282 1528 quin
312 1478 460 1528 potius,
502 1477 594 1525 quia
624 1474 901 1514 bibliothecam
940 1473 997 1511 illi
1035 1472 1169 1523 procul
1200 1471 1316 1510 dubio
1348 1472 1554 1522 colligunt,
1595 1474 1717 1511 omnis
1755 1484 1983 1522 repraesen-

189 1540 273 1574 tata
304 1536 468 1586 pecunia
498 1532 763 1572 refunderetur
793 1533 886 1582 ipsis
920 1533 958 1568 in
989 1531 1097 1569 libris
1130 1532 1320 1581 expetitis,
1353 1530 1469 1579 idque
1501 1532 1622 1581 pretio
1655 1530 1982 1569 Francofurdano.

189 1594 303 1632 Esset
335 1594 408 1644 ipsi
440 1594 555 1631 etiam
577 1592 704 1629 coetui
734 1589 944 1628 honorifica
965 1590 1155 1639 promotio
1188 1588 1303 1637 hujus
1337 1590 1484 1638 operis,
1517 1589 1703 1627 ecclesiae
1735 1589 1984 1638 evangelicae

192 1651 430 1689 Harmoniae
462 1649 775 1698 Evangeliorum.
837 1648 897 1685 De
935 1648 1010 1685 hac
1040 1659 1079 1685 re
1113 1658 1198 1685 cum
1239 1658 1360 1696 nuper
1399 1658 1521 1684 essem
1556 1646 1710 1684 locutus
1741 1648 1789 1688 D,
1821 1647 1983 1685 Milber-

188 1721 279 1758 gero
302 1709 454 1747 Pastori
476 1710 514 1745 in
534 1707 719 1746 Herrnals
748 1711 847 1754 (arce
874 1708 1064 1753 Joergeri),
1099 1706 1247 1742 censuit
1268 1703 1313 1741 R.
1338 1705 1445 1742 Tuae
1468 1705 1839 1743 commendationem
1862 1705 1984 1755 pluri-

190 1779 293 1805 mum
328 1766 546 1805 valituram.
607 1766 744 1814 Itaque
776 1766 808 1802 si
839 1776 915 1802 non
949 1765 1161 1802 contemnis
1204 1762 1419 1813 exemplum
1451 1763 1637 1801 ecclesiae
1676 1765 1839 1811 veteris,
1883 1775 1984 1812 quae

189 1826 288 1864 alius
319 1825 505 1864 haeretici
546 1824 711 1872 gnostici
742 1823 1038 1861 Monotessaron
1077 1825 1114 1858 in
1147 1821 1278 1858 crebro
1320 1833 1391 1858 usu
1424 1820 1581 1868 habuit,
1622 1826 1664 1858 ut
1696 1821 1825 1860 videre
1858 1826 1916 1859 est
1946 1822 1983 1858 in

188 1882 405 1922 Harmonia
436 1883 484 1921 D.
519 1882 743 1929 Chemnitii,
791 1885 829 1919 et
860 1882 891 1918 si
923 1880 993 1919 tibi
1025 1880 1098 1917 hae
1131 1890 1333 1928 caprarum
1371 1878 1492 1929 pelles
1532 1878 1695 1917 idoneae
1726 1879 1905 1917 videntur
1935 1879 1985 1917 ad

190 1947 368 1980 ornatum
400 1941 628 1979 exteriorem
659 1938 918 1977 Tabernaculi
950 1938 1046 1976 Dei:
1089 1936 1304 1987 gratificare
1337 1938 1496 1975 obsecro
1538 1937 1738 1975 laboribus
1769 1938 1864 1976 meis
1898 1937 1985 1974 diu-

190 2001 282 2038 tinis
316 1999 598 2050 epistolamque
630 1997 679 2036 ad
711 2002 895 2044 rectores,
938 2000 1101 2042 tutores,
1142 1996 1357 2042 antistites,
1397 2000 1612 2043 curatores,
1659 1996 1986 2046 eleemosynarios

191 2057 378 2096 ecclesiae
410 2056 659 2106 evangelicae
691 2056 728 2092 in
759 2053 946 2093 Her-mals
978 2059 1180 2101 totumque
1221 2053 1318 2091 adeo
1359 2065 1497 2103 corpus
1529 2053 1612 2102 ejus
1653 2054 1796 2101 scribe,
1838 2055 1876 2091 in
1910 2065 1986 2102 qua

190 2116 399 2165 professus,
431 2119 469 2153 te
501 2127 525 2153 a
554 2126 614 2153 me
645 2119 823 2163 rogatum
856 2124 940 2151 esse
971 2113 1202 2150 sententiam
1233 2111 1408 2158 liberam,
1442 2123 1694 2160 quaecunque
1717 2112 1786 2149 tibi
1818 2111 1864 2150 de
1886 2116 1986 2149 tem-

191 2185 328 2223 porum
359 2173 611 2222 locorumque
643 2171 940 2210 circumstantiis
971 2169 1242 2208 mathematica
1276 2175 1312 2208 et
1342 2169 1526 2207 historica
1557 2181 1646 2207 cura
1678 2168 1786 2221 (quia
1806 2172 1985 2219 nuspiam

192 2243 265 2281 ago
298 2236 638 2270 commentatorem
668 2229 913 2278 theologum)
955 2229 1155 2277 exquisitis
1187 2226 1441 2275 videbuntur,
1476 2227 1674 2277 deprome,
1706 2228 1838 2265 addita
1868 2229 1985 2266 etiam

193 2291 385 2336 cautione,
418 2301 465 2327 ne
498 2289 732 2338 adjungatur
764 2286 929 2336 epistola
959 2291 1026 2324 tua
1059 2287 1177 2335 operi,
1210 2291 1366 2335 propter
1399 2290 1521 2323 certos
1553 2290 1770 2335 respectus;
1802 2291 1984 2335 praeten-

193 2347 282 2386 dere
315 2349 414 2385 enim
446 2352 569 2395 poteS,
603 2346 706 2395 quod
738 2350 796 2383 est
825 2346 1080 2391 verissimum,
1114 2345 1169 2382 sic
1199 2343 1317 2381 latius
1338 2355 1514 2392 sparsum
1546 2345 1590 2380 iri
1613 2343 1846 2393 exemplaria
1868 2346 1984 2382 etiam

190 2407 291 2444 inter
320 2405 539 2455 pontificios
572 2409 609 2442 et
639 2406 677 2440 iu
709 2404 848 2441 exteris
879 2402 1123 2451 regionibus3
1165 2406 1205 2438 at
1235 2413 1363 2439 meum
1406 2401 1468 2439 hic
1498 2403 1748 2451 praecipuum
1782 2402 1984 2440 consilium

189 2463 264 2502 hoc
296 2468 363 2510 est,
397 2475 444 2501 ne
475 2462 520 2501 R.
555 2462 601 2500 T.
633 2461 734 2499 male
765 2460 900 2499 audiat
922 2472 944 2498 a
967 2459 1126 2508 collegis
1157 2461 1237 2496 suis
1269 2461 1306 2496 in
1341 2459 1513 2498 ecclesiis
1543 2461 1816 2509 superioribus,
1849 2462 1881 2498 si
1910 2460 1984 2498 ho-

190 2522 305 2559 minis
325 2522 493 2570 suspecti
515 2521 552 2557 in
575 2520 775 2566 religione,
810 2518 935 2567 qualis
966 2530 1051 2555 sum
1082 2518 1178 2567 proh
1201 2517 1321 2564 dolor,
1355 2529 1452 2567 opus
1474 2518 1813 2557 commendaverit.
1867 2518 1982 2567 Apud

192 2582 297 2629 ipsos
327 2579 569 2617 Viennenses
600 2577 695 2615 nihil
727 2576 804 2615 tale
836 2576 1083 2614 metuendum
1115 2580 1185 2622 est,
1216 2576 1350 2614 favent
1372 2577 1471 2614 enim
1503 2577 1608 2623 mihi,
1643 2577 1708 2625 qui
1739 2588 1800 2614 me
1831 2583 1982 2614 norunt.

192 2637 397 2675 Paradoxa
439 2648 539 2685 quae
577 2637 708 2673 insunt
749 2634 1039 2682 chronologica,
1084 2645 1129 2672 ea
1167 2638 1256 2671 sunt
1285 2633 1382 2672 haec
1413 2634 1508 2681 fere,
1549 2636 1582 2672 si
1620 2634 1717 2672 forte
1753 2634 1896 2672 oblitus
1928 2646 1981 2672 es.

194 2695 343 2734 Natalis
383 2695 524 2733 Christi
566 2694 831 2743 quinquennio
874 2693 1060 2730 maturior
1103 2704 1193 2730 aera
1234 2698 1377 2730 nostra.
1447 2692 1598 2731 Pascha
1639 2692 1862 2742 passionale
1906 2703 1982 2730 non

195 2757 232 2792 3.
268 2753 413 2803 Aprilis
445 2752 512 2790 sed
545 2756 611 2791 25.
643 2751 795 2798 Martii,
841 2751 995 2789 biennio
1039 2755 1128 2788 ante
1173 2762 1287 2799 quam
1329 2749 1444 2788 hodie
1477 2755 1763 2800 computamus,
1796 2762 1847 2788 sc.
1880 2761 1981 2788 anno

197 2823 310 2850 aerae
341 2811 553 2849 hodiernae
586 2814 652 2849 31.
686 2809 943 2847 Ministerium
976 2807 1117 2846 Christi
1149 2808 1359 2846 secundum
1392 2809 1652 2858 Epiphanium
1691 2809 1780 2846 anni
1813 2812 1835 2845 2
1868 2807 1982 2845 solidi

197 2880 282 2906 cum
315 2869 528 2917 quadrante
560 2872 641 2906 'aut
673 2880 757 2906 cum
789 2867 963 2906 semestri
995 2867 1048 2914 (si
1077 2867 1294 2916 baptismus
1326 2866 1466 2904 Christi
1498 2869 1537 2904 in
1570 2872 1755 2905 autumno
1795 2867 1981 2913 contigis-

195 2926 282 2975 set).
333 2926 428 2965 Post
448 2926 692 2965 traditionem
715 2925 892 2972 Joannis,
925 2927 1018 2963 item
1047 2929 1136 2974 post
1166 2925 1456 2973 inquisitionem
1488 2938 1509 2962 a
1531 2923 1817 2974 Jerosolymitis
1839 2923 1980 2961 factam

196 2985 234 3020 in
265 2984 481 3032 Baptistam
512 2990 549 3023 et
579 2986 635 3022 sic
660 2989 749 3034 post
780 2985 911 3032 fugam
932 2982 1110 3030 Joannis,
1145 2995 1222 3032 qua
1252 2994 1293 3020 se
1318 2995 1341 3020 a
1362 2982 1534 3021 Jordane
1566 2982 1749 3021 subduxit
1779 2981 1817 3017 in
1850 2980 1981 3020 deser-

198 3044 278 3077 tum
307 3042 438 3090 Enan,
478 3054 525 3080 ex
557 3042 700 3080 ditione
730 3041 898 3080 Herodis
931 3040 1069 3091 Vulpis
1101 3042 1139 3078 in
1171 3040 1355 3079 ditionem
1387 3040 1576 3090 Philippi,
1608 3050 1726 3078 uxore
1757 3037 1980 3078 Herodiade

200 3098 356 3148 spoliati
386 3111 410 3138 a
440 3099 575 3149 fratre,
606 3104 696 3150 post
724 3100 825 3141 hanc
856 3101 1015 3150 inquam
1044 3098 1324 3149 proditionem,
1356 3104 1445 3151 post
1476 3098 1635 3137 insidias
1666 3095 1812 3135 Joanni
1842 3096 1981 3150 Bapti-
