2126 3388
627 201 774 248 Kepleri
798 201 984 239 literarum
1007 202 1129 240 studia
1152 205 1189 238 et
1214 201 1390 243 doctrina.
1788 201 1899 249 1027

108 334 183 373 que
215 323 474 361 instauratore
506 322 590 372 ejus
623 323 716 361 artis
747 321 951 362 defendere
983 328 1050 362 aut
1081 322 1278 374 Tychonis
1309 323 1454 374 placita
1485 323 1760 374 Copernicanis
1791 329 1902 364 ante-

101 393 244 431 ponere
277 382 405 419 conati
437 386 539 421 sunt.
572 404 627 408 —

240 439 391 489 Anglus
433 438 689 478 Jeremias
729 439 1073 487 Horroccius,
1118 439 1277 488 Kepleri
1318 442 1578 479 astronomiae
1611 440 1899 480 addictissimus

102 497 183 548 (qui
216 509 318 536 anno
353 502 475 536 1641.
510 501 546 536 3.
579 496 670 537 Jan.
707 503 979 551 „praematura
1017 502 1139 536 morte
1183 495 1362 546 juvenis“
1409 499 1506 537 obiit
1544 500 1615 538 sub
1657 501 1796 538 aetatis
1827 511 1900 538 an-

100 566 192 593 num
231 554 330 607 22),
374 568 488 605 quem
528 555 690 594 laudant
730 559 768 593 in
817 558 1076 595 astronomiae
1123 556 1285 594 historia
1325 558 1468 594 versati
1516 557 1566 595 ad
1607 570 1725 596 unum
1767 569 1898 597 omnes

103 615 141 650 in
173 614 449 653 mathematica
481 618 519 652 et
549 616 787 652 astronomia
809 616 1114 654 versatissimum
1148 619 1185 652 et
1215 613 1336 651 libero
1360 616 1588 664 sinceroque
1615 616 1764 666 J'udicio
1785 628 1901 666 prae-

105 674 396 720 stantissimum,
429 672 527 710 haec
559 672 605 711 de
626 672 786 722 Kepleri
807 673 987 722 Epitome
1019 678 1057 710 et
1090 671 1176 709 aliis
1209 672 1390 720 operibus
1422 675 1565 722 scripta
1585 675 1758 724 reliquit:
1795 675 1900 727 „Le-

101 737 195 780 gant
226 731 402 778 studiosi,
437 732 501 779 qui
526 732 726 768 veritatem
748 737 951 780 quaerunt,
984 730 1143 780 Kepleri
1167 730 1453 768 Astronomiam
1477 731 1682 781 l’hysicam
1706 734 1742 769 in
1766 733 1899 770 Com-—

101 790 378 827 mentariis
413 788 468 826 de
509 794 641 827 motu
674 788 861 827 Martis
903 795 940 827 et
978 789 1241 838 Epitomen
1285 788 1388 836 ejus
1421 789 1777 829 Astronomiae
1811 791 1898 829 Co—

100 848 422 896 pernicanae,
457 852 494 884 et
526 858 601 884 non
635 847 770 885 dubito
803 849 894 896 quin
927 847 1066 885 exinde
1094 846 1415 896 jucundissimum
1447 847 1594 886 solidae
1626 849 1898 898 philosophiae

101 905 325 943 thesaurum
348 907 538 954 captaturi
560 907 648 952 sint,
673 905 917 943 divinissima
940 917 1056 944 verae
1076 906 1291 954 sapientiae
1314 906 1500 943 varietate
1523 906 1734 954 florentem,
1767 913 1898 945 nectar

101 968 138 1001 et
169 963 403 1001 ambrosiam
442 964 674 1002 suavissime
712 964 920 1013 spirantem
927 991 1100 1002 ......
1162 962 1357 1001 Successit
1398 967 1574 1010 (Tyn-honi)
1614 965 1897 1003 divinissimum

101 1021 261 1070 Kepleri
292 1023 511 1070 ingenium,
556 1022 628 1059 viri
661 1021 710 1059 ad
742 1021 876 1060 abdita
907 1027 1069 1060 naturae
1102 1020 1340 1059 enucleanda
1377 1022 1477 1068 nati,
1523 1023 1587 1069 qui
1620 1035 1666 1060 ex
1698 1023 1896 1074 Tychonis

100 1080 440 1118 observationibus
481 1081 755 1117 astronomiam
799 1092 942 1118 novam
984 1080 1148 1118 condere
1187 1090 1394 1129 aggressus
1437 1084 1494 1116 est
1533 1091 1695 1130 eamque
1735 1081 1896 1120 feliciter

102 1137 273 1176 absolvit
305 1138 419 1176 editis
451 1137 661 1175 Tabulis
692 1138 1047 1187 Rudolphinis‚
1092 1138 1233 1188 quibus
1273 1148 1470 1186 nunquam
1512 1149 1623 1186 pares
1655 1139 1723 1178 Sol
1765 1140 1892 1177 adhuc

100 1196 211 1234 vidit.
276 1196 323 1234 Et
354 1196 510 1245 quidem
542 1198 578 1233 in
612 1197 790 1234 omnibus
823 1197 922 1235 adeo
955 1196 1103 1234 erudite
1135 1196 1393 1234 astronomica
1425 1198 1627 1243 tractavit,
1671 1203 1713 1235 ut
1745 1209 1895 1247 semper

100 1255 192 1292 mihi
225 1265 449 1303 persuasum
483 1255 608 1301 suerit,
641 1266 728 1293 eum
762 1257 890 1293 omnia
921 1255 1076 1302 habere,
1110 1255 1176 1303 qui
1206 1253 1324 1291 habet
1354 1253 1605 1302 Keple1·um.“

243 1312 315 1350 His
348 1314 475 1351 verbis
499 1313 628 1361 Angli,
660 1315 874 1362 praestanti
902 1314 1061 1361 juvenis
1093 1313 1268 1361 ingenio,
1301 1311 1547 1360 adjungimus
1580 1313 1722 1350 dictum
1753 1325 1888 1352 recen-

100 1372 207 1408 tioris
239 1370 406 1409 hominis
437 1370 541 1408 docti
572 1370 871 1420 (Franco-Galli
903 1372 956 1409 M.
989 1370 1216 1419 Bertrand),
1250 1371 1315 1418 qui
1347 1371 1386 1407 in
1416 1375 1585 1409 extremo
1617 1371 1769 1419 libello,
1813 1384 1890 1420 quo

99 1428 145 1467 de
167 1428 334 1478 Keplero
368 1430 557 1478 exposuit,
590 1428 732 1467 haecce
754 1431 925 1478 scripsit:
962 1429 1179 1478 „Keplerus
1211 1440 1330 1478 quum
1352 1428 1401 1465 ad
1423 1427 1618 1467 literarum
1648 1429 1818 1467 studium
1850 1442 1890 1468 se

99 1487 297 1525 conserens
327 1499 432 1525 mera
463 1488 758 1526 ratiocinatione
791 1499 933 1526 arcana
964 1493 1124 1526 naturae
1156 1487 1420 1536 pervestigare
1451 1498 1565 1535 posse
1587 1488 1661 1526 sibi
1686 1488 1890 1536 videretur,

97 1545 218 1593 brevi,
253 1557 328 1595 quo
362 1551 443 1583 erat
474 1545 624 1583 ardenti
656 1550 694 1583 et
724 1547 873 1584 sincero
905 1547 1078 1583 veritatis
1111 1545 1251 1593 studio,
1285 1544 1324 1581 id
1356 1549 1506 1582 tantum
1539 1558 1607 1595 pro
1641 1551 1743 1584 certo
1766 1547 1890 1584 habe-

98 1604 175 1650 bat,
208 1603 313 1652 quod
346 1605 508 1654 probare
540 1609 683 1653 posset.
745 1604 868 1653 Igitur
908 1616 1058 1653 semper
1099 1609 1257 1653 paratus
1301 1608 1381 1640 erat
1412 1608 1560 1641 mutare
1591 1605 1822 1642 sententiam
1854 1610 1890 1642 et

98 1673 195 1711 quas
226 1663 390 1700 maxime
422 1662 582 1700 fovebat
613 1663 814 1712 opiniones
846 1664 1058 1709 remittere,
1100 1663 1131 1700 si
1165 1674 1203 1700 re
1237 1661 1460 1710 diligentius
1498 1664 1693 1711 pensitata
1733 1668 1890 1701 senten-

97 1722 191 1757 tiam
220 1732 330 1758 suam
361 1722 596 1768 argumentis
627 1721 800 1759 stabilire
832 1733 908 1758 non
940 1726 1084 1770 posset.
1145 1720 1289 1758 Verum
1322 1731 1440 1768 quum
1471 1731 1547 1757 non
1580 1722 1797 1759 intermissa
1829 1723 1890 1757 in-

96 1779 305 1827 quisitione
337 1778 636 1817 confirmabatur
667 1778 721 1826 id,
766 1778 870 1828 quod
911 1783 1100 1817 statuerat
1132 1783 1169 1817 et
1200 1780 1328 1816 animo
1360 1784 1627 1827 praeceperat,
1661 1779 1787 1816 laetus
1820 1791 1889 1817 ex·-

95 1837 249 1885 plorata
288 1838 449 1875 veritate
490 1836 711 1875 exsultabat
747 1837 890 1885 gaudio
924 1842 960 1875 et
991 1837 1216 1875 ardentibus
1257 1836 1386 1874 verbis
1429 1838 1546 1874 animi
1587 1839 1886 1875 commotionem

96 1896 306 1943 aperiebat.
347 1894 438 1933 Jam
471 1907 561 1933 vero
586 1894 773 1944 dignitate
805 1895 871 1933 illa
903 1901 941 1934 et
971 1896 1175 1944 gravitate,
1210 1907 1288 1944 qua
1320 1896 1442 1932 oratio
1465 1894 1548 1942 ejus
1571 1896 1739 1944 assurgit
1762 1897 1890 1944 viget-

97 1965 193 2002 que,
227 1953 486 1991 alienissimus
509 1958 589 1991 erat
611 1965 633 1990 a
657 1956 827 1991 vanitate
850 1958 887 1991 et
907 1954 1007 1991 fastu
1030 1953 1119 2001 illo,
1154 1965 1268 2002 quem
1300 1964 1390 2002 prae
1408 1965 1448 1990 se
1480 1953 1574 1990 ferre
1618 1953 1718 1991 solet
1749 1954 1890 2002 vulgus

96 2022 219 2049 novas
251 2023 310 2049 res
352 2013 645 2050 invenientium.
708 2012 806 2049 Nam
837 2016 878 2049 ut
910 2013 946 2048 in
981 2012 1218 2061 inquirendis
1262 2012 1376 2049 rebus
1420 2011 1521 2049 clato
1561 2011 1776 2060 audacique
1810 2016 1890 2049 erat

97 2070 238 2116 animo,
271 2071 325 2106 ita
355 2081 394 2107 re
427 2070 524 2108 bene
556 2075 667 2118 gesta
698 2070 888 2108 modestia
920 2071 1100 2108 utebatur
1132 2081 1331 2119 ovansque
1362 2069 1512 2106 laetitia
1543 2069 1627 2107 Deo
1660 2069 1732 2106 soli
1763 2069 1888 2106 hono-

95 2139 175 2165 rem
207 2127 415 2166 deserebat.
459 2128 550 2165 Erat
580 2139 743 2176 magnus
775 2133 812 2166 et
842 2140 1053 2176 generosus
1084 2128 1250 2166 hominis
1283 2128 1433 2165 animus
1464 2126 1561 2165 liber
1592 2127 1640 2165 ab
1673 2129 1776 2165 omni
1804 2139 1890 2164 am-

96 2186 242 2224 bitione
275 2190 313 2223 et
343 2186 542 2234 inanitate,
576 2192 618 2223 ut
648 2197 773 2235 neque
805 2186 971 2224 honores
1002 2198 1128 2235 neque
1149 2187 1310 2235 plausus
1333 2191 1515 2235 captaret,
1548 2190 1664 2234 atque
1694 2185 1792 2222 adeo
1814 2197 1890 2222 nou

97 2255 138 2281 se
169 2244 434 2293 praeponebat
466 2245 528 2290 iis,
569 2244 798 2293 quibuscum
830 2256 896 2293 per
926 2244 1057 2282 literas
1090 2244 1399 2294 colloquebatur,
1440 2244 1659 2281 hominibus
1692 2243 1890 2281 oblivione

94 2302 176 2351 jam
209 2303 376 2350 obrutis,
409 2307 451 2339 ut
482 2313 632 2351 semper
663 2314 703 2340 se
735 2303 937 2351 praeberet
968 2302 1228 2341 verecundum
1251 2308 1287 2340 et
1308 2314 1458 2340 summa
1479 2302 1726 2339 observantia
1757 2312 1892 2350 prose-

99 2366 281 2409 queretur
311 2359 561 2397 Maestlinum
599 2365 887 2410 praeceptorem
930 2361 1126 2410 quondam
1156 2373 1287 2408 suum,
1333 2360 1442 2408 cujus
1475 2359 1629 2408 quidem
1660 2361 1775 2397 unica
1805 2358 1890 2397 laus

98 2420 148 2456 sit
179 2418 295 2456 talem
327 2418 510 2456 habuisse
544 2418 787 2468 discipulum.
850 2419 930 2457 Nec
963 2421 1019 2457 vir
1050 2431 1234 2466 summus,
1267 2419 1333 2468 qui
1366 2418 1542 2455 maximis
1573 2419 1688 2455 rebus
1720 2419 1888 2456 inventis

98 2476 329 2523 inclaruerit,
363 2481 430 2514 aut
462 2477 528 2514 ubi
561 2476 821 2515 descendebat
852 2489 874 2515 a
895 2477 1051 2526 fastigio
1085 2479 1364 2526 cogitationum
1394 2488 1549 2514 suarum
1582 2487 1667 2513 cum
1698 2477 1888 2524 angustiis

98 2535 477 2583 necessitatibusque
510 2535 612 2572 vitae
646 2535 945 2583 conflictaturus,
980 2541 1046 2573 aut
1069 2536 1133 2573 ubi
1155 2535 1290 2573 laudes
1322 2546 1413 2572 suas
1436 2533 1594 2572 videbat
1626 2533 1687 2571 vel
1719 2534 1885 2582 ignorari

98 2592 161 2630 vel
193 2594 422 2642 impugnari,
454 2604 623 2641 unquam
657 2594 974 2642 conquerebatur,
1006 2595 1088 2632 sine
1120 2594 1271 2631 fremitu
1304 2598 1341 2630 et
1372 2593 1619 2641 aegrimonia,
1653 2592 1733 2628 suis
1757 2596 1797 2628 ut
1817 2603 1888 2630 ne—

79 2652 305 2692 ,cessarium
339 2652 483 2688 victum
515 2656 773 2701 compararet,
821 2652 1107 2701 qualiacunque
1149 2653 1222 2690 sibi
1261 2650 1444 2688 mandata
1477 2651 1633 2699 negotia
1665 2649 1889 2699 simpliciter

96 2709 323 2758 suscipiens.

237 2767 406 2816 Legibus
428 2766 673 2815 Keplerianis
706 2771 889 2815 tanquam
913 2766 1129 2804 firmissimo
1162 2770 1199 2804 et
1229 2766 1480 2803 stabilissimo
1512 2765 1760 2802 fundamento
1792 2765 1887 2802 niti-

100 2829 161 2862 tur
190 2830 407 2863 nostrorum
441 2830 656 2874 temporum
688 2827 941 2873 astronomia,
986 2825 1034 2862 ad
1066 2823 1272 2862 earundem
1305 2822 1582 2860 immutabilem
1614 2828 1887 2871 aeternamque

98 2894 270 2920 normam
304 2884 426 2921 omnis
457 2888 644 2920 astrorum
675 2888 803 2921 motus
835 2883 1071 2932 compositus
1103 2886 1170 2920 est.
1212 2882 1286 2919 Illo
1316 2893 1429 2919 nemo
1452 2880 1669 2917 mortalium
1692 2885 1758 2917 aut
1777 2880 1888 2929 plura

98 2942 251 2990 scripsit
281 2946 349 2979 aut
378 2941 526 2989 maj0ra
557 2940 712 2987 detexit,
745 2941 811 2979 sed
844 2941 945 2979 idem
979 2953 1093 2990 quam
1123 2940 1241 2988 longa
1274 2950 1466 2988 quamque
1498 2950 1635 2988 aspera
1665 2939 1729 2976 via
1761 2943 1887 2976 tantas

99 3010 158 3036 res
191 3004 392 3037 assecutus
424 3000 483 3044 sit,
516 2999 629 3047 pauci
661 3001 797 3036 sciunt.
861 2998 980 3047 Cujus
1013 3010 1057 3036 ex
1089 2997 1214 3044 libris,
1248 3009 1344 3046 quos
1376 2996 1518 3034 multos
1549 2997 1716 3045 scripsit,
1758 2996 1886 3034 nullus

99 3056 148 3093 ad
181 3068 370 3095 summam
403 3056 509 3093 illam
541 3061 713 3094 veterum
745 3058 974 3105 scriptorum
1006 3055 1159 3093 laudem
1191 3056 1379 3104 pervenit,
1411 3066 1481 3092 nec
1512 3055 1538 3091 ii
1568 3054 1683 3092 hodic
1705 3055 1777 3091 nisi
1798 3065 1884 3092 raro

97 3113 289 3163 leguntur.
341 3115 485 3153 Verum
519 3115 618 3152 enim
651 3126 742 3152 vero
774 3115 898 3163 gloria
929 3115 1000 3152 viri
1032 3115 1266 3162 sempiterna
1298 3117 1355 3151 est
1387 3119 1424 3150 et
1455 3114 1492 3148 in
1524 3114 1608 3162 ipso
1641 3113 1752 3161 quasi
1775 3112 1883 3150 coelo

98 3173 298 3223 inscripta,
332 3185 446 3223 quam
478 3184 548 3211 nec
577 3173 803 3211 imminuent
833 3177 900 3211 aut
932 3171 1192 3210 obscurabunt
1214 3171 1316 3210 ullae
1349 3170 1574 3221 disciplinae
1597 3171 1884 3220 progressiones

1537 3236 1609 3272 66·
