2157 3398
258 136 341 181 632
669 131 904 167 Summanum
927 130 1107 166 Historiae
1131 129 1382 166 Astronomiae
1407 130 1529 166 seculo
1555 131 1650 168 XVI.

257 255 321 293 ille
352 253 449 292 falso
482 264 551 290 nec
583 263 653 300 ego
685 251 787 288 male
818 250 982 299 loquens
1014 250 1059 288 de
1081 255 1236 298 puncto,
1269 252 1334 288 ubi
1365 251 1533 287 maxima
1567 255 1624 287 est
1652 249 1749 287 haec
1770 251 1964 299 aequatio.
1991 273 2042 279 —-

260 313 369 350 Pono
402 312 463 349 hic
494 322 630 348 causas
652 314 823 345 motuum
855 309 1050 358 physicas,
1083 313 1231 356 ponunt
1262 308 1325 345 alii
1359 308 1520 345 circulos
1552 312 1590 344 et
1622 319 1757 345 causas
1779 310 2043 357 geometricas,

257 382 328 409 1100
360 374 559 407 contentus
591 367 812 404 Praetorius
843 368 1007 415 imperat
1038 371 1104 402 aut
1135 368 1359 404 morositate
1391 367 1462 403 hac
1494 365 1615 414 adigit
1644 377 1736 412 nos,
1777 371 1817 403 ut
1849 378 2042 415 cogamur,

258 435 408 478 practer
439 432 495 463 tot
528 425 700 462 circellos
733 424 859 462 adhuc
891 426 1006 462 etiam
1038 423 1166 472 plures
1204 435 1346 472 ponere
1379 423 1565 462 circellos.
1626 423 1768 460 Probet
1799 435 1889 472 ergo
1921 425 2044 463 Prae-

259 489 389 531 torius,
425 495 559 521 causas
592 488 765 520 motuum
797 495 880 520 esse
913 483 1177 529 geometricas,
1210 483 1386 518 nimirum
1419 481 1592 527 circulos,
1626 486 1661 518 et
1693 493 1764 529 ego
1796 484 1869 530 ipsi
1901 495 2045 531 appro-

262 545 363 581 babo
397 554 533 579 causas
572 546 744 578 motuum
778 552 860 578 esse
891 540 1094 589 physicas:
1138 544 1231 587 puto
1274 539 1335 577 hic
1368 540 1642 586 discernemur,
1683 544 1766 576 uter
1796 541 2043 588 paucioribus

260 602 431 646 indigeat
472 600 686 648 principiis,
730 610 845 647 quam
878 598 1046 646 palmam
1078 597 1140 634 hic
1171 597 1321 635 affecto.
1381 597 1507 643 Pone,
1548 603 1761 634 menstruas
1793 600 2046 646 aequationes

258 662 312 696 sic
343 670 425 695 esse
447 657 495 694 ad
523 669 562 694 se
584 664 730 701 mutuo,
763 662 804 693 ut
835 661 924 693 suut
955 655 1004 692 ad
1036 656 1201 692 invicem
1231 657 1336 692 sinus
1369 656 1574 693 distantiae
1607 656 1738 692 Lunae
1770 667 1793 692 a
1824 655 1925 702 Sole,
1960 668 2044 694 esse

257 728 347 754 vero
381 726 543 753 errorem
576 717 612 751 in
646 715 828 752 distantia
860 714 992 751 Lunae
1025 726 1047 751 a
1086 712 1176 751 Sole
1209 715 1357 751 circiter
1391 711 1502 765 272⁰,
1545 719 1586 750 ut
1616 724 1681 762 pro
1717 711 1790 750 90⁰
1820 715 1869 750 sit
1901 711 2044 767 87¹s20,

259 776 327 812 erit
358 775 473 821 igitur
504 775 685 821 aequatio
720 779 913 810 menstrua
944 774 1119 820 quaesita
1150 782 1218 819 pro
1253 770 1296 809 2⁰
1329 773 1395 809 30‘
1428 774 1547 820 (quae
1584 772 1663 819 jam
1708 773 1756 807 sit
1786 771 1937 820 totalis)
1969 772 2046 810 alia

259 843 433 877 erronea,
467 833 643 868 nimirum
677 828 721 869 ‘20
755 828 820 868 29¹
856 831 949 868 52‘1.
1011 830 1108 867 Nam
1142 834 1183 866 ut
1214 831 1319 866 sinus
1354 828 1426 867 90Ο
1457 829 1506 866 ad
1537 831 1661 867 sinum
1695 826 1826 881 87¹s2⁰
1857 831 2045 878 (100000

259 889 307 928 ad
341 893 522 936 93905),
557 891 612 926 Sic
645 890 689 927 2⁰
722 889 788 927 30¹
819 888 866 925 ad
901 886 944 925 2⁰
977 890 1044 926 29‘
1078 888 1170 925 52‘s.

395 949 449 983 Ad
477 961 513 984 0:
541 949 666 993 Neque
693 949 761 984 hoc
787 947 1062 982 astronomicum
1089 952 1156 984 est.
1213 945 1483 994 Keplerus:
1516 946 1602 983 Non
1635 951 1690 982 est
1721 946 1837 993 igitur
1868 950 2044 984 astrono-

264 1018 347 1043 mus
379 1004 639 1051 Ptolemaeus,
674 1007 739 1053 qui
770 1004 943 1053 plurimis
975 1005 1013 1039 in
1035 1003 1131 1040 locis
1154 1003 1328 1047 indulget
1348 1004 1584 1052 compendiis
1605 1015 1686 1040 cum
1713 1003 1852 1041 damno
1875 1005 2046 1051 minimo,

259 1067 335 1100 imo
378 1063 566 1100 interdum
608 1075 693 1100 cum
726 1063 864 1100 damno
899 1063 1052 1099 s‘-—9‘.
1114 1062 1300 1110 Egregius
1333 1074 1423 1099 vero
1456 1068 1714 1108 astronomus,
1758 1063 1825 1110 qui
1857 1062 2048 1099 calculum

260 1120 426 1158 involvit
457 1121 776 1170 perplexitatibus
798 1132 874 1158 non
904 1120 1151 1156 necessariis:
1185 1130 1260 1168 quo
1293 1121 1446 1157 nornine
1479 1120 1703 1158 Prutenicae
1735 1119 1891 1159 tabulae
1914 1131 1938 1158 a
1959 1122 2049 1170 qui-

259 1179 423 1217 busdam
453 1180 712 1216 morosissime
745 1183 967 1227 arguuntur.

399 1239 641 1283 [Praetoriusz
677 1239 786 1273 Aliud
813 1238 988 1280 dubium)
1041 1234 1123 1271 Imo
1156 1234 1251 1271 nihil
1284 1234 1346 1273 hic
1376 1234 1482 1272 aliud
1514 1247 1630 1284 quam
1661 1247 1792 1285 supra,
1827 1248 1912 1274 cum
1944 1236 2051 1275 dice-

260 1308 351 1342 rem,
386 1307 507 1332 errare
539 1305 652 1342 posse
684 1293 872 1331 calculum
904 1294 1052 1330 circiter
1086 1295 1237 1330 o‘—ss‘.

399 1360 452 1395 Ad
465 1372 512 1405 p:
539 1360 675 1394 Eadem
694 1369 792 1394 mens
811 1359 878 1393 fuit
896 1358 1094 1393 Ptolemaei
1113 1364 1147 1392 et
1165 1358 1367 1402 Copernici3
1395 1369 1457 1393 cur
1474 1359 1583 1402 igitur
1599 1359 1696 1403 ipsos
1714 1371 1786 1393 non
1805 1364 1861 1395 est
1879 1362 2050 1396 secutus?

262 1411 546 1459 Keplerus:
581 1411 635 1446 En
668 1410 934 1455 confitentem3
968 1409 1035 1446 sed
1063 1409 1144 1456 jam
1177 1415 1349 1457 apparet,
1384 1410 1475 1456 quid
1497 1409 1604 1448 velit.
1654 1410 1839 1447 Nimirum
1861 1411 1935 1448 hoc
1957 1422 2052 1448 con-

262 1469 402 1506 tendit:
435 1473 502 1504 aut
533 1467 796 1516 reliquendum
828 1469 946 1504 fuisse
979 1467 1253 1504 astronomiam
1287 1468 1324 1503 in
1355 1478 1479 1504 errore
1516 1470 1622 1506 1—5
1654 1468 1841 1516 graduum
1877 1469 1980 1518 (nam
2012 1471 2051 1506 in

261 1527 412 1564 Venere
444 1531 571 1574 potest
603 1538 685 1563 esse
719 1537 819 1563 error
842 1525 902 1572 5⁰)
936 1531 1003 1562 aut
1035 1525 1293 1561 consectanda
1315 1525 1432 1562 fuisse
1458 1526 1510 1562 δ”
1543 1530 1580 1562 01
1601 1525 1767 1574 reliquas
1792 1528 2049 1578 λεπτολογιας.

397 1586 455 1621 Ad
480 1599 521 1631 q:
554 1586 660 1621 Nuda
685 1587 742 1621 hic
767 1586 962 1629 requiritur
988 1585 1161 1619 assensio.
1205 1582 1471 1631 Keplerus:
1515 1584 1702 1621 Assensio
1732 1586 1948 1633 requiritur,
1982 1586 2051 1624 sed

263 1655 338 1681 non
370 1643 485 1689 nuda,
520 1655 651 1681 verum
684 1645 810 1681 evicta
840 1655 907 1692 per
939 1643 1286 1680 demonstrationes
1308 1646 1374 1678 aut
1397 1641 1699 1690 obse1·vationeS‚
1731 1654 1830 1692 quae
1862 1648 2052 1681 testantur

266 1702 311 1740 de
342 1701 415 1739 hac
446 1701 723 1749 inaequalitate
758 1703 825 1739 41‘
856 1713 878 1738 a
912 1702 1104 1739 veteribus
1136 1700 1250 1749 plane
1282 1699 1473 1747 neglecta.

396 1767 452 1801 Ad
483 1779 520 1802 r:
563 1767 771 1801 Postulatur
810 1767 1021 1811 hypothesis
1054 1765 1310 1805 astronomica,
1354 1764 1539 1809 principiis
1582 1769 1749 1801 constans
1790 1766 2050 1802 astronomicis.

260 1817 533 1866 Keplerus:
576 1817 640 1854 Sic
680 1826 748 1855 est.
810 1817 978 1854 Tantum
1021 1828 1068 1854 ne
1107 1821 1328 1853 astronomo
1369 1816 1418 1851 sit
1450 1815 1712 1864 interdictum,
1756 1817 1910 1865 pulsare
1950 1818 2051 1855 fores

261 1876 438 1925 physices
469 1887 592 1923 aeque
625 1886 669 1912 ac
700 1877 933 1923 geometriae
967 1876 1118 1923 quoties
1152 1885 1248 1922 opus
1280 1874 1404 1910 suerit.

397 1941 452 1975 Ad
477 1953 510 1976 s:
546 1941 715 1983 Quaestio
743 1946 834 1983 erat,
871 1951 933 1974 cur
958 1941 992 1973 in
1018 1944 1093 1974 toto
1120 1941 1188 1974 hoc
1222 1938 1376 1981 calculo,
1412 1938 1500 1973 alias
1526 1944 1710 1985 accurato,
1742 1951 1813 1974 non
1848 1941 2054 1976 adhibuerit

262 1994 461 2039 parallaxin
487 1999 522 2028 et
540 1994 800 2036 refractionem,
827 1994 889 2028 sed
915 1993 1049 2028 nullam
1074 1993 1201 2027 harum
1225 1992 1441 2027 mentionem
1466 1990 1613 2026 fecerit?
1639 1990 2052 2039 Keple1·us:Paral-

262 2051 358 2088 laxis
403 2049 576 2087 adhiberi
619 2049 847 2097 intelligitur
889 2049 948 2086 vel
990 2051 1025 2085 in
1059 2049 1208 2086 calculo
1251 2047 1311 2085 vel
1344 2049 1382 2083 in
1415 2048 1697 2085 observatione.
1759 2049 1981 2086 Parallaxin
2014 2056 2052 2087 et

262 2109 527 2145 refractionem
569 2107 759 2146 calculare
792 2106 921 2144 docuit
954 2120 976 2144 a
1008 2107 1072 2144 sol.
1110 2111 1186 2144 119
1221 2107 1259 2142 in
1297 2109 1374 2143 125
1412 2105 1614 2143 lunarium.
1656 2111 1852 2150 (Progymn.)
1900 2107 1944 2143 In
1977 2108 2050 2144 ob-

264 2167 426 2203 servatis
465 2166 583 2213 locis,
623 2177 722 2214 quae
754 2164 898 2214 allegat
931 2170 967 2203 et
998 2177 1098 2214 quae
1132 2164 1280 2202 calculo
1319 2165 1498 2212 proponit
1540 2165 1807 2212 exprimenda,
1852 2171 2049 2213 spectasse

263 2223 477 2272 parallaxin
509 2230 546 2261 et
575 2224 839 2261 refractionem
871 2223 958 2261 inde
982 2228 1098 2272 patet,
1133 2222 1236 2271 quod
1260 2222 1401 2270 ubique
1425 2221 1578 2258 additur
1602 2233 1690 2259 vera
1712 2222 1924 2271 longitudo,
1959 2221 2050 2261 vera

263 2281 446 2328 latitudo,
490 2283 521 2319 si
553 2287 721 2320 remotae
753 2282 905 2319 fuerunt
935 2282 1009 2319 hae
1042 2282 1276 2318 variationes
1308 2280 1577 2319 horizontales.
1638 2280 1690 2317 At
1722 2281 1787 2318 ubi
1827 2281 2049 2319 observatio

265 2340 391 2378 adhuc
421 2340 491 2377 fuit
523 2340 707 2389 implicita
739 2339 808 2386 his,
842 2352 991 2389 semper
1022 2339 1148 2377 addit:
1185 2339 1295 2386 „visa
1325 2337 1531 2377 latitudo“.

399 2406 454 2440 Ad
479 2411 511 2441 t:
538 2406 629 2441 Satis
647 2411 746 2450 patet
765 2417 809 2440 ex
827 2406 1006 2440 schemate
1026 2407 1057 2449 (1
1070 2407 1127 2448 1.),
1155 2404 1266 2439 lineas
1285 2404 1449 2448 apsidum
1474 2404 1665 2448 parallelas
1684 2415 1759 2440 esse
1785 2405 1916 2440 debere
1934 2406 2049 2441 lineae

264 2464 337 2498 AF.
385 2463 419 2497 Si
442 2463 516 2506 jam
542 2464 704 2507 apsidum
728 2464 820 2498 linea
846 2475 924 2499 cum
950 2465 1028 2507 ipsa
1052 2463 1114 2497 AB
1141 2463 1269 2497 dicitur
1295 2463 1497 2504 circumire,
1534 2463 1722 2498 dicendum
1748 2469 1812 2507 est,
1840 2473 1948 2508 super
1974 2475 2046 2508 quo

271 2521 416 2555 centro?
443 2520 539 2564 quod
564 2532 691 2555 novam
718 2522 819 2565 ponit
844 2521 1165 2555 considerationem
1197 2526 1231 2555 et
1256 2521 1367 2555 totius
1394 2521 1522 2555 calculi
1555 2522 1815 2562 diversitatem;
1847 2528 1887 2557 ut
1921 2527 1956 2556 et
1980 2522 2049 2558 hoc

268 2589 398 2612 novum
425 2579 579 2619 videtur,
616 2579 709 2622 quod
736 2579 893 2614 circuitio
921 2580 1021 2614 annis
1047 2580 1087 2624 δὲ
1118 2579 1289 2623 compleri
1315 2579 1430 2615 debet.
1478 2580 1659 2615 Fortassis
1689 2581 1801 2615 voluit
1826 2580 1944 2616 dicere
1970 2582 2048 2628 183,

271 2635 384 2678 qualis
411 2636 499 2670 alias
524 2636 693 2671 tribuitur
718 2637 792 2672 fere
817 2637 930 2671 motui
956 2636 1141 2680 nodorum,
1169 2638 1229 2680 qui
1254 2637 1396 2681 quidem
1419 2637 1457 2672 in
1482 2638 1713 2680 longitudinis
1738 2644 1872 2672 motum
1898 2648 1936 2673 se
1962 2650 2049 2683 quo-

268 2703 335 2736 que
367 2693 523 2727 insinuat
555 2699 590 2728 et
615 2704 678 2728 suo
705 2694 809 2728 modo
835 2694 1079 2729 conciliandus
1106 2701 1176 2738 est,
1212 2699 1251 2729 ut
1275 2694 1508 2738 longitudinis
1534 2695 1856 2730 considerationem
1889 2707 1960 2730 non
1984 2696 2047 2730 im-

268 2745 397 2789 pediat.
461 2743 643 2793 Kepler
656 2756 729 2781 us:
761 2744 847 2782 Non
878 2745 910 2781 B
942 2744 1009 2782 sed
1042 2744 1070 2781 C
1103 2750 1160 2782 est
1199 2750 1368 2782 centrum
1408 2746 1607 2783 eccentrici
1639 2745 1772 2783 Lunae
1814 2745 1894 2794 (vel
1936 2747 2048 2795 quasi

270 2801 497 2848 eccentrici).
559 2802 746 2839 Nimirum
768 2802 875 2839 ADB
909 2808 965 2840 est
986 2807 1179 2841 menstrua
1200 2803 1393 2853 aequatio,
1427 2802 1538 2840 DBG
1561 2803 1759 2853 epicylica‚
1792 2805 1852 2840 cui
1873 2804 2047 2853 aequalis

270 2856 386 2904 BDE,
418 2864 460 2895 111
491 2864 570 2896 tota
601 2862 650 2897 sit
681 2860 802 2899 ADE.

408 2916 558 2964 Anceps
589 2917 680 2954 mihi
712 2918 816 2955 lucta
847 2930 932 2956 cum
963 2918 1173 2965 Praetorio,
1207 2929 1293 2956 cum
1323 2919 1444 2956 multa
1476 2919 1614 2956 frustra
1646 2918 1895 2966 desideravit,
1928 2931 2046 2957 unum

272 2982 331 3008 me
364 2971 640 3012 desiderantem
670 2986 745 3013 non
776 2977 857 3024 fert,
891 2981 931 3013 at
960 2976 1171 3024 infeliciter,
1204 2988 1288 3014 cum
1320 2989 1366 3014 ne
1398 2979 1453 3014 sic
1485 2976 1639 3025 quidem
1670 2977 1807 3025 capiat.
1864 2977 1951 3015 Non
1982 2989 2047 3016 se-

273 3030 410 3077 quitur,
443 3031 472 3067 si
503 3031 709 3079 parallelae
740 3040 828 3071 sunt
860 3035 927 3071 AF
951 3038 988 3073 et
1010 3033 1082 3071 GD
1104 3040 1302 3083 perpetuo,
1334 3046 1423 3083 ergo
1456 3034 1553 3072 fixus
1573 3034 1681 3072 locus
1702 3036 1889 3083 apogae13
1920 3040 2046 3072 trans-

275 3091 364 3125 eunt
405 3088 504 3126 enim
535 3094 695 3145 utraque
727 3091 860 3142 simul,
899 3091 1109 3144 parallelae
1140 3097 1358 3143 manentes,
1390 3104 1505 3142 super
1536 3093 1674 3132 centris
1704 3092 1740 3138 A
1770 3092 1911 3136 Terrae
1942 3097 1980 3133 et
2010 3091 2047 3132 G
