2177 3408
431 175 669 213 Summarium
694 176 876 213 Historiae
901 174 1151 213 Astronomiae
1176 174 1298 212 seculo
1324 175 1421 213 XVI.
1777 176 1861 222 597

57 299 207 339 morbos,
243 299 394 340 pericula
426 307 466 329 ac
497 299 635 329 carceris
667 299 733 328 va
765 299 929 340 minatur,
963 299 996 328 in
1022 298 1096 329 VII.
1118 298 1387 329 haemorrhoidas
1421 298 1519 338 facit,
1552 299 1673 328 malum
1701 300 1858 340 animum,

57 346 160 377 malos
186 346 317 386 hostes,
344 346 378 375 in
403 344 497 379 VIII.
517 354 644 378 avaros.
673 345 751 375 mali
776 345 896 387 animi,
923 346 955 374 in
981 345 1040 377 IX.
1059 354 1193 384 magnos
1211 344 1438 386 philosophos,
1465 345 1629 375 maximos
1656 345 1857 389 deceptores,

56 393 136 424 facit
161 393 260 422 etiam
285 392 475 422 sacerdotes
501 396 532 422 et
549 392 742 424 haereticos.
785 391 958 431 Jupiter
982 392 1015 421 in
1042 392 1237 422 ascendente
1256 393 1371 432 bonos,
1399 392 1576 422 benevolos
1595 390 1744 433 fidosque
1763 394 1854 433 facit,

54 441 90 470 in
115 434 160 472 ΙΪ.
188 436 323 471 divitias
349 442 381 469 et
405 448 501 469 omne
526 436 694 468 felicitatis
718 447 831 479 genus,
858 439 892 468 in
918 439 977 471 ΙΙΙ.
1004 439 1135 476 mitigat
1157 437 1286 468 labores
1313 442 1346 468 et
1370 439 1470 468 vitam
1504 437 1716 480 tranquillam
1745 439 1857 483 affert,

55 488 91 517 in
119 487 176 519 IV.
203 488 314 516 autem
339 488 435 523 auget
459 486 714 527 patrimonium,
741 486 775 515 in
793 486 835 518 V,
856 483 984 515 felicem
1012 485 1066 515 dat
1095 486 1207 525 vitam,
1235 489 1265 514 et
1283 483 1370 515 filios
1390 488 1421 515 et
1439 486 1574 523 amicos,
1601 486 1730 515 minora
1747 490 1857 517 tamen

55 533 137 563 haec.
162 535 238 563 sunt
262 542 362 574 quam
387 533 422 562 in
447 532 512 574 XI,
538 533 572 562 in
590 532 649 565 vl.
676 541 751 562 vero
778 532 910 562 morbos
938 531 1075 569 denegat
1100 535 1156 561 aut
1181 531 1268 561 leves
1293 535 1460 572 praestat,
1486 532 1551 561 nisi
1577 532 1678 561 fuerit
1703 532 1856 564 dominus

55 579 284 618 ascendentis,
318 581 470 617 jumenta
496 581 528 608 et
560 588 662 618 equos
695 582 728 609 et
751 588 861 609 servos
895 582 991 616 auget
1016 583 1047 608 et
1072 577 1208 608 meliora
1242 578 1370 619 reddit,
1404 579 1438 607 in
1464 577 1538 608 VII.
1564 577 1645 608 felix
1672 579 1799 609 senium
1826 584 1858 610 et

55 627 189 656 divitias
215 629 314 667 tunc,
340 627 375 656 in
400 625 495 659 VIII.
520 630 660 656 mortem
685 626 830 665 quietam
857 627 887 655 et
913 624 1150 661 haereditates3
1185 626 1220 654 in
1245 625 1304 657 IX.
1332 625 1520 654 christianis
1547 625 1733 655 sacerdotia
1757 625 1857 667 polli-

56 677 157 712 cetur,
183 681 349 703 sacrorum
374 673 547 702 scientiam
573 673 779 713 honoresque
804 672 926 701 multos
952 672 1098 701 decernit
1115 675 1147 701 et
1165 680 1320 712 magnos,
1347 672 1379 701 in
1406 672 1449 704 X,
1476 675 1580 701 aetate
1607 671 1717 701 media
1742 672 1856 704 felices

53 719 148 759 facit,
175 720 209 749 in
234 719 311 752 XII.
338 719 545 749 inimicorum
572 720 692 757 frangit
708 718 930 751 incommoda.
981 717 1086 747 Mars
1114 719 1145 747 iu
1165 718 1190 749 1.
1217 719 1314 748 faciet
1336 717 1517 751 violentos,
1544 718 1715 757 robustos,
1743 720 1854 761 fortes,

53 766 213 807 prodigos
239 770 271 795 et
295 765 470 796 libidinem
506 775 598 795 suam
625 764 815 807 explentes,
850 765 884 794 in
910 765 951 796 11.
979 765 1119 804 dissipat
1145 766 1399 805 patrimonium,
1435 764 1478 794 ad
1511 767 1688 801 egestatem
1716 766 1854 806 reducit,

53 814 209 852 periculis
235 813 368 852 objicit,
403 813 439 842 in
466 812 524 845 ΙΙΙ.
551 811 655 842 multa
683 813 800 842 itinera
825 821 862 841 ac
887 812 1033 851 labores,
1068 814 1139 840 tum
1166 812 1265 841 etiam
1296 811 1455 850 impium,
1490 811 1521 839 in
1559 812 1712 841 omnibus
1746 817 1855 844 autem

52 860 134 890 locis
158 859 238 890 facit
263 860 407 889 lusorem
432 862 465 888 et
489 859 634 889 Deorum
662 862 896 889 contemtorem
923 861 954 887 et
979 858 1203 896 laboriosum,
1231 859 1262 887 in
1281 857 1338 890 lv,
1359 858 1482 897 pedum
1510 858 1589 886 vitia
1614 857 1703 893 facit,
1729 860 1856 890 reditus

55 906 194 944 minuit,
230 907 308 936 facit
331 906 466 936 insanos
500 908 532 935 et
566 906 722 943 miseros3
756 906 873 935 melius
906 905 938 934 in
965 904 1007 937 V,
1035 904 1141 943 degit,
1178 914 1252 934 nam
1285 902 1372 934 filios
1406 902 1485 933 licet
1518 902 1620 933 malos
1653 904 1803 935 decernit
1825 911 1856 936 et

52 953 260 994 voluptates,
287 953 320 982 iu
347 952 402 982 VI.
429 961 505 982 vero
532 953 662 982 morbos
688 952 888 992 repentinos,
916 950 1036 981 infidos
1062 960 1191 990 servos,
1220 952 1253 980 iu
1273 950 1344 980 VII.
1366 950 1471 980 malos
1498 959 1603 979 mores
1636 954 1668 980 et
1697 952 1853 995 animum,

53 1003 85 1030 et
109 1000 230 1040 hostes,
258 1002 290 1029 et
316 1008 433 1028 uxores
458 999 631 1039 violentas,
657 997 857 1038 laboriosos,
885 997 1084 1036 homicidas,
1111 998 1261 1028 conscios
1287 996 1466 1026 multorum
1492 995 1668 1033 scelerum,
1703 998 1736 1027 in
1764 999 1856 1031 VIII,

53 1047 224 1085 angustias
248 1045 366 1087 animi,
404 1050 546 1087 aestum,
573 1046 705 1084 turbas,
741 1043 905 1085 finemque
932 1045 1105 1081 acerbum3
1140 1045 1174 1074 iu
1202 1044 1260 1075 IX.
1287 1042 1479 1084 sacrilegos,
1507 1044 1692 1085 mendaces,
1719 1045 1853 1086 impios,

51 1093 320 1135 peregrinantes,
355 1092 411 1122 sed
438 1093 522 1122 circa
555 1091 693 1130 gloriam
726 1101 792 1122 non
819 1095 867 1121 est
893 1091 1141 1128 incommodus,
1176 1092 1316 1121 honores
1343 1100 1486 1131 namque
1512 1099 1576 1119 nou
1603 1093 1672 1119 tam
1698 1090 1855 1132 decernit,

54 1149 158 1181 quam
183 1139 346 1175 admittite,
374 1139 408 1168 in
432 1138 475 1173 Χ,
500 1140 686 1179 potentiam
712 1142 863 1178 praestat
878 1138 1082 1176 immensam,
1108 1138 1135 1167 si
1154 1138 1193 1167 ad
1213 1141 1375 1168 senectam
1395 1138 1602 1176 perveniunt,
1630 1136 1736 1167 multa,
1754 1139 1853 1169 etiarn

54 1188 194 1217 ferentes
225 1185 437 1216 incommoda
467 1188 670 1226 mortemque
701 1189 737 1215 ut
768 1185 950 1225 plurimum
984 1183 1180 1226 violentam'3
1215 1184 1273 1214 sed
1308 1185 1341 1213 in
1368 1184 1425 1215 XI.
1453 1184 1533 1213 felix
1560 1188 1626 1222 est,
1663 1193 1735 1214 cum
1770 1185 1854 1215 nibil

50 1237 186 1272 noceat,
221 1235 254 1262 et
285 1237 393 1262 tamen
420 1232 543 1262 amicos
568 1242 632 1262 non
660 1233 794 1262 omnino
821 1231 904 1261 fidos
931 1233 1094 1270 praestat,
1128 1231 1163 1260 iu
1188 1231 1264 1264 XII.
1294 1234 1402 1260 autem
1437 1230 1558 1260 infidos
1584 1240 1713 1271 servos,
1742 1240 1853 1262 carce—

50 1290 118 1322 res,
152 1278 344 1320 infamiam,
382 1278 602 1318 debilitatque
635 1288 753 1320 corpus
785 1279 896 1319 aliquo
931 1278 1092 1318 perleulo.
1144 1278 1280 1318 Semper
1311 1280 1419 1307 autem
1445 1277 1532 1306 Mars
1558 1278 1590 1306 in
1618 1277 1684 1317 his,
1717 1278 1751 1307 iu
1778 1280 1853 1317 qui-

46 1328 110 1357 bus
143 1335 209 1356 non
245 1329 293 1356 est
324 1326 480 1367 proprius
520 1326 738 1367 significator,
779 1325 905 1363 egregie
941 1328 1054 1365 nocet,
1089 1325 1116 1354 si
1150 1327 1257 1354 tamen
1292 1328 1490 1365 temperetur
1524 1334 1544 1353 a
1578 1324 1693 1364 bonis,
1733 1333 1855 1366 magna

47 1375 145 1404 etiam
177 1373 266 1403 dona
297 1373 453 1403 decernit.
502 1370 576 1403 Sol
602 1373 636 1402 in
663 1372 689 1404 Ι.
716 1371 860 1402 validam
894 1371 1040 1401 decernit
1076 1372 1196 1410 vitam,
1229 1372 1308 1401 facit
1332 1373 1440 1409 justos
1475 1376 1505 1400 et
1540 1371 1733 1408 dignitatem
1761 1381 1852 1402 suam

47 1421 246 1461 retinentes,
281 1420 316 1450 in
342 1419 382 1449 11.
412 1419 546 1449 divitias
573 1419 714 1459 dissipat
747 1417 930 1457 magnificis
962 1419 1199 1457 apparatibus,
1231 1419 1265 1448 in
1292 1418 1349 1447 III.
1383 1416 1555 1454 religiosos
1582 1420 1613 1446 et
1648 1426 1760 1447 secura
1792 1420 1851 1448 iti-

46 1476 141 1508 nera,
178 1467 212 1496 in
238 1466 295 1497 IV.
322 1466 409 1506 patri
445 1466 626 1496 auxiliatur
658 1469 690 1496 et
714 1464 852 1503 gloriam
885 1468 963 1505 post
995 1465 1122 1494 obitum
1156 1468 1317 1505 praestat,
1354 1465 1390 1494 in
1416 1464 1458 1497 V,
1485 1462 1571 1493 filios
1607 1467 1719 1505 negat,
1756 1464 1852 1496 datos

46 1517 154 1544 tamen
185 1516 309 1553 servat,
351 1513 385 1542 in
418 1513 472 1542 VI.
507 1514 638 1542 morbos
676 1511 777 1542 efficit
813 1515 844 1542 et
885 1511 992 1541 cordis
1025 1510 1248 1550 debilitatem,
1281 1511 1464 1541 honoribus
1498 1510 1663 1549 infensus,
1699 1511 1732 1540 in
1780 1512 1851 1542 VII.

51 1560 181 1591 nobiles
208 1560 266 1590 dat
291 1568 425 1597 uxores,
459 1562 611 1600 potentes
642 1559 816 1600 inimicos,
850 1558 937 1588 vitae
971 1559 1067 1588 finem
1100 1557 1244 1599 clarum,
1281 1559 1314 1587 in
1342 1558 1433 1588 VIII.
1465 1558 1550 1598 patri
1585 1558 1715 1587 brevem
1750 1559 1850 1589 vitam

43 1606 239 1648 plerumque
271 1606 436 1648 decernit,
470 1607 536 1646 ipsi
573 1608 648 1636 nato
685 1606 817 1636 morbos
844 1608 875 1635 et
900 1605 1097 1634 detrimenta
1136 1606 1283 1645 corporis
1315 1603 1455 1644 infligit,
1492 1604 1526 1632 in
1549 1604 1606 1636 IX.
1634 1603 1715 1633 facit
1741 1614 1850 1635 sacer-

47 1655 152 1691 dotes,
176 1653 359 1694 religiosos,
385 1652 601 1693 praedicendi
626 1653 692 1682 vim
718 1654 879 1692 praestat,
906 1652 940 1681 in
958 1652 998 1683 X.
1024 1654 1221 1691 potestatem
1247 1660 1400 1689 magnam
1428 1649 1594 1691 declarat,
1623 1651 1655 1679 iu
1681 1650 1742 1682 XI.
1767 1653 1850 1682 ami-

47 1710 103 1732 cos
127 1709 238 1739 regum
266 1703 298 1730 et
323 1698 430 1729 claros
455 1709 492 1729 ac
517 1698 601 1730 fidos
627 1700 732 1740 viros,
760 1699 794 1728 in
811 1698 886 1728 XII.
916 1708 1070 1738 carceres,
1098 1699 1278 1737 tristitiam,
1304 1699 1468 1735 inimicos,
1495 1695 1701 1727 debilitatem
1729 1707 1848 1738 corpo-

44 1748 101 1789 ris,
126 1748 201 1777 aliis
225 1747 454 1779 inservientes.
505 1747 643 1776 Venus
670 1746 706 1775 in
731 1746 756 1778 Ι,
784 1745 863 1775 facit
886 1745 1052 1785 pulchros,
1078 1744 1189 1785 lepore
1216 1746 1376 1775 sermonis
1411 1748 1540 1782 gratos,
1576 1744 1632 1773 sed
1658 1744 1750 1774 vitiis
1784 1754 1851 1775 non

44 1795 160 1836 paucis
184 1792 353 1833 implicat,
380 1793 437 1823 sed
463 1802 536 1823 cum
561 1793 614 1823 his
641 1793 732 1822 vitiis
758 1791 884 1830 ingenii
910 1792 1118 1821 divinitatem
1147 1791 1310 1831 quandam
1335 1791 1493 1832 largitur,
1520 1791 1555 1819 in
1587 1790 1627 1819 11.
1660 1790 1792 1821 divitias
1819 1796 1850 1822 et

45 1841 188 1880 gratiam
212 1844 245 1870 et
269 1839 455 1879 voluptates
472 1842 638 1880 praestat,
665 1840 699 1869 iu
717 1839 776 1870 III.
794 1837 889 1879 fidos,
917 1838 1166 1868 dissimulantes
1192 1842 1313 1877 tamen,
1340 1842 1373 1868 et
1399 1838 1456 1877 qui
1483 1837 1666 1866 secessibus
1684 1837 1846 1879 gaudent,

43 1889 78 1918 iu
103 1888 162 1920 IV.
189 1890 289 1925 auget
312 1887 563 1927 patrimonium,
590 1886 726 1925 reditus,
752 1884 905 1927 gloriam,
933 1886 967 1915 in
986 1886 1025 1915 V.
1052 1883 1131 1914 filiis
1158 1885 1347 1926 auxiliatur,
1374 1885 1478 1914 bonos
1505 1882 1638 1921 multos,
1666 1883 1723 1912 dat
1749 1885 1850 1914 etiam

47 1934 184 1976 gaudia,
210 1935 245 1964 in
270 1934 327 1964 VI.
354 1932 518 1971 ignobiles
545 1933 601 1963 dat
626 1942 744 1962 uxores
769 1941 828 1962 nec
855 1941 999 1970 uuquam
1022 1932 1101 1961 viris
1128 1932 1325 1970 morigeras,
1352 1932 1385 1961 in
1404 1931 1478 1962 VII.
1499 1930 1580 1959 facit
1606 1931 1765 1970 impuros.
1793 1932 1850 1960 ob-

46 1982 164 2012 noxios
188 1981 296 2018 vitiis,
330 1979 420 2009 tarde
455 1989 573 2009 uxores
607 1980 762 2019 ducentes
789 1988 826 2008 ac
851 1988 948 2019 saepe
974 1979 1015 2008 ob
1043 1988 1079 2008 ea
1105 1979 1249 2019 steriles,
1286 1980 1319 2008 in
1345 1978 1434 2008 VIII.
1461 1977 1516 2007 dat
1542 1986 1677 2006 uxorem
1703 1977 1851 2017 viduam,

46 2028 250 2068 degenerem,
276 2025 422 2057 sterilem
448 2025 499 2056 vel
524 2026 713 2064 deformem,
741 2028 797 2055 aut
822 2025 957 2063 nullam,
984 2034 1111 2065 semper
1137 2028 1245 2055 autem
1270 2026 1303 2054 in
1332 2025 1405 2056 VII.
1434 2023 1526 2054 VIII.
1554 2027 1609 2052 aut
1635 2023 1693 2055 IX.
1723 2024 1850 2054 felicem

44 2077 193 2116 praestat
218 2076 436 2114 senectutem,
474 2076 606 2114 praeter
632 2082 770 2103 uxorum
796 2071 1022 2113 incommoda;
1053 2073 1087 2101 in
1116 2072 1172 2105 IX.
1201 2072 1278 2101 fai-it
1304 2072 1453 2109 divinos,
1489 2070 1677 2100 sacerdotes
1703 2079 1850 2108 magnos

45 2121 135 2152 Illud
161 2121 254 2151 decet
278 2119 549 2158 animadvertere,
575 2119 636 2151 IX.
663 2128 737 2149 cum
762 2119 842 2157 HL,
868 2118 928 2151 VI.
956 2128 1030 2148 cum
1056 2118 1154 2156 XII.,
1181 2119 1222 2151 V.
1250 2128 1323 2148 cum
1349 2118 1409 2149 XI.
1435 2126 1563 2155 semper
1589 2117 1637 2146 sic
1662 2118 1849 2159 convenire,

45 2171 82 2199 ut
107 2176 325 2209 quaecunque
350 2167 385 2196 in
411 2175 476 2196 uno
501 2165 575 2196 loco
600 2167 737 2207 planeta
762 2165 919 2204 decernit,
943 2164 1021 2195 licet
1047 2165 1241 2205 miuus,·iu
1267 2165 1422 2206 opposito
1456 2164 1554 2193 etiam
1590 2164 1719 2203 positus
1745 2163 1849 2204 polli-

46 2218 166 2252 ceatur,
193 2223 267 2252 ergo
295 2213 418 2247 111.11,
437 2214 464 2245 I.
489 2213 522 2243 in
549 2213 710 2254 pueritia,
746 2212 822 2244 XII.
849 2211 909 2245 XI.
935 2211 979 2245 X.
1006 2213 1040 2242 in
1063 2213 1253 2249 Juventute,
1289 2212 1346 2243 IX.
1375 2211 1466 2241 VIII.
1492 2210 1567 2242 VH.
1595 2211 1629 2239 in
1656 2211 1759 2243 senio,
1810 2212 1849 2241 In

46 2262 88 2293 X.
116 2260 246 2292 felicem
268 2262 438 2299 juventam
463 2269 500 2289 ae
525 2268 658 2297 segnem
682 2260 861 2298 fortunam,
888 2261 1001 2288 tamen
1025 2259 1162 2298 bonam,
1189 2259 1277 2288 unde
1302 2257 1454 2298 plerique
1481 2257 1513 2286 in
1540 2257 1631 2286 senio
1658 2258 1767 2287 miseri
1794 2257 1848 2286 de-

47 2311 144 2348 gunt,
170 2308 206 2337 in
231 2307 291 2341 XI,
317 2307 395 2337 haec
422 2306 548 2342 eadem,
574 2306 632 2336 sed
654 2307 780 2347 minus,
807 2308 842 2335 at
866 2306 900 2335 in
918 2305 993 2335 XII.
1020 2305 1175 2345 turpibus
1200 2305 1396 2335 ancillarum
1423 2304 1695 2343 meretricumque
1720 2305 1849 2343 nuptiis

45 2355 159 2392 alligat
184 2363 304 2394 eosque
329 2353 428 2392 facit,
466 2354 524 2394 qui
550 2352 656 2383 foedis
682 2352 849 2382 amoribus
875 2351 1126 2384 discrucientur.
1179 2351 1417 2381 Mercurius
1451 2351 1485 2380 in
1513 2350 1537 2382 Ι,
1566 2347 1644 2380 facit
1669 2350 1849 2389 adkomnia

46 2401 159 2431 habile
183 2401 353 2439 ingenium
379 2403 411 2430 et
436 2401 495 2440 qui
522 2399 690 2429 commode
717 2408 789 2429 cum
814 2398 1006 2428 hominibus
1031 2399 1156 2428 versari
1182 2399 1303 2435 sciant,
1331 2399 1364 2427 in
1385 2399 1426 2430 ΙΙ,
1446 2395 1541 2426 malis
1568 2397 1721 2426 omnibus
1740 2396 1848 2426 modis

47 2448 112 2477 sibi
135 2448 374 2477 incrementum
400 2447 608 2477 substantiae
630 2449 842 2487 quaerentes,
869 2446 903 2474 in
921 2445 982 2476 111.
1000 2446 1121 2475 itinera
1144 2446 1294 2485 praebet,
1321 2446 1430 2474 varios
1457 2444 1491 2473 iu
1517 2443 1587 2481 lege
1614 2452 1672 2472 sua
1691 2442 1847 2481 cultuque

46 2494 120 2534 Dei,
147 2496 180 2523 et
205 2493 408 2523 divinatores
433 2494 577 2533 artibus,
604 2493 640 2522 in
665 2492 721 2523 IV.
741 2492 843 2521 variis
870 2492 980 2521 turbat
1005 2492 1252 2521 matrimonium
1278 2491 1496 2531 successibus,
1523 2488 1723 2519 occultarum
1743 2491 1847 2519 scien-

47 2542 170 2570 tiarum
195 2538 401 2570 intellectum
424 2538 575 2580 largitur,
600 2538 679 2569 inde
704 2539 806 2568 etiam
833 2539 1044 2568 obscurarum
1070 2537 1241 2568 literarum
1266 2538 1479 2578 interpretes,
1504 2537 1537 2565 in
1556 2537 1598 2568 V.
1626 2536 1847 2573 negotiatores

45 2586 137 2627 facit,
164 2587 223 2627 qui
247 2589 357 2616 tamen
380 2586 522 2615 libenter
548 2586 799 2625 conquiescant,
832 2585 939 2614 bonae
975 2585 1062 2626 spei,
1096 2587 1128 2614 at
1154 2585 1188 2614 in
1215 2585 1272 2617 VI,
1307 2585 1466 2614 rationem
1500 2583 1628 2617 turbat,
1661 2580 1847 2611 laboriosos

46 2633 138 2676 facit,
164 2631 288 2663 vilibus
313 2633 410 2661 rebus
440 2633 688 2672 incumbentes,
724 2632 759 2660 in
784 2631 858 2662 VII.
886 2631 1033 2661 studium
1066 2634 1316 2671 praeposterum
1351 2630 1512 2667 decernit,
1548 2638 1666 2658 uxores
1702 2628 1847 2667 vitiatas,

45 2681 255 2710 inimieorum
280 2679 402 2708 astutia
426 2677 532 2707 multa
557 2678 677 2708 damna
700 2678 861 2719 patietur,
887 2679 920 2707 in
947 2677 1037 2708 VIII.
1064 2678 1144 2707 facit
1168 2678 1304 2710 stultos,
1330 2677 1458 2715 tardos,
1485 2675 1686 2711 malitiosos,
1723 2674 1758 2703 in
1786 2674 1845 2707 IX.

48 2727 250 2767 dialecticos,
279 2723 466 2764 rationales,
494 2724 753 2757 mathematicos,
779 2723 920 2761 divinos,
945 2724 1034 2753 varia
1059 2728 1242 2765 versantes,
1274 2725 1309 2753 in
1335 2723 1376 2753 X.
1404 2723 1482 2752 facit
1505 2722 1539 2750 in
1566 2723 1634 2750 arte
1660 2729 1717 2749 sua
1742 2721 1846 2750 mira-

46 2773 145 2807 biles:
170 2774 205 2804 in
231 2772 289 2803 XI.
316 2772 401 2801 circa
426 2771 616 2810 voluptates
642 2770 825 2809 studiosos,
851 2769 997 2808 nitidos,
1022 2771 1057 2799 in
1074 2770 1148 2801 XII.
1169 2780 1236 2807 eos,
1265 2770 1374 2810 quiin
1392 2767 1480 2797 mala
1506 2777 1539 2796 re
1556 2768 1639 2796 bene
1666 2770 1848 2806 versentur,

47 2820 219 2858 ingenium
245 2827 322 2848 vero
352 2817 391 2848 ad
421 2817 603 2856 latrocinia,
631 2816 671 2845 ad
702 2815 946 2856 decipiendum,
972 2816 1013 2845 ad
1042 2816 1185 2846 insidias
1217 2815 1434 2846 commodum,
1461 2813 1551 2854 quod
1580 2813 1668 2842 idem
1697 2816 1847 2852 praestat

36 2867 172 2907 -quibus
196 2865 336 2906 planeta
361 2864 514 2894 dominus
539 2861 746 2892 ascendentis
770 2862 806 2891 in
825 2871 861 2891 eo
876 2861 948 2891 loco
966 2863 1096 2902 positus
1122 2862 1232 2902 fuerit,
1261 2861 1410 2900 quamvis
1437 2861 1484 2890 sic
1502 2859 1612 2899 posito
1638 2860 1846 2890 ascendentis

48 2913 182 2943 domino
207 2913 396 2952 frequenter
422 2911 591 2947 contingat
616 2908 692 2938 dare
716 2917 852 2948 poenas.
904 2908 1020 2937 Luna
1045 2909 1080 2937 in
1105 2909 1131 2941 Ι,
1159 2908 1298 2938 mobiles
1329 2907 1462 2945 ingenio
1495 2910 1527 2936 et
1550 2905 1727 2936 instabiles
1752 2906 1844 2947 facit,

46 2959 245 3000 proditores,
270 2957 359 2988 leves
385 2967 423 2987 ac
448 2954 622 2996 ridiculos,
649 2955 684 2984 in
709 2954 752 2986 ΙΙ.
778 2954 1014 2994 patrimonium
1039 2953 1196 2984 fluctibus
1222 2956 1329 2983 versat
1353 2954 1550 2994 innumeris,
1577 2953 1611 2982 in
1639 2953 1699 2985 111.
1725 2953 1846 2983 bonam

46 3006 128 3036 facit
152 3005 383 3036 educationem
407 3003 556 3043 infantis,
582 3002 701 3030 itinera
724 3000 847 3041 multa,
873 3000 907 3029 in
934 2999 991 3030 IV.
1010 2999 1131 3030 fundos
1156 3003 1310 3040 paternos
1335 3003 1435 3029 vexat
1459 3000 1616 3029 varietate
1642 3008 1718 3035 sua,
1744 3008 1844 3038 aqua-

48 3061 121 3082 rum
145 3052 272 3082 indicat
295 3051 556 3092 possessionem,
592 3048 628 3077 in
651 3048 694 3080 V,
719 3047 857 3077 multam
882 3044 1027 3087 prolem,
1062 3047 1096 3076 in
1121 3047 1177 3077 VI.
1204 3047 1358 3088 miseros,
1392 3044 1589 3085 laboriosos,
1623 3044 1777 3082 serviles,
1810 3047 1845 3075 in

51 3098 126 3132 VII.
152 3098 243 3129 tarde
267 3097 323 3128 dat
346 3106 500 3136 uxorem,
526 3093 666 3124 infinitis
691 3096 788 3123 vexat
811 3093 969 3133 periculis
996 3096 1028 3122 et
1051 3092 1287 3131 incommodis,
1315 3093 1349 3122 in
1376 3093 1467 3126 V111.
1493 3093 1572 3122 facit
1597 3096 1730 3132 repente
1748 3093 1844 3131 mori,

48 3146 165 3186 mergit
188 3144 284 3188 aquis
308 3142 468 3183 libenter,
492 3143 528 3174 in
551 3141 612 3176 IX.
637 3140 719 3172 facit
743 3140 884 3182 divinos,
911 3139 968 3172 sed
994 3140 1088 3181 quasi
1112 3140 1257 3182 insanos,
1284 3140 1384 3178 longa
1407 3142 1554 3181 praestat
1579 3139 1718 3181 itinera,
1745 3140 1780 3169 in
1798 3139 1841 3174 X.
