2126 3388
182 191 293 235 1006
853 183 936 219 Vita
961 183 1111 219 ‚Ioannis
1135 182 1295 228 Kepleri.

183 321 257 358 que
291 318 454 352 errores,
496 304 559 351 qui
591 301 639 340 ad
681 303 803 351 ipsam
844 300 999 349 quidem
1037 302 1238 340 veritatem
1273 300 1461 339 deducere
1498 312 1575 338 non
1606 306 1781 351 possent,
1821 302 1888 341 sed
1919 305 1962 340 ut

184 379 244 404 res
277 365 430 403 veritati
462 362 619 411 propius
650 359 851 397 accederet
883 363 920 396 et
951 358 1001 396 ad
1032 359 1310 397 emendandam
1351 360 1627 397 astronomiam
1658 362 1723 397 via
1753 361 1962 410 aperiretur

182 425 319 462 evitari
351 432 426 458 non
458 423 634 467 possent,
679 418 807 454 omnia
838 416 935 454 haec
967 422 1149 455 contenta
1180 422 1268 454 sunt
1297 417 1505 455 immortali
1546 417 1613 454 illo
1643 416 1802 468 Kepleri
1834 430 1960 468 opere,

181 480 284 530 qnod
311 481 395 528 jure
427 477 610 514 Novam
642 474 1023 512 Astronomiam
1056 474 1150 512 dixit
1183 480 1232 521 et,
1264 474 1337 512 hac
1367 486 1471 512 nova
1492 478 1728 513 astronomia
1758 487 1804 513 ex
1825 475 1962 513 Martis

183 539 360 589 planetae
393 534 729 572 observationibus
762 532 938 579 deducta,
973 531 1140 581 amplius
1169 533 1385 582 inscripsit:
1431 532 1677 585 „Physica
1708 533 1962 571 coelestis

180 595 374 633 tradita
406 592 774 630 commentariis
807 589 862 627 de
902 597 1028 627 motu
1070 589 1258 627 stellae
1290 588 1510 628 Martis.“
1574 590 1650 628 Cur
1680 596 1810 629 autem
1841 593 1962 641 ipsius

178 654 312 692 Martis
343 650 478 688 stellae
509 655 635 686 motus
667 653 704 686 et
735 660 867 686 cursus
899 649 1162 696 investigaret,
1195 652 1371 686 auctores
1403 654 1511 686 erant
1532 648 1667 697 Tycho
1699 649 1860 698 eJusque
1891 649 1962 686 ad-

181 711 352 750 ministri.
386 709 452 757 qui
484 719 584 745 anno
620 711 741 751 1600,
776 718 859 744 011111
891 705 1082 756 Keplerus
1113 705 1277 753 Pragam
1313 707 1470 753 veniret7
1504 708 1541 742 in
1573 707 1688 755 hujus
1720 707 1857 744 sideris
1890 708 1961 744 ob-

183 767 468 808 servationibus
502 766 765 803 versabantur.
830 764 1001 812 „Divina
1035 764 1285 812 dispositione
1319 763 1505 802 accidisse
1537 770 1647 813 puto,
1691 765 1795 813 quod
1828 764 1963 803 eodem

180 834 349 876 tempore
382 836 454 872 ego
486 824 721 869 advenerim,
755 833 830 870 quo
863 827 1032 871 tempore
1065 821 1180 858 Marti
1212 821 1276 858 ille
1310 828 1390 859 erat
1420 823 1603 868 intentus,
1637 834 1683 859 ex
1715 823 1824 870 cujus
1845 824 1963 860 moti-

178 886 249 923 bus
282 884 436 921 omnino
478 892 634 919 necesse
676 886 733 918 est
771 891 840 916 nos
873 882 909 916 in
950 881 1209 929 cognitionem
1252 881 1511 918 astronomiae
1553 891 1780 917 arcanorum
1818 882 1963 928 venire,

179 948 246 980 aut
279 953 324 980 ea
356 944 540 990 perpetuo
571 935 758 976 nescire.“
811 937 902 975 Jam
935 949 1034 974 anno
1061 941 1182 975 1602.
1215 936 1406 986 Keplerus
1438 939 1474 974 in
1508 939 1786 986 cogitationem
1817 939 1963 989 incidit,

179 1013 245 1051 pro
278 999 400 1048 figura
433 997 606 1035 circulari
639 997 798 1045 figuram
832 1007 877 1033 ex
909 995 1024 1043 longo
1047 995 1248 1032 rotundam
1272 993 1456 1045 (evalem)
1489 1007 1621 1033 verum
1642 995 1780 1034 Martis
1812 1007 1963 1034 cursum

175 1056 397 1108 Judicandi;
431 1055 535 1104 quod
567 1067 653 1093 cum
684 1065 785 1091 anno
822 1058 942 1091 1604.
976 1053 1115 1090 falsum
1147 1065 1231 1091 esse
1263 1053 1527 1100 intellexisset,
1560 1060 1753 1103 postremo
1784 1060 1873 1104 post
1903 1056 1964 1091 in-

178 1128 338 1154 numera
368 1114 581 1162 eademque
612 1113 718 1150 irrita
748 1113 1009 1161 experimenta
1041 1123 1173 1149 verum
1204 1110 1340 1148 Martis
1373 1112 1571 1148 circuitum
1604 1111 1754 1161 ellipsin
1788 1124 1872 1150 esse
1903 1114 1964 1149 in-

179 1176 297 1213 venit.
360 1172 549 1220 Quamvis
581 1176 708 1208 autem
743 1181 839 1219 opus
869 1171 995 1219 ipsum
1027 1180 1128 1207 anno
1154 1173 1275 1207 1605.
1308 1180 1432 1218 paene
1465 1169 1680 1207 confectum
1712 1175 1814 1207 esset
1845 1176 1882 1208 et
1902 1171 1964 1207 in-

180 1238 293 1271 cunte
325 1242 425 1268 anno
454 1234 575 1269 1606.
616 1228 808 1278 Keplerus
840 1228 972 1265 amicis
1006 1228 1132 1276 operis
1155 1227 1433 1264 confectionem
1455 1228 1638 1265 nunciare
1661 1233 1803 1277 posset,
1836 1233 1963 1266 tamen

178 1299 215 1329 et
246 1289 478 1339 imperatorii
509 1287 591 1325 fisci
621 1288 752 1336 inopia
774 1291 812 1323 et
834 1285 1132 1335 impedientibus
1153 1284 1382 1322 haeredibus
1404 1284 1666 1335 Tychonianis
1697 1288 1751 1323 ita
1771 1286 1966 1324 retardata

178 1349 294 1387 editio
327 1352 396 1393 est,
429 1351 471 1383 ut
501 1351 616 1395 typus
649 1349 812 1382 exeunte
844 1355 944 1381 anno
978 1343 1130 1380 demum
1173 1346 1294 1380 1608.
1328 1344 1481 1392 incepta
1512 1354 1612 1381 anno
1648 1348 1772 1382 1609.
1804 1344 1966 1394 perfice—

178 1412 294 1446 retur.
345 1405 389 1441 In
425 1403 500 1441 vol.
532 1403 604 1440 III.
637 1402 874 1452 praefatione
907 1401 1049 1438 dictum
1084 1407 1152 1448 est,
1184 1402 1223 1437 in
1256 1401 1342 1450 plus
1373 1400 1477 1439 mille
1508 1402 1661 1450 paginis
1692 1407 1794 1440 arcte
1816 1404 1967 1452 scriptis

178 1463 514 1519 (Pulkoviensium
547 1460 722 1498 codicum
753 1459 960 1497 voluminis
996 1458 1110 1508 XIV)
1154 1465 1190 1497 et
1222 1458 1497 1496 calculationes
1528 1459 1577 1496 ad
1609 1460 1797 1497 edendum
1828 1460 1966 1498 librum

182 1522 417 1561 necessarias
450 1525 487 1557 et
520 1521 646 1556 varias
679 1518 766 1555 illas
788 1518 945 1568 Kepleri
978 1518 1163 1565 ambages
1197 1528 1280 1554 esse
1313 1521 1535 1565 contentas;
1569 1517 1782 1567 eodemque
1811 1517 1898 1556 loco
1930 1524 1968 1556 et

186 1582 231 1619 de
264 1579 388 1630 operis
421 1579 565 1626 origine
598 1583 635 1614 et
667 1576 712 1614 de
744 1576 940 1613 literarum
973 1575 1019 1613 de
1052 1575 1117 1612 illo
1151 1576 1378 1613 commercio
1410 1574 1521 1624 plura
1553 1580 1642 1612 sunt
1672 1575 1804 1614 allata.

318 1638 445 1687 Caput
477 1636 603 1686 operis
635 1636 999 1683 quinquagesimum
1031 1639 1231 1680 octavum,
1276 1645 1352 1681 quo
1386 1634 1509 1682 prima
1538 1633 1601 1671 lex
1630 1633 1868 1684 Kepleriana
1899 1645 1967 1671 ex—

179 1697 354 1747 plicatur,
387 1695 435 1732 ab
468 1694 540 1732 hoc
573 1705 686 1730 versu
717 1692 933 1741 Virgiliano
967 1693 1117 1740 incipit:

580 1750 691 1788 Malo
722 1762 784 1787 me
818 1749 988 1787 Galatea
1016 1752 1132 1798 petit,
1165 1750 1313 1787 lasciva
1340 1749 1493 1797 puella,

582 1810 636 1847 Et
663 1810 770 1858 fuyit
801 1808 855 1845 ad
883 1809 1019 1845 salices
1049 1813 1085 1845 et
1115 1819 1153 1844 se
1183 1809 1295 1855 cupit
1326 1812 1419 1844 ante
1452 1806 1588 1844 videri.

181 1872 309 1919 Atque
341 1867 616 1917 interpretandi
650 1878 766 1906 causa
796 1866 892 1904 hacc
923 1866 1030 1903 addit
1060 1865 1270 1915 Keplerus:
1314 1864 1453 1916 „Quod
1485 1869 1567 1902 toto
1601 1864 1674 1902 hoc
1706 1876 1820 1915 opere
1853 1876 1966 1914 spee—

180 1931 273 1974 tavi,
309 1933 349 1964 ut
380 1927 579 1976 physicam
613 1926 823 1963 invenirem
854 1924 1106 1974 hypothesin,
1142 1935 1241 1972 quae
1274 1934 1349 1960 non
1383 1928 1532 1961 tantum
1566 1922 1768 1961 distantias
1800 1922 1969 1961 efficeret

181 1986 398 2024 observatis
420 1990 712 2029 consentaneaS,
746 1982 813 2020 sed
837 1984 953 2020 etiam
976 1983 1229 2031 aequationes
1250 1981 1383 2018 itidem
1406 1982 1558 2030 probas,
1582 1992 1678 2029 quas
1701 1992 1746 2018 ex
1767 1981 1961 2027 ,‚vicaria“

183 2044 389 2094 hypothesi
423 2044 544 2081 eoacti
578 2053 710 2079 sumus
743 2042 920 2086 mutuari,
953 2040 1053 2078 idem
1086 2051 1152 2090 per
1182 2039 1282 2077 hanc
1313 2041 1428 2076 etiam
1463 2040 1700 2077 verissimam
1733 2039 1967 2089 hypothesin

182 2108 334 2141 tentans
366 2101 463 2138 falsa
496 2100 695 2146 methodo,
735 2110 882 2136 rursum
916 2098 961 2136 de
998 2110 1122 2136 rerum
1155 2109 1304 2134 summa
1343 2096 1552 2147 trepidare,
1595 2109 1744 2134 rursum
1783 2109 1967 2135 accusare

184 2161 294 2210 coepi
327 2160 545 2197 verissimas
579 2158 781 2196 distantias
814 2162 850 2194 et
882 2157 1128 2194 librationem
1161 2155 1339 2205 planetae
1363 2155 1410 2193 de
1431 2156 1600 2202 crimine,
1633 2155 1742 2203 cujus
1762 2154 1861 2193 falsa
1880 2167 1967 2193 mea

183 2217 389 2256 methodus
423 2223 502 2255 erat
534 2228 611 2255 rea.
675 2215 775 2263 Quid
807 2214 968 2252 multis?
1011 2214 1102 2264 Ipsa
1134 2215 1275 2251 veritas
1307 2218 1343 2251 et
1374 2225 1498 2251 rerum
1529 2218 1667 2250 natura
1696 2213 1900 2262 repudiata
1930 2217 1968 2251 et

186 2276 341 2315 exulare
369 2276 492 2324 jussa,
525 2286 591 2325 per
623 2276 812 2324 posticum
842 2284 882 2310 se
914 2273 1041 2310 furtim
1063 2283 1210 2309 rursum
1232 2273 1375 2320 recepit
1406 2273 1503 2308 intro
1527 2277 1563 2308 et
1585 2271 1656 2308 sub
1679 2271 1814 2308 habitu
1835 2271 1964 2309 alieno

185 2348 208 2372 a
238 2346 298 2372 me
328 2339 481 2383 recepta
514 2333 581 2370 fuit
587 2360 724 2371 .....
786 2331 871 2368 Non
903 2336 984 2368 erat
1007 2342 1114 2380 opus,
1147 2331 1398 2378 aequationes
1422 2341 1467 2366 ex
1491 2328 1615 2378 ellipsi
1648 2328 1694 2367 de
1724 2340 1827 2366 novo
1861 2340 1968 2367 com-

186 2399 339 2442 putare,
373 2392 562 2437 sciebam,
601 2390 700 2427 ultro
738 2389 906 2426 facturas
939 2388 1119 2427 officium.
1182 2388 1240 2425 De
1274 2387 1466 2424 distantiis
1499 2386 1741 2424 solummodo
1780 2386 1968 2424 sollicitus

185 2463 308 2496 eram,
355 2461 400 2487 110
432 2450 527 2487 forte
560 2460 604 2486 ex
638 2447 765 2497 ellipsi
799 2447 995 2484 desumtae
1038 2447 1234 2495 negotium
1273 2445 1364 2482 mihi
1402 2445 1644 2483 facesserent.
1706 2445 1758 2482 At
1788 2446 1966 2493 quamvis

184 2509 258 2547 hoc
290 2507 503 2553 accideret,
537 2512 710 2556 paratum
744 2510 823 2543 erat
855 2505 947 2541 mihi
979 2504 1202 2549 latibulum,
1244 2503 1473 2540 incertitudo
1508 2507 1588 2541 200
1623 2502 1894 2552 particularum
1927 2504 1966 2539 in

186 2567 388 2604 distantiis.
449 2565 586 2613 Itaque
627 2576 673 2601 ne
714 2563 776 2601 hic
814 2562 969 2611 quidem
1010 2562 1124 2600 valde
1167 2561 1287 2599 haesi.
1358 2561 1482 2598 Multo
1524 2572 1616 2598 vero
1656 2561 1843 2598 maximus
1884 2566 1967 2600 erat

186 2624 399 2674 scrupulus,
432 2622 535 2672 quod
566 2634 663 2672 pene
696 2621 745 2659 ad
776 2622 963 2658 insaniam
984 2632 1106 2669 usque
1129 2619 1374 2657 considerans
1398 2624 1435 2656 et
1455 2619 1764 2668 circumspiciens
1796 2620 1966 2656 invenire

187 2694 261 2720 non
295 2688 478 2732 poteram,
512 2692 576 2718 eur
609 2680 776 2729 planeta,
809 2680 869 2716 cui
901 2684 1007 2716 tanta
1040 2690 1124 2716 curn
1155 2677 1441 2727 probabilitate,
1474 2682 1581 2714 tanto
1614 2687 1801 2714 consensu
1834 2677 1967 2714 obser-

188 2747 360 2779 vatarum
393 2739 660 2776 distantiarum
693 2738 845 2774 libratio
876 2738 912 2772 in
947 2737 1132 2774 diametro
1165 2735 1415 2781 tribuebatur,
1450 2736 1575 2783 potins
1602 2736 1653 2772 ire
1677 2734 1794 2772 vellet
1824 2734 1967 2783 ellipti-

189 2810 272 2837 cam
303 2800 405 2835 viam
438 2797 735 2845 aequationibus
768 2795 972 2832 indicibus.
1036 2793 1068 2831 O
1100 2805 1160 2831 me
1192 2793 1416 2830 ridiculum!
1459 2791 1615 2842 perinde
1657 2793 1769 2841 quasi
1806 2792 1962 2830 libratio

189 2857 225 2893 in
258 2856 443 2894 diametro
476 2866 551 2892 non
585 2855 708 2904 possit
739 2865 822 2890 esse
855 2854 918 2890 via
948 2852 997 2890 ad
1028 2852 1192 2901 ellipsin.
1224 2874 1278 2878 —
1797 2859 1801 2864 ·

327 2913 462 2962 Capite
493 2914 684 2962 proximo,
726 2911 944 2960 praemissis
982 2910 1282 2948 theorematibus
1326 2907 1371 2946 de
1404 2907 1549 2957 ellipsi,
1593 2907 1803 2945 alteram
1841 2905 1967 2955 prodit

186 2969 344 3019 legem
375 2982 512 3008 suam
543 2970 600 3008 de
633 2971 780 3014 areis,
823 2980 939 3017 quam
969 2968 1028 3005 his
1060 2973 1192 3005 contra
1224 2967 1466 3005 obsectiones
1498 2965 1646 3003 salvat:
1691 2963 1760 3015 „Si
1800 2965 1885 3012 quis
1918 2963 1964 3002 de

192 3030 349 3066 veritate
379 3030 433 3066 rei
465 3028 624 3074 dubitet,
658 3026 804 3064 diffisus
836 3026 1040 3064 subtilitati
1072 3030 1108 3063 et
1139 3024 1382 3074 perplexitati
1405 3022 1758 3071 argumentationis,
1789 3033 1849 3059 res
1882 3023 1966 3070 ipsa

190 3087 292 3134 prius
323 3087 487 3124 innotuit
517 3097 583 3134 per
613 3085 885 3133 experientiam
916 3085 952 3120 in
982 3084 1081 3121 huuc
1108 3082 1274 3120 modurn.
1326 3082 1514 3120 Constitui
1547 3081 1594 3118 ad
1623 3078 1795 3126 singulos
1823 3078 1965 3128 gradus

193 3144 408 3182 anomaliae
440 3144 600 3183 eccentri
633 3154 700 3192 pro
723 3143 914 3180 distantiis
946 3143 995 3181 ab
1025 3141 1059 3179 N
1091 3144 1188 3188 (foco
1207 3142 1362 3187 ellipsis)
1394 3140 1515 3178 lineas
1546 3136 1800 3186 diametrales‚
1831 3137 1966 3188 singu-
