2126 3388
215 176 300 222 846
887 169 971 206 Vita
998 168 1021 205 J
1023 167 1149 205 oannis
1174 167 1334 214 Kepleri.

354 289 602 327 Voluminibus
627 288 687 323 VI.
716 288 775 332 (p.·
788 287 872 331 647)
899 290 935 322 et
958 285 1024 320 ΙΙΙ.
1051 286 1101 330 (p.
1127 287 1211 330 655)
1238 285 1465 321 exhibuimus
1490 296 1536 321 ex
1560 296 1645 321 mss.
1671 286 1817 321 Pulcov.
1841 287 1895 331 ea,
1921 295 2012 330 quae

217 351 263 386 ad
289 348 545 385 restituendam
573 347 698 382 Lunae
722 345 899 382 theoriam
924 343 1167 389 Tychonicam
1193 345 1239 386 (v,
1265 354 1294 378 s.
1320 354 1354 387 p.
1379 343 1460 388 837)
1492 344 1594 379 initio
1628 344 1711 378 anni
1739 344 1835 380 1616.
1860 344 2014 378 tentavit

215 408 410 453 Keplerus:
438 407 540 452 Quae
564 406 604 440 in
622 405 734 440 Isana
751 407 887 439 restent
904 402 1140 438 emendanda.
1157 422 1202 426 —
1218 402 1276 437 De
1300 401 1528 438 Variatione.
1550 422 1591 428 -
1613 402 1868 438 Consideratio
1885 403 2015 438 tertiae

210 467 335 512 pao-tis
360 464 592 509 aequationis
615 463 798 507 temporis.
818 482 861 486 ——
883 461 1120 506 Comparatio
1145 460 1374 495 Variationis
1398 464 1431 496 et
1454 460 1565 504 hujus
1582 460 1815 505 aequationis
1832 460 2015 504 temporis.

216 522 438 562 Fasciculus,
467 531 512 555 ex
538 532 609 566 quo
635 520 725 555 haec
751 519 1000 562 desumsimus,
1026 518 1221 562 inscriptus
1248 522 1320 553 est:
1348 518 1635 554 Restitutionum
1658 517 1868 552 Lanarium
1892 517 2016 552 adver-

215 582 327 624 saria,
349 579 536 623 eidemque
553 578 647 613 inest
665 578 904 621 fragmentum
916 577 1137 622 Hipparchi,
1159 576 1215 611 cui
1232 576 1431 611 inserviunt
1448 575 1537 610 haec
1556 574 1676 609 studia
1691 574 1842 609 lunaria.
1869 574 2016 609 Librum

216 649 298 674 vero
316 638 444 682 ipsum,
473 636 720 681 Hipparchum
737 635 962 680 inscriptum,
990 634 1052 669 1110
1073 638 1235 679 tempore
1255 634 1300 669 ad
1318 644 1395 668 eam
1419 634 1569 668 formam
1597 632 1792 677 perfecisse
1809 632 2017 676 Keplerum,

216 707 287 740 qua
318 705 399 730 eum
423 695 459 729 in
493 693 677 729 codicibus
703 693 806 729 dictis
842 692 1142 737 deprehendimus
1169 695 1239 732 (ΙΙΙ.
1267 696 1481 735 520-549),
1506 692 1596 727 haec
1627 696 1807 727 testantur
1834 691 1943 726 verba
1966 691 2016 724 in—

217 752 441 797 scriptionis:
468 753 617 798 Prayae
641 752 817 788 inchoata
835 764 858 786 a
876 752 1000 787 maltis
1017 752 1136 794 annis,
1162 752 1213 786 sic
1239 752 1347 786 etiam
1373 752 1534 786 eaehibt'ta
1559 751 1653 795 Imp.
1681 750 2019 794 DIatthz'aespeten-

217 812 313 847 tibus
339 810 573 846 consiliariis.
622 809 746 844 Linciz'
769 820 853 845 vero
878 820 1015 854 mayna
1041 819 1084 843 ea:
1104 813 1213 853 parte
1237 810 1467 849 continuata,
1489 809 1710 854 praesertim
1734 819 1833 844 amto
1859 812 1948 842 1616.

358 868 487 903 Jovis
522 868 630 902 etiam
665 867 842 901 theoriam
875 867 944 901 1100
977 877 1070 902 311110
1106 866 1353 901 demonstrare
1386 866 1554 901 studebat
1584 865 1776 910 Keplerus.
1832 864 2020 909 Inscripsit

219 926 448 970 fasciculum,
486 936 556 969 quo
589 925 678 960 haec
711 925 833 960 studia
865 925 1092 960 continentur
1120 924 1311 968 „Jovialia‚
1346 935 1411 960 seu
1437 922 1696 959 demonstratio
1722 927 1883 957 motuum
1909 922 2020 963 Jovis,

219 996 298 1020 cum
323 983 528 1019 tabularum
554 987 657 1028 parte
683 982 883 1027 potissima.
933 985 1046 1018 Deest
1070 983 1189 1018 adhuc
1214 974 1586 1018 examenaccuratius
1611 980 1856 1024 proportionis
1882 980 2020 1015 orbium

219 1049 255 1078 et
280 1053 365 1088 pars
390 1041 594 1077 tabularum
619 1041 702 1075 inde
730 1040 949 1085 dependens,
976 1041 1114 1075 scilicet
1139 1040 1391 1075 distantiarum
1416 1041 1517 1075 Jovis
1537 1044 1572 1074 et
1590 1031 1697 1075 Solis.
1730 1040 1830 1074 Haec
1849 1040 1900 1074 sic
1918 1044 2022 1074 erant

223 1101 385 1136 exhibita
408 1099 547 1143 Pragae
574 1099 788 1135 consiliariis
814 1100 856 1134 R.
881 1098 1071 1133 Matthiae.
1111 1097 1194 1132 Jam
1219 1097 1336 1132 Lincii
1361 1109 1455 1133 anno
1483 1098 1586 1134 1616.
1613 1102 1846 1132 accesserunt
1870 1108 2020 1132 examen

221 1157 465 1205 proportionis
494 1157 633 1192 orbium
659 1162 695 1192 et
721 1156 997 1193 eccentricitatis
1023 1155 1227 1191 absolutum
1251 1166 1408 1200 parsque
1427 1156 1714 1191 distantiarum.“
1750 1155 2022 1199 Inquisitionem

225 1216 503 1253 eccentricitatis
529 1215 629 1250 Jovis
655 1215 744 1250 adiit
768 1215 947 1260 Keplerus
972 1224 1096 1249 mense
1115 1214 1316 1258 Septembri
1334 1214 1518 1260 (adscripti
1544 1220 1628 1251 sunt
1655 1215 1730 1250 dies
1745 1215 1800 1250 21.
1822 1216 1879 1251 22.
1899 1215 2022 1259 Sept).

221 1275 322 1310 Sicut
347 1273 392 1309 ad
418 1274 759 1309 demonstrationem
785 1279 943 1309 motuum
970 1273 1081 1317 Jovis,
1115 1272 1164 1306 ita
1191 1273 1298 1307 etiam
1325 1273 1370 1307 ad
1397 1273 1578 1308 Saturni
1603 1273 1797 1318 adscripsit
1821 1272 2021 1316 Keplerus:

224 1332 360 1376 „Lineii
385 1336 618 1367 accesserunt
651 1342 744 1367 311110
775 1333 864 1368 1616
898 1333 985 1367 ista:
1022 1331 1150 1366 revisio
1186 1332 1462 1366 eccentricitatis
1495 1342 1558 1366 seu
1593 1331 1670 1376 ejus
1697 1331 1740 1366 de
1765 1341 1858 1365 novo
1883 1331 2027 1366 investi-

221 1392 335 1435 gatio,
360 1395 401 1426 ut
425 1390 531 1425 etiam
556 1391 799 1435 proportionis
826 1390 963 1425 orbium
988 1395 1024 1424 et
1050 1400 1133 1434 pars
1161 1389 1447 1426 distantiarqu
1504 1390 1726 1425 Mercurii
1753 1395 1870 1425 motus
1895 1400 2025 1434 magna

222 1461 266 1484 ex
291 1453 393 1493 parte
421 1448 687 1483 demonstrasse
715 1459 752 1483 se
780 1447 829 1481 ait
854 1447 1032 1492 Keplerus
1058 1446 1174 1481 Lincii
1198 1448 1298 1489 {anno
1328 1448 1434 1492 1615,
1468 1447 1611 1492 plurimi
1642 1457 1727 1482 vero
1759 1448 1881 1482 insunt
1910 1447 2026 1489 „rudi-

222 1507 372 1542 1nentis“
409 1507 537 1542 harum
572 1505 919 1541 demonstrationum
952 1505 1082 1541 calculi
1116 1517 1160 1539 ex
1192 1516 1283 1540 anno
1315 1506 1418 1549 1616,
1452 1506 1580 1550 quibus
1611 1505 1825 1550 praemittit:
1865 1506 2026 1548 „Mercu-

222 1566 298 1600 rius
324 1574 405 1599 raro
433 1574 500 1599 nec
525 1563 693 1608 expedite
717 1563 890 1607 cernitur,
922 1563 1043 1606 itaque
1067 1562 1393 1597 demonstrationes
1424 1563 1493 1598 hae
1518 1563 1622 1598 tarde
1646 1563 1847 1608 procedunt
1873 1568 1908 1598 et
1935 1563 2025 1597 diffi-

223 1623 355 1658 cillimo
382 1627 522 1663 conatu,
549 1621 616 1656 etsi
643 1622 751 1655 etiam
776 1621 834 1655 hic
866 1620 1071 1655 tabularum
1096 1620 1299 1654 rudimenta
1324 1620 1427 1664 quasi
1448 1621 1525 1664 jam
1557 1621 1726 1666 perfectis
1753 1621 2025 1656 demonstratio-

223 1681 339 1725 nibus,
366 1682 396 1716 si
422 1681 518 1716 forte
542 1691 607 1725 per
632 1680 774 1714 tabulas
801 1678 1030 1724 quantumvis
1065 1678 1175 1713 falsas
1197 1678 1315 1722 juvari
1341 1679 1457 1722 possit
1480 1679 1795 1714 demonstrationis
1821 1680 2024 1714 methodus.

222 1741 322 1774 Haec
346 1740 483 1782 Pragae
515 1739 676 1773 exhibita
711 1739 796 1782 Imp.
823 1736 999 1771 Matthiae
1034 1736 1281 1770 consiliariis.“
1331 1736 1398 1771 Die
1425 1737 1479 1772 27.
1506 1737 1628 1771 Martii
1655 1738 1743 1773 1615
1778 1737 1847 1772 1100
1877 1737 2024 1771 (10111011-

224 1803 339 1832 strare
365 1801 483 1831 tentat
508 1797 710 1831 theorema:
753 1795 878 1838 „Datis
905 1795 1012 1829 trium
1040 1799 1242 1838 temporum
1274 1794 1473 1829 intervallis
1499 1799 1535 1830 et
1560 1796 1667 1830 trium
1699 1797 1858 1831 locorum
1884 1795 2025 1839 angulis

224 1856 269 1891 ad
296 1855 415 1891 Solem
441 1855 548 1890 datur
574 1854 822 1890 eccentricitas
849 1858 884 1888 et
911 1853 1002 1888 situs
1029 1851 1198 1896 3111101110,
1225 1851 1394 1887 adhibitis
1420 1852 1600 1897 Tychonis
1626 1853 1939 1889 observationibus
1965 1865 2025 1889 an-

223 1925 349 1949 norum
379 1915 466 1950 ‘1593
494 1914 544 1957 (6.
570 1913 653 1948 Jan.
680 1920 715 1947 et
744 1914 795 1948 12.
822 1911 926 1955 Maji)
963 1916 998 1945 et
1026 1912 1112 1946 1595
1149 1910 1198 1955 (d.
1231 1911 1280 1945 15.
1310 1910 1444 1953 Sept).
1495 1911 1697 1946 Consumtis
1731 1911 1893 1955 plurimis
1926 1911 2024 1947 foliis

226 1973 260 2006 in
286 1973 356 2006 1100
381 1977 531 2014 00113111,
565 1972 621 2006 1118
647 1970 754 2005 finem
781 1970 882 2005 facit:
918 1967 1024 2005 Nihil
1048 1979 1179 2005 eorum
1205 1968 1466 2015 impetramus,
1491 1978 1592 2014 quae
1616 1968 1858 2017 optabamus.
1906 1966 2023 2006 Uter-

228 2040 302 2078 que
335 2027 567 2077 angulorum
600 2032 658 2065 est
689 2038 853 2076 parvus,
886 2027 1085 2075 proportio
1117 2025 1311 2062 radiorum
1344 2025 1468 2074 major
1495 2025 1612 2073 justo.
1674 2025 1861 2063 Minuitur
1893 2033 2023 2064 autem

225 2088 322 2125 haec
353 2076 571 2136 proportio,
606 2090 796 2133 augentur
828 2096 919 2122 vero
952 2083 1086 2133 anguli
1119 2083 1358 2121 detrudendo
1391 2091 1534 2132 puncto
1568 2084 1852 2121 observationis
1886 2086 2023 2122 tertiae

227 2157 362 2183 versus
385 2144 627 2193 perihelium,
651 2143 778 2181 demto
802 2142 944 2191 angulo
968 2143 1117 2189 minori,
1153 2143 1218 2190 qui
1239 2142 1312 2179 hac
1332 2144 1479 2179 ratione
1502 2152 1614 2190 porro
1640 2153 1794 2191 quoque
1815 2143 2020 2183 minuetur.

227 2203 355 2241 Causa
398 2203 513 2252 hujus
560 2202 747 2251 inopinati
795 2203 992 2250 proportio
1035 2212 1112 2238 11011
1158 2205 1260 2238 recte
1304 2201 1493 2237 instituta.
1556 2199 1711 2249 Augulo
1758 2212 1850 2238 vero
1897 2203 2020 2250 primo

230 2261 441 2312 (radiorum
473 2263 570 2299 inter
601 2262 762 2309 primam
796 2265 832 2297 et
865 2261 1017 2297 tertiam
1049 2257 1377 2307 observationem)
1408 2269 1485 2295 non
1517 2257 1726 2305 medemur,
1758 2259 1833 2296 nisi
1865 2260 2022 2297 minua—

230 2332 315 2357 mus
349 2319 454 2356 illum
486 2330 562 2357 uno
596 2330 627 2358 0.
660 2317 802 2367 gradu,
836 2323 877 2354 ut
908 2319 940 2354 si
972 2319 1009 2354 in
1043 2318 1095 2364 Π
1128 2322 1408 2365 retroageretur
1440 2327 1506 2365 per
1532 2315 1584 2362 10,
1618 2318 1655 2353 in
1686 2316 1721 2363 ὅ
1762 2328 1829 2366 per
1863 2315 1906 2355 1⁰
1938 2319 2019 2356 20².

231 2377 276 2416 Id
308 2383 434 2414 utrum
473 2377 596 2415 serant
639 2377 950 2422 observationes,
1002 2375 1102 2412 vide.
1172 2374 1267 2412 Cum
1307 2380 1436 2412 autem
1475 2374 1607 2423 anguli
1649 2380 1727 2412 tam
1770 2376 1846 2412 sint
1885 2377 2020 2414 incerti

228 2439 526 2485 deseramurque
559 2436 607 2474 ab
641 2435 957 2472 observationum
991 2432 1093 2471 claro
1127 2433 1359 2479 testimonio,
1395 2444 1594 2482 operemur
1626 2434 1741 2481 igitur
1772 2445 1839 2482 per
1871 2433 2021 2472 distan—

227 2496 300 2532 tias
333 2499 370 2531 et
403 2499 588 2543 tempora.
632 2496 714 2530 Jam
740 2505 805 2540 per
823 2494 963 2538 aliquot
988 2494 1075 2529 solia
1093 2493 1162 2528 hac
1179 2493 1318 2528 ratione
1344 2493 1522 2528 calculum
1543 2493 1730 2528 continuat
1755 2494 1911 2538 indeque
1937 2505 2021 2529 0011-

228 2555 360 2591 cludit:
395 2552 492 2590 Cum
525 2553 787 2590 eecentricitas
811 2552 1010 2588 21000111
1037 2551 1105 2594 ᾗ
1139 2550 1283 2587 bonum
1316 2549 1464 2587 radium
1497 2549 1676 2587 ostendat
1709 2550 1929 2599 bonumque
1959 2550 2021 2588 lo-

230 2623 317 2650 cum
349 2612 386 2648 in
420 2607 487 2664 52,
516 2610 597 2660 jam
628 2609 746 2659 paulo
779 2607 989 2646 admodum
1017 2608 1123 2656 justo
1157 2608 1394 2656 breviorem,
1438 2608 1566 2646 locum
1595 2608 1761 2656 justum,
1806 2609 1893 2646 aliis
1925 2608 2021 2646 locis

229 2670 363 2707 itidem
394 2669 635 2717 breviorem,
667 2667 874 2716 augebitur
905 2667 1021 2715 igitur
1053 2667 1202 2704 orbium
1234 2668 1431 2716 proportio
1465 2672 1502 2704 et
1533 2668 1797 2704 eccentricitas
1828 2668 1867 2703 in
1898 2668 2020 2715 parti-

231 2729 326 2766 culis
357 2728 618 2777 proportionis
650 2727 811 2773 orbium,
844 2729 1093 2775 promovetur
1125 2725 1322 2774 aphelium
1356 2730 1427 2762 etc.
1467 2724 1585 2762 Nulla
1616 2726 1733 2773 igitur
1764 2726 1827 2762 via
1857 2723 2019 2772 facilior,

235 2798 350 2835 quam
383 2787 415 2824 si
446 2785 496 2823 ad
528 2785 702 2823 diversas
735 2785 1038 2822 eccentricitates
1072 2788 1315 2820 exstruantur
1348 2783 1554 2820 distantiae
1587 2787 1624 2820 et
1654 2782 1842 2829 videatur,
1876 2785 1912 2819 in
1945 2794 2022 2832 qua

234 2844 439 2882 intervallo
483 2845 666 2892 temporis
705 2842 779 2880 1100
822 2842 912 2880 data
951 2843 1146 2890 proportio
1188 2842 1455 2879 distantiarum
1496 2841 1740 2889 exprimatur.
1808 2843 1941 2877 Iterum
1960 2842 2021 2878 ad-

231 2904 343 2938 hibito
370 2904 507 2939 calculo
526 2905 642 2940 addit:
676 2899 776 2949 Quid
810 2901 872 2938 hic
902 2911 1128 2948 sequemur,
1163 2899 1266 2948 quod
1297 2901 1444 2948 primae
1477 2898 1613 2936 volunt
1643 2899 1862 2947 promoveri
1897 2899 2021 2948 aphe-

231 2959 338 3006 lium,
371 2961 507 2998 ultima
537 2958 735 3008 retroagi?
787 2961 868 2995 Jam
894 2959 1053 3004 seposita
1078 2970 1143 3004 per
1169 2970 1300 2994 annum
1326 2959 1395 2995 hac
1419 2958 1664 3003 inquIsitione,
1691 2957 1747 2991 die
1772 2958 1803 2992 8.
1831 2958 1912 2994 Oct.
1930 2960 2020 2995 1616

234 3020 278 3054 ad
298 3020 394 3055 illam
418 3020 520 3063 redit,
538 3030 677 3064 ponens
696 3019 998 3054 eccentricitatem
1024 3018 1051 3062 ξὲ
1079 3019 1205 3062 21001),
1223 3018 1492 3063 proportionem
1511 3018 1648 3053 orbium
1664 3017 1843 3060 1:3‚8806
1865 3022 1901 3052 et
1913 3018 2022 3062 aphe-

234 3077 320 3112 lium
346 3080 456 3123 (anno
486 3078 590 3124 1617)
616 3079 652 3112 in
678 3079 740 3114 130
761 3083 807 3121 ‡.
840 3077 1035 3123 Adscripta
1060 3088 1145 3113 vero
1171 3077 1216 3112 ad
1234 3076 1394 3113 calculos
1418 3077 1489 3113 huc
1506 3077 1728 3122 pertinentes
1747 3086 1834 3111 voce
1854 3076 2022 3123 „Error“,
