2126 3388
928 138 1026 176 1600.
1784 142 1868 186 731

207 252 417 296 Quapropter
449 256 602 286 omnibus
635 256 820 287 illustribus
850 258 1100 298 praestantibus
1136 261 1168 289 et,
1208 259 1352 290 cordatis
1389 260 1464 290 viris
1498 261 1785 300 praenominatum
1820 260 1867 294 M.

71 299 253 341 Ix'eplerum
280 301 318 331 de
344 300 479 332 meliore
507 308 584 333 nota
609 313 708 344 qnam
734 304 1092 335 commendatissimum
1119 315 1188 336 esse
1215 306 1330 346 cupio,
1365 310 1466 348 utque
1494 309 1562 345 eius
1596 307 1764 337 laudabile
1788 317 1868 348 pro-

70 348 216 388 positum
249 351 279 377 et
307 352 444 379 conatus
471 351 617 388 egregios
650 351 682 380 in
710 351 772 380 hae
802 352 938 381 sublimi
970 354 1001 380 et
1035 361 1055 381 a
1082 351 1172 390 vulgi
1204 356 1302 393 captu
1338 359 1462 383 semota
1494 355 1631 384 seientia
1664 355 1802 384 ulterius
1838 359 1869 385 et

68 394 200 434 plenius
227 394 409 425 excolenda
435 397 594 435 adjuvent
619 401 650 427 et
675 402 905 438 promoveant,
933 399 1054 438 quibus
1083 408 1217 437 possum
1242 400 1398 439 precibus
1425 401 1545 431 obnixe
1572 405 1603 431 et
1623 400 1768 431 officiose
1789 411 1865 438 rogo

70 444 169 481 atque
196 442 356 471 obtestor:
384 443 519 473 fecerint
543 445 590 473 sie
616 453 686 474 meo
706 444 857 483 equidem
880 444 1007 483 jndicio
1034 445 1188 484 lieipubl.
1214 444 1408 484 litterariae,
1434 448 1610 488 praecipue
1636 458 1711 477 vero
1738 448 1868 478 divinae

72 485 162 517 illius
187 487 422 519 Astronomiae
448 491 616 531 totiusque
644 491 792 520 eruditae.
819 491 1002 521 matheseos
1030 492 1172 522 alumnis
1198 502 1264 522 rem
1291 492 1467 523 admodum
1487 494 1600 524 utilem
1628 498 1727 536 atque
1753 504 1869 535 accep-

70 538 154 572 tam,
190 535 269 575 quin
305 540 338 564 et
364 544 427 565 non
456 536 573 566 saltem
607 537 670 578 ipsi
698 537 744 567 M.
771 537 913 578 Keplero
951 538 1173 579 commodam,
1211 539 1267 569 sed
1302 542 1334 569 et
1368 540 1447 570 mihi
1482 541 1522 569 ob
1551 541 1731 571 conformia
1757 541 1869 572 studia.

70 581 167 618 longe
201 582 425 621 gratissimam
461 593 496 612 ac
522 593 721 624 quoeunque
753 593 811 624 per
842 594 893 614 me
919 585 1049 614 licuerit
1082 583 1190 615 officio
1226 586 1372 616 vicissim
1404 588 1681 627 compensandam
1716 591 1746 618 et
1772 589 1868 618 obse-

74 627 192 667 quiosa
217 633 324 658 mente
350 633 511 668 perpetuo
547 630 766 662 recolendam.
815 632 854 661 In
880 641 1017 670 quorum
1051 633 1197 661 omnium
1225 632 1462 664 evidentiorem
1489 637 1520 663 et
1543 633 1725 674 pleniorem
1751 633 1870 665 testifi-

74 674 236 704 cationem
269 674 416 712 sigillum
451 686 557 706 menni
589 678 730 718 apposui
767 681 797 707 et
828 679 963 718 propria
1001 688 1099 708 manu
1132 679 1326 720 subscripsi.
1379 679 1499 710 Actum
1535 681 1569 710 in
1604 690 1677 712 aree
1711 680 1871 712 Caesarea

74 720 275 751 Bennaticha
302 722 479 753 inchoante
505 733 615 754 ine-nse
641 724 753 763 Junio,
781 725 877 755 Anno
908 726 1008 758 1600.

346 768 381 802 S.
1233 772 1347 811 Tycho
1374 773 1478 803 Brahe
1507 783 1604 804 manu
1630 775 1776 815 propria.

208 823 289 858 Etsi
320 823 497 868 Keplerus
528 825 776 860 consentiente
801 825 972 870 Tyehone
1001 826 1163 861 Graiium
1192 827 1349 863 redierat
1377 833 1411 862 et
1446 829 1597 864 reditum
1629 841 1707 864 cum
1738 830 1872 865 familia

71 883 304 927 promiserat,
342 882 455 917 nihilo
491 883 609 918 minus
642 883 684 917 de
710 883 828 918 reditu
864 883 1068 927 dubitabat,
1105 884 1200 928 quod
1228 896 1270 919 ex
1298 885 1354 921 his
1381 886 1425 920 ad
1451 886 1748 922 Maestlinum
1778 887 1869 923 datis

70 940 184 976 literis
211 942 338 985 (Gratii
364 944 395 976 d.
425 946 476 976 19.
503 944 596 984 Sept..
627 942 743 986 1600.)
771 947 941 986 apparet:

210 1002 391 1040 Calendis
423 1003 532 1043 Junii
566 1003 754 1042 Benatica
788 1004 948 1042 discessi
983 1003 1162 1042 Gratium
1193 1015 1348 1052 versus3
1383 1006 1580 1053 negotium
1602 1005 1740 1055 reliqui
1773 1019 1870 1056 pen-

73 1061 217 1100 dulum.
279 1061 431 1099 Tardae
464 1066 552 1099 sunt
585 1062 851 1111 expeditiones
884 1062 1046 1100 aulicae.
1099 1062 1319 1101 Potuissem
1350 1063 1689 1102 intercessionibus
1717 1067 1871 1114 optimis

71 1120 228 1169 adjutus
271 1122 307 1156 in
349 1119 527 1157 Caesaris
568 1122 726 1158 servitio
767 1121 1001 1171 stipendium
1045 1122 1188 1168 faeere,
1234 1120 1302 1158 sed
1344 1133 1403 1159 me
1447 1123 1613 1170 vestigia
1655 1129 1871 1161 terruerunt

71 1178 276 1228 splendida
307 1179 501 1227 stipendia
531 1181 778 1226 merentium,
822 1182 887 1216 vix
924 1179 1124 1216 dimidium
1163 1180 1308 1228 ingenti
1343 1192 1428 1217 cum
1470 1179 1698 1219 difficultate
1739 1188 1870 1220 extor-

69 1238 279 1286 quentium.
341 1237 479 1286 Itaque
511 1237 737 1286 Tychouem
771 1239 868 1276 inter
899 1245 938 1276 et
970 1250 1028 1275 me
1060 1239 1115 1275 sie
1147 1239 1339 1284 convenit,
1374 1243 1416 1275 ut
1448 1237 1572 1276 Gratii
1605 1238 1736 1277 literas
1770 1240 1872 1278 Cae-

69 1298 164 1333 saris
197 1300 472 1344 exspectarem,
508 1297 648 1344 qnibns
683 1297 911 1343 efficeretur,
946 1303 986 1334 ut
1019 1301 1167 1334 retento
1201 1297 1342 1334 salario
1375 1296 1550 1346 Styriaco
1583 1309 1650 1346 per
1681 1309 1799 1336 unum
1834 1304 1871 1337 et

69 1354 231 1392 alterum
276 1365 418 1391 annum
460 1355 496 1390 in
530 1355 757 1393 ssohemiam
789 1356 1016 1404 migrarem,
1062 1356 1202 1404 quibus
1235 1367 1321 1393 cum
1353 1355 1474 1393 literis
1506 1357 1720 1394 mitteretur
1753 1359 1870 1395 etiam

70 1414 270 1451 viaticum.
304 1434 354 1440 â€”

206 1470 282 1508 Sed
316 1470 485 1508 ordinem
518 1483 658 1520 sequor
681 1477 890 1509 eventuum
922 1471 1088 1521 ideoque
1117 1471 1287 1519 jucunda
1320 1471 1469 1509 acerbis
1501 1472 1657 1511 misceo.
1690 1471 1871 1511 Calendis

73 1530 240 1577 Augusti
284 1529 388 1567 mille
429 1529 596 1578 amplius
629 1531 780 1568 civibus
813 1536 850 1568 et
880 1529 1178 1579 provincialium
1209 1531 1393 1567 ministris
1435 1531 1471 1567 in
1514 1531 1606 1568 urbe
1639 1531 1731 1579 hac,
1775 1533 1872 1570 inter

68 1587 138 1624 hos
171 1593 207 1625 et
240 1588 346 1635 mihi,
389 1594 619 1637 perpetuum
651 1595 709 1626 est
742 1588 927 1626 indictum
961 1588 1118 1627 exilium
1159 1590 1259 1626 intra
1291 1587 1372 1626 dies
1407 1592 1472 1626 45.
1536 1589 1737 1626 Vilissima
1768 1590 1873 1628 facta

71 1651 129 1682 est
158 1646 336 1695 supellex
381 1648 523 1694 omnis,
565 1648 730 1696 pecunia
761 1647 869 1684 nulla
910 1649 983 1684 nisi
1016 1649 1165 1684 minuta
1196 1645 1391 1695 Ungariea
1423 1649 1521 1684 inter
1552 1647 1727 1686 homines
1759 1660 1871 1686 exer-

70 1709 196 1752 cetur,
241 1704 483 1743 decimantur
524 1706 627 1743 boua
659 1708 788 1744 omnia
822 1705 1038 1755 diligenter.
1099 1705 1160 1742 Tu
1192 1711 1320 1743 cetera
1352 1705 1453 1743 mala
1487 1706 1647 1755 conjice.
1708 1706 1870 1744 Renun-

69 1763 168 1799 ciavi
201 1762 275 1801 hoc
307 1763 485 1811 Pragam.
548 1764 760 1813 Rescripsit
791 1764 949 1814 Tyeho,
989 1764 1072 1813 jam
1113 1776 1173 1802 me
1207 1776 1230 1801 a
1261 1775 1302 1801 se
1346 1770 1524 1802 oretenus
1561 1771 1598 1802 et
1630 1767 1870 1803 nominatum

69 1820 224 1858 Caesari
258 1817 300 1859 et'
327 1822 596 1871 approbatum,
629 1824 734 1860 solas
766 1824 981 1871 exspectari
1013 1823 1144 1860 literas
1177 1821 1223 1860 de
1255 1822 1328 1860 hae
1359 1834 1418 1870 re3
1453 1828 1491 1860 at
1524 1824 1616 1871 quia
1647 1817 1871 1872 perturbata

68 1880 145 1916 sint
177 1880 338 1917 consilia
371 1886 526 1929 propter
559 1882 757 1930 exspirans
789 1881 973 1919 salarium
1006 1881 1225 1931 Styriacum
1258 1881 1498 1930 (renunciavi
1533 1883 1645 1929 enim,
1678 1883 1800 1919 iturus
1832 1884 1869 1919 in

69 1939 233 1985 patriam
268 1945 305 1976 et
338 1938 456 1976 alium
490 1938 688 1976 dominum
720 1941 966 1988 quaesiturus
999 1939 1156 1989 libere),
1200 1939 1339 1976 suadet
1370 1939 1635 1987 veliementer,
1679 1946 1720 1977 ut
1752 1941 1870 1979 missa

72 1996 371 2044 Wirtembergia
393 1998 429 2033 in
453 1997 680 2035 Bohemiam
703 2010 818 2045 quam
842 1999 1005 2047 priorum
1029 1999 1212 2036 venirem.
1251 1997 1425 2034 Incertus
1449 1997 1600 2035 haereo.
1654 1998 1718 2035 Sic
1741 2004 1870 2037 tamen

71 2054 255 2101 meditor,
300 2055 475 2093 Lineium
516 2058 567 2094 ire
601 2068 686 2093 enm
717 2055 866 2094 familia
898 2068 1021 2105 eaque
1054 2057 1106 2093 ibi
1139 2056 1272 2094 relicta
1304 2055 1469 2104 Pragam
1501 2063 1630 2105 petere
1671 2057 1798 2104 solus,
1834 2063 1870 2095 et

72 2124 147 2161 quo
181 2114 267 2150 loco
299 2115 370 2151 sim
403 2114 563 2161 futurus,
599 2115 702 2163 quod
735 2115 935 2153 habiturus
968 2114 1162 2162 salarium,
1197 2126 1313 2163 quam
1344 2126 1453 2163 spem
1486 2115 1569 2163 ejus
1602 2116 1868 2164 extorquendi,

70 2173 308 2219 provisurus,
340 2179 528 2221 quantum
560 2173 693 2210 divina
723 2175 847 2223 gratia
891 2173 982 2210 milii
1014 2173 1228 2210 indulserit.
1293 2172 1343 2210 At
1375 2174 1407 2209 si
1440 2184 1582 2221 magna
1612 2174 1689 2211 sint
1720 2176 1869 2211 incom-

71 2229 185 2267 moda
214 2230 354 2277 futura,
388 2242 565 2269 reversus
587 2231 764 2269 Lineium
797 2244 883 2270 eum
914 2230 1062 2269 familia
1092 2243 1161 2280 per
1184 2231 1406 2268 Danubium
1439 2231 1487 2268 ad
1521 2243 1590 2269 vos
1623 2232 1868 2279 contendam,

71 2287 156 2326 Deo
192 2289 310 2325 vitam
351 2295 596 2338 prorogante.
660 2290 880 2328 Medicinae
914 2301 1065 2327 cursum
1107 2289 1356 2338 auspicabor,
1399 2289 1541 2327 dabitis
1581 2290 1673 2327 mihi
1706 2291 1868 2329 tortasse

70 2347 438 2395 professiunenlam,
482 2349 573 2396 qnia
605 2349 823 2387 mehercule
856 2361 903 2386 ex
935 2348 1054 2386 divite
1088 2349 1124 2384 in
1157 2360 1224 2396 spe
1256 2348 1380 2385 faetus
1412 2360 1497 2385 sum
1529 2349 1796 2397 pauperrimus
1829 2361 1868 2386 re

69 2406 165 2453 ipsa.
220 2404 387 2443 Uxorem
420 2408 519 2443 enim
553 2406 644 2444 duxi
678 2420 723 2445 ex
756 2406 950 2456 locuplete
974 2406 1100 2453 domo,
1134 2407 1244 2455 enjus
1276 2411 1358 2443 tota
1390 2408 1570 2455 cognatio
1593 2409 1629 2443 in
1654 2407 1788 2445 eadem
1811 2415 1868 2445 est

68 2464 185 2511 navi,
219 2469 258 2501 at
290 2469 372 2501 tota
403 2465 572 2513 ipsorum
605 2466 826 2503 substantia
858 2469 914 2502 est
946 2467 983 2502 in
1015 2464 1292 2511 immobilibus,
1327 2476 1425 2513 quae
1448 2470 1537 2502 sunt
1558 2465 1758 2512 vilissima,
1793 2467 1869 2502 imo

68 2533 114 2558 ne
158 2521 312 2569 quidem
356 2522 581 2561 vendibilia.
644 2523 787 2562 Omnes
832 2523 906 2560 illis
949 2523 1101 2560 inhiant
1142 2525 1223 2560 sine
1262 2524 1400 2572 pretio.
1463 2523 1627 2560 Cautum
1671 2525 1771 2560 enim
1812 2532 1869 2560 est

69 2579 222 2617 decreto
255 2581 449 2629 principis,
482 2593 530 2618 ne
563 2583 648 2630 quis
683 2594 727 2620 ea
761 2584 872 2626 bona,
907 2593 1007 2630 quae
1037 2593 1114 2619 non
1149 2581 1365 2619 vendiderit
1395 2582 1494 2618 intra
1528 2584 1579 2619 45
1615 2581 1718 2627 dies,
1752 2581 1867 2618 alicui

67 2638 263 2686 pontificio
299 2638 425 2675 locare
458 2640 593 2687 possit.
627 2661 681 2667 â€”
714 2640 810 2677 Sunt
843 2640 939 2677 haee
962 2640 1117 2686 quidem
1139 2641 1286 2688 gravia,
1320 2644 1359 2676 at
1390 2650 1467 2676 non
1499 2639 1736 2685 crediderim,
1769 2639 1867 2676 adeo

70 2696 180 2733 dulce
215 2708 299 2734 esse
333 2707 401 2744 pro
441 2696 647 2745 religione,
693 2710 761 2746 pro
795 2698 934 2736 Christi
973 2698 1118 2735 honore
1161 2709 1246 2735 eum
1289 2696 1532 2745 aliquantulo
1565 2701 1678 2735 coetu
1709 2697 1866 2735 fratrum

72 2755 224 2800 damna,
260 2754 515 2792 contumelias
546 2757 639 2803 pati,
674 2756 821 2796 domos,
856 2767 992 2803 agros,
1026 2757 1182 2802 amicos,
1216 2756 1380 2804 patriam
1414 2754 1600 2793 deserere.
1661 2754 1702 2792 Si
1734 2767 1866 2793 verum

69 2815 292 2862 martyrium
326 2817 364 2849 et
396 2814 499 2850 vitae
529 2813 682 2861 jactura
713 2815 962 2862 proportione
995 2813 1162 2862 quadam
1190 2812 1411 2862 respondet,
1445 2818 1486 2849 ut
1510 2823 1586 2860 quo
1608 2813 1734 2862 majus
1757 2813 1868 2851 dam-

70 2882 158 2907 num
204 2872 276 2908 hoe
315 2871 439 2919 major
481 2871 632 2908 laetitia
671 2872 742 2908 sit:
797 2870 909 2909 facile
952 2877 1010 2908 est
1050 2877 1088 2908 et
1131 2871 1226 2908 mori
1266 2882 1334 2919 pro
1374 2869 1571 2918 religione.
1629 2870 1716 2908 Non
1759 2883 1867 2909 cesso

69 2934 195 2966 tamen
237 2929 375 2966 luctari
407 2934 444 2966 et
477 2940 562 2966 eum
604 2929 857 2966 incommodis
899 2929 1199 2977 temporalibus,
1243 2935 1284 2966 ut
1323 2928 1450 2965 banno
1489 2927 1639 2975 solvar,
1679 2941 1726 2967 ne
1759 2929 1867 2968 deei-

67 2992 218 3024 mentur
249 2988 352 3024 bona
382 2988 513 3024 uxoris
546 2999 676 3034 meae,
719 2992 946 3036 argumento
985 2998 1007 3022 a
1040 2998 1126 3024 mea
1164 2987 1405 3023 restitutione
1445 2991 1558 3034 capto
1591 2993 1635 3032 (v.
1670 3002 1696 3024 s.
1722 3003 1756 3033 p.
1784 2993 1865 3035 704)

68 3055 114 3082 ne.
146 3046 195 3082 sit
227 3056 273 3082 ea
303 3046 397 3083 mihi
429 3045 551 3083 fraudi
584 3047 715 3094 potins
749 3057 864 3095 quani
900 3045 1014 3081 bono.
1074 3044 1174 3082 Nam
1205 3045 1236 3081 si
1269 3051 1357 3082 ante
1390 3045 1586 3082 biennium
1616 3057 1692 3083 non
1725 3046 1863 3085 rediis-

67 3114 157 3150 sem,
192 3102 488 3143 decimationem
534 3103 752 3154 effugissem
792 3111 830 3142 et
872 3102 994 3142 multa
1024 3102 1113 3142 alia.
1175 3102 1239 3141 Sic
1270 3108 1359 3141 sunt
1390 3101 1545 3156 á¼Ï‡Î¸ÏÏ‰Â»
1576 3101 1714 3156 á¼€Î´Ï‰ÏÎ±
1745 3108 1862 3158 Î´Ï‰ÏÎ±,
