2126 3388
954 133 1057 171 1618.
1816 140 1901 187 355

98 255 143 293 In
174 256 328 294 nomine
358 255 446 304 Dei,
478 256 595 306 agite,
626 255 797 294 fruimini
827 255 1014 302 moribus,
1046 256 1214 304 statutis,
1248 257 1435 307 exemplis
1467 259 1638 310 antiquis
1669 259 1903 310 praedeces-

97 325 247 362 sorum,
280 313 376 352 nihil
409 316 448 351 in
479 326 540 353 me
571 316 684 363 novi,
725 314 830 365 quod
864 313 1043 364 exemplo
1075 316 1200 364 possit
1232 326 1317 354 esse
1350 315 1398 354 ad
1429 323 1591 366 ceteros,
1624 321 1804 369 statuite3
1838 333 1903 359 ar·

98 376 180 411 cete
210 384 271 411 me
305 377 434 411 vestra
474 374 745 413 communione
784 378 942 423 propter
982 374 1263 422 ingenuitatem
1295 374 1395 412 hanc
1426 388 1570 425 meam,
1614 377 1719 426 quod
1750 379 1788 415 in
1821 390 1901 418 uno

96 431 260 469 articulo
293 430 340 469 de
374 433 702 481 omnipraesentia
735 433 859 470 carnis
892 430 1035 468 Christi
1069 434 1283 481 ceterisque
1315 433 1413 471 adeo
1445 435 1642 474 attributis
1663 436 1757 474 mihi
1790 442 1903 476 vete-

94 501 177 527 rum
209 494 362 539 patrum
395 490 556 540 phrases
589 491 1028 540 argumentationesque
1069 495 1105 528 et
1142 492 1354 540 scripturae
1396 491 1584 531 dictorum
1623 494 1902 544 explicationes

94 549 218 597 magis
249 549 406 597 probari
436 548 637 598 profiteor,
682 561 798 597 quam
831 553 982 587 vestras
1013 550 1050 585 in
1083 548 1249 586 formula
1280 550 1530 599 concordiae3
1567 552 1682 591 facite
1715 565 1760 591 ex
1791 566 1902 592 sacra

95 606 376 645 Communione
408 612 539 645 notam
574 607 829 645 consessionis
863 611 1015 645 vestrae
1048 608 1085 643 in
1117 607 1472 656 particularissimis
1503 609 1609 648 hisce
1631 614 1781 661 urgenti
1808 613 1902 650 mihi

94 670 345 714 praeceptum
378 665 538 712 Christi,
574 665 706 702 datum
738 665 848 703 laicis
892 665 1090 703 omnibus:
1141 665 1240 714 „hoc
1278 666 1392 706 facite
1434 669 1473 704 in
1504 679 1630 706 meam
1663 682 1901 709 commemo-

90 725 292 770 rationem,
324 724 556 762 annunciate
588 728 750 762 mortem
778 720 946 771 meam“,
990 724 1174 772 opponite
1207 735 1278 762 vos
1311 727 1663 774 (inmarginezquod
1677 730 1811 766 factum
1827 732 1900 776 est)

89 787 340 831 praeceptum
372 781 504 819 datum
537 783 720 820 ministris
753 788 790 820 et
822 781 1156 830 dispensatoribus
1188 784 1461 832 mysteriorum
1484 784 1578 822 Dei:
1629 786 1774 834 „nolite
1807 787 1899 826 dare

93 845 269 878 sanctum
301 840 505 887 canibus“,
539 841 612 878 sim
645 841 770 888 vobis,
801 839 898 890 proh
932 839 1063 887 dolor,
1105 839 1330 890 habearque
1371 853 1440 891 pro
1472 843 1663 891 spirituali
1696 856 1790 883 cane
1821 857 1900 884 non

93 903 251 949 propter
291 899 413 936 ullum
455 899 560 937 vitae
599 911 785 945 naevum,
827 897 896 937 sed
927 902 1083 947 propter
1115 898 1216 936 hanc
1253 900 1429 948 unicam,
1475 906 1516 938 ut
1547 912 1619 939 vos
1651 902 1748 941 forte
1779 905 1900 942 inter-

89 958 314 1007 pretamini,
357 959 641 1006 arrogantiam,
684 962 726 995 ut
758 968 830 1006 ego
869 956 1063 1006 profiteor,
1102 957 1381 1006 ingenuitatem
1415 970 1562 1007 meam,
1610 960 1714 1009 quod
1746 963 1783 999 in
1825 962 1900 1001 hoc

91 1017 206 1053 unico
247 1021 391 1065 puncto
434 1016 524 1054 nolo
567 1015 742 1065 linguam
773 1028 796 1054 a
827 1027 915 1053 mea
955 1016 1198 1064 penitissima
1238 1020 1366 1054 mente
1409 1016 1610 1056 deflectere
1645 1019 1695 1056 ad
1729 1025 1899 1059 vestram

92 1073 279 1113 formulae
323 1074 572 1122 concordiae,
615 1074 801 1123 aliudque
844 1085 960 1123 quam
998 1075 1103 1111 intus
1144 1075 1270 1112 sentio
1312 1075 1404 1113 soris
1440 1076 1610 1125 profiteri
1650 1077 1898 1118 obedientiae

96 1144 213 1171 causa
245 1134 283 1170 in
315 1132 606 1182 Praeceptores‚
639 1137 681 1171 ut
715 1144 785 1170 vos
807 1132 967 1181 putatis,
1001 1137 1043 1170 ut
1065 1143 1136 1181 ego
1159 1144 1264 1179 vero,
1296 1133 1555 1172 simulationis
1588 1139 1624 1173 et
1644 1135 1898 1186 hypocriseos

92 1189 425 1242 αὐτοκατακριτου
442 1191 556 1240 fuga,
580 1203 667 1230 cum
696 1192 817 1229 sciam
841 1193 1114 1242 πληροφοριαν
1133 1192 1277 1240 requiri
1308 1193 1348 1228 in
1370 1193 1484 1231 rebus
1508 1192 1609 1241 fidei,
1643 1205 1743 1243 quae
1765 1201 1897 1235 tamen

90 1263 113 1289 a
143 1261 204 1288 me
242 1254 375 1300 posset
412 1250 605 1299 proficisci
646 1249 954 1289 sinescandalo
996 1250 1179 1298 proximi,
1223 1254 1265 1287 ut
1307 1252 1367 1288 cui
1408 1263 1524 1300 super
1565 1251 1703 1290 iisdem
1745 1266 1897 1292 mecum

89 1310 242 1358 punctis
273 1308 395 1346 multo
428 1310 554 1346 minus
587 1310 749 1347 oriretur
780 1307 862 1346 ulla
894 1307 1099 1355 dubitatio,
1133 1319 1251 1357 quam
1282 1320 1403 1358 nunc,
1435 1311 1503 1348 ubi
1534 1322 1596 1349 me
1627 1311 1734 1350 videt
1766 1312 1899 1351 audit-

89 1378 164 1417 que
197 1367 247 1405 ob
279 1366 591 1417 qualemcunque
625 1366 842 1404 dissensum
873 1378 1002 1404 meum
1034 1365 1198 1406 excludi.

229 1425 281 1463 At
311 1437 372 1464 me
405 1427 576 1463 vicissim
600 1425 776 1463 Christus
797 1436 1000 1474 supremus
1031 1429 1165 1474 pastor
1196 1426 1411 1464 animarum
1442 1431 1659 1465 nostrarum
1690 1427 1897 1478 custodiat,

86 1495 134 1522 ne
165 1483 225 1521 his
257 1484 370 1522 malis
417 1485 671 1522 exacerbatus
715 1496 762 1522 ex
794 1483 960 1522 adverso
994 1483 1208 1533 quidquam
1241 1485 1277 1520 in
1309 1496 1371 1523 me
1403 1484 1627 1533 admittam,
1665 1486 1770 1535 quod
1803 1499 1899 1526 con-

86 1543 289 1580 scientiam
320 1542 456 1581 laedat
486 1555 624 1591 meam,
658 1542 769 1592 cujus
803 1541 957 1592 quidem
988 1543 1115 1592 gratia
1146 1542 1273 1581 adhuc
1304 1555 1512 1592 persevero
1545 1544 1583 1581 in
1611 1546 1786 1593 caritate,
1819 1558 1898 1596 qua

87 1601 218 1639 omnia
241 1601 384 1639 Christi
421 1602 596 1639 membra
630 1612 778 1650 vosque
809 1602 908 1639 inter
940 1604 1068 1639 cetera
1101 1605 1139 1640 et
1160 1605 1250 1640 ante
1283 1612 1416 1640 omnes
1449 1607 1490 1640 ut
1522 1603 1746 1652 spirituales
1766 1609 1897 1654 patres

86 1660 124 1697 in
158 1660 337 1698 omnibus
376 1659 575 1709 religionis
617 1660 811 1709 capitibus
852 1660 990 1698 ceteris
1022 1658 1079 1711 (ut
1110 1658 1286 1698 homines
1318 1658 1463 1713 tamen)
1504 1662 1757 1711 complector:
1806 1675 1898 1713 per-

88 1730 226 1756 severo
259 1719 297 1755 in
330 1718 459 1756 studio
493 1720 669 1757 veritatis
702 1723 739 1756 et
771 1718 1029 1756 detestatione
1062 1729 1244 1766 errorum,
1277 1718 1391 1757 doleo
1425 1731 1470 1758 ex
1502 1721 1630 1758 animo
1663 1721 1787 1758 vicem
1821 1723 1898 1759 Ar—

85 1778 352 1815 menianorum
384 1778 422 1814 in
455 1777 606 1826 Belgio,
640 1776 745 1826 quod
775 1776 911 1814 fraude
933 1776 1177 1826 quorundam
1211 1778 1247 1814 in
1281 1779 1424 1816 crimen
1455 1779 1687 1828 proditionis
1715 1781 1899 1829 pertracti

84 1839 194 1884 sunt;
237 1834 427 1874 sollicitus
459 1848 545 1874 sum
578 1835 624 1874 de
657 1837 770 1885 ipsis,
803 1847 851 1873 ne
884 1834 1056 1873 damnati
1098 1836 1135 1872 in
1163 1835 1314 1886 synodo
1343 1836 1425 1886 jam
1459 1841 1621 1876 coeunte
1653 1838 1898 1888 naufragium

84 1894 288 1943 patiantur
333 1895 434 1932 circa
475 1895 681 1932 veritatem
721 1898 900 1943 respectu
931 1893 1192 1932 multitudinis
1223 1894 1436 1933 hominum.
1498 1896 1597 1934 Nam
1628 1907 1697 1946 pro
1729 1899 1896 1937 veritate

85 1954 185 2002 ipsa,
220 1954 315 1991 citra
346 1954 587 2002 privatorum
619 1952 823 1991 hominum
854 1951 1133 1991 collabentium
1164 1958 1394 2002 respectum,
1428 1965 1504 1992 non
1537 1959 1595 1994 est
1627 1966 1739 2004 opuS,
1772 1961 1815 1994 ut
1847 1956 1894 1996 de

83 2011 333 2061 providentia
354 2011 431 2049 Dei
455 2011 654 2060 dubitem3
688 2011 793 2061 quod
824 2022 917 2049 vero
949 2011 1050 2049 hanc
1081 2011 1346 2050 exclusionem
1380 2024 1505 2052 meam
1538 2015 1688 2060 attinet,
1724 2015 1797 2052 etsi
1817 2026 1895 2053 non

84 2081 223 2108 censeo
256 2069 518 2108 amoliendam
549 2082 617 2120 per
648 2070 932 2108 confessionem
964 2070 1151 2118 fucatam,
1193 2082 1269 2108 non
1302 2076 1432 2110 tamen
1466 2083 1550 2110 eam
1583 2077 1788 2110 contemno
1820 2084 1892 2113 nee

82 2140 128 2166 ea
159 2127 303 2176 exulto,
337 2128 405 2166 sed
437 2128 565 2166 Deum
598 2139 678 2177 oro,
721 2133 764 2166 ut
794 2129 932 2178 spiritu
963 2139 1036 2166 suo
1067 2133 1203 2167 sancto
1234 2129 1327 2167 mihi
1360 2129 1483 2178 adsit,
1517 2142 1564 2169 ne
1597 2130 1689 2180 quid
1722 2131 1813 2168 olim
1846 2143 1893 2171 ea

82 2186 240 2235 dignum
272 2188 310 2224 in
341 2198 403 2225 me
435 2186 661 2235 admittam,
694 2188 750 2225 sic
782 2188 900 2225 etiam
933 2198 993 2225 me
1026 2198 1220 2238 comparo,
1253 2193 1296 2226 ut
1328 2190 1365 2226 in
1398 2189 1472 2227 hoc
1504 2188 1680 2228 dissensu
1702 2201 1788 2228 meo
1810 2201 1888 2228 non

76 2244 198 2295 judex
230 2250 369 2292 vester,
405 2247 549 2295 quippe
581 2245 704 2284 laicus
736 2247 832 2296 ipse,
865 2244 934 2283 sed
967 2247 1227 2284 conscientiae
1259 2248 1436 2296 privatae
1467 2247 1636 2286 mundae
1668 2252 1798 2286 custos
1829 2249 1892 2286 in-

81 2305 230 2351 veniar,
263 2309 301 2342 et
332 2308 374 2341 ut
404 2306 696 2354 persecutiones
728 2305 834 2342 bona
866 2305 1107 2342 conscientia
1138 2304 1279 2353 feram,
1323 2307 1356 2344 si
1387 2306 1484 2343 nihil
1521 2311 1655 2344 contra
1686 2318 1771 2345 eam
1804 2318 1890 2345 cum

78 2362 225 2412 populo
259 2367 296 2401 et
329 2364 442 2411 quasi
474 2363 608 2414 populi
639 2362 769 2401 studio
803 2362 1087 2401 defendendum
1108 2365 1331 2413 suscipiam,
1364 2363 1576 2402 secundum
1599 2364 1890 2403 saluberrimam

80 2426 118 2459 et
151 2432 239 2458 vere
271 2420 528 2470 apostolicam
560 2421 865 2460 admonitionem
898 2421 1192 2472 Archiepiscopi
1224 2422 1479 2472 Spalatiensis
1501 2423 1623 2462 Marci
1647 2423 1808 2462 Antonii
1841 2422 1888 2462 de

80 2479 259 2516 Dominis
297 2480 379 2525 (cfr.
405 2481 475 2516 vol.
503 2482 531 2519 Ι.
558 2493 592 2526 p.
621 2482 726 2526 659);
769 2479 948 2517 consolor
978 2491 1052 2527 me,
1085 2479 1188 2529 quod
1220 2480 1328 2519 firmo
1361 2483 1479 2519 animi
1511 2483 1711 2532 proposito
1748 2481 1831 2530 jam
1863 2493 1887 2519 a

79 2536 210 2574 multis
241 2539 353 2575 annis
386 2537 608 2588 complexus
641 2550 727 2575 sum
758 2542 1008 2588 praeceptum
1038 2538 1136 2576 illud
1169 2538 1261 2577 dicti
1293 2540 1477 2590 Episcopi
1509 2540 1693 2587 alterum,
1727 2545 1769 2577 ut
1800 2552 1887 2578 ma-

79 2607 239 2634 neamus
280 2596 444 2645 primum
484 2598 521 2633 in
562 2597 705 2646 apertis
748 2596 860 2634 dictis
892 2596 932 2636 S,
966 2596 1201 2647 Scripturae,
1242 2597 1380 2636 deinde
1411 2600 1443 2636 si
1477 2598 1682 2636 videantur
1713 2609 1887 2647 pugnare

77 2654 177 2701 loca,
210 2658 253 2691 ut
283 2652 363 2700 illa,
400 2653 542 2703 „vado,
577 2659 614 2692 et
645 2655 849 2692 vobiscum
892 2652 1018 2701 sum“,
1062 2656 1100 2692 in
1142 2656 1460 2706 interpretatione
1491 2656 1561 2695 SS.
1593 2656 1775 2702 patrum,
1820 2657 1887 2705 qui

81 2712 179 2750 haec
211 2712 503 2750 contentionum
534 2716 711 2762 tempora
740 2717 1049 2759 antecesserunt,
1091 2714 1129 2750 in
1161 2718 1349 2762 quantum
1380 2714 1448 2753 illa
1478 2725 1555 2752 non
1586 2718 1715 2763 potest
1747 2715 1885 2753 erroris

79 2771 239 2819 coargui
272 2770 321 2807 ab
354 2769 539 2819 analogia
569 2769 658 2808 fidei
681 2774 718 2808 et
740 2770 947 2809 collatione
972 2770 1205 2821 Scripturae.
1248 2772 1323 2810 Pro
1354 2773 1540 2811 ecclesiae
1573 2782 1666 2810 vero
1698 2771 1885 2810 trifariam

81 2829 233 2868 divisae
265 2827 503 2866 adunatione
546 2828 628 2877 ipse
672 2839 758 2866 cum
788 2828 938 2866 familia
968 2840 1055 2866 mea
1087 2828 1316 2877 quotidiana
1345 2835 1440 2869 vota
1480 2830 1580 2867 facio
1613 2830 1882 2880 existimoque,

81 2898 158 2924 non
192 2888 347 2925 omnino
380 2888 553 2936 ineptum
584 2886 645 2923 his
677 2886 915 2936 temporibus
948 2886 1136 2934 obtigisse
1168 2887 1390 2936 chirurgum
1422 2887 1470 2926 ad
1502 2889 1578 2925 ista
1597 2887 1773 2926 sananda
1795 2889 1884 2926 vul-

80 2957 184 2991 nera,
216 2945 325 2982 illum
358 2956 472 2994 quem
503 2943 618 2981 modo
649 2945 850 2981 nominavi
869 2943 923 2981 M.
948 2944 1173 2991 Antonium,
1205 2946 1280 2982 nisi
1301 2945 1405 2994 quod
1437 2957 1526 2984 caro
1558 2945 1725 2995 putrida,
1758 2951 1882 2985 totum

80 3003 222 3041 vulnus
253 3002 448 3052 obsidens,
482 3004 587 3053 prius
618 3001 825 3041 recidenda
856 3006 913 3040 est
945 3002 1076 3040 cultris
1113 3003 1305 3051 generalis
1336 3004 1503 3053 alicujus
1535 3004 1628 3042 belli
1661 3003 1882 3044 Germanici

80 3073 196 3112 super
225 3061 433 3111 religione,
466 3059 570 3111 quod
600 3062 731 3099 nescio
764 3072 811 3099 an
844 3059 1084 3100 incenderint
1116 3061 1302 3109 Bohemi,
1340 3066 1377 3101 et
1408 3063 1497 3111 igne
1530 3062 1724 3101 exurenda
1755 3064 1881 3102 tribu-

80 3119 269 3159 lationum
302 3124 341 3160 et
369 3120 622 3159 afflictionum
654 3120 859 3161 variarum.
921 3118 1024 3158 Fieri
1055 3130 1148 3159 sane
1179 3124 1319 3171 potest,
1353 3120 1459 3173 quod
1488 3132 1565 3160 uon
1595 3122 1679 3161 voti
1707 3120 1777 3162 sed
1807 3121 1880 3163 ad·
