2157 3398
239 136 323 181 664
652 133 888 170 Summarium
911 132 1091 169 Historiae
1114 132 1365 170 Astronomiae
1389 133 1512 170 seculo
1535 132 1631 170 XVI.

239 254 395 289 moniam
421 253 630 295 efformant‚
665 254 705 286 ut
730 250 888 295 corpori,
925 249 1020 294 quod
1045 250 1081 283 in
1108 249 1305 294 angustiori
1338 253 1374 284 et
1399 253 1520 284 centro
1547 250 1682 285 Terrae
1706 250 1865 296 propiori
1891 250 2024 286 circulo

240 312 379 356 agitur,
405 311 548 347 brevius
574 314 727 354 tempus,
755 308 850 353 quod
874 309 909 342 in
935 307 1101 351 ampliori
1126 307 1255 351 cietur,
1280 307 1422 351 longius
1448 307 1494 342 ad
1519 307 1704 342 circularis
1728 312 1845 344 motus
1872 308 2026 354 comple-

174 398 177 399 .
239 370 373 405 tionem
399 369 598 404 attribuant
618 395 624 401 .
645 394 654 403 .
674 394 683 403 .
705 395 713 402 .
762 368 884 410 Terra,
911 364 1064 400 eundem
1087 364 1206 400 locum
1230 365 1265 399 in
1290 365 1412 400 mundi
1436 365 1554 400 medio
1579 368 1727 410 tenens,
1761 377 1832 401 non
1857 367 1961 400 aliter
1984 377 2026 401 ac

243 427 410 473 globulus
436 425 577 460 mobilis
603 425 733 470 parieti
757 425 857 459 clavo
884 433 947 458 seu
972 423 1032 457 axi
1056 422 1187 458 affixus
1212 423 1524 468 circumgyratur.“
1574 423 1714 458 Lunam
1740 429 1775 459 et
1799 424 1918 460 Solem
1942 424 2027 460 Ter-

246 497 331 529 ram,
356 484 518 528 planetas
545 487 665 518 autem
692 482 810 517 Solem
837 480 970 517 ambire
997 480 1219 524 (Tychonem
1245 481 1407 525 secutus)
1433 480 1596 517 affirmat.

377 540 520 583 Origani
543 539 702 574 calculos
730 539 915 582 eclipsium
943 541 1125 581 comparat
1150 538 1328 582 Keplerus
1364 549 1445 573 cum
1478 539 1551 573 suis
1577 539 1613 573 in
1637 539 1942 584 Ephemeridibus
1967 551 2028 575 an—

238 612 364 636 norum
393 599 478 634 1626
506 603 541 632 et
567 597 657 633 1634
676 598 690 640 ζ
694 597 763 632 vol.
782 596 859 630 VII.
879 595 957 638 554,
977 595 1060 639 608)
1087 599 1123 629 et
1147 595 1225 630 aliis
1250 595 1339 631 locis
1366 596 1511 639 Origani
1536 597 1752 632 mentionem
1778 597 1875 642 facit,
1900 609 2028 642 agnos-

238 669 321 694 cens
347 657 411 691 viri
428 656 586 691 studium
605 660 640 690 et
657 655 888 698 industriam3
914 663 1005 697 quae
1031 664 1110 688 cum
1137 664 1178 688 eo
1197 663 1261 698 per
1285 654 1408 689 literas
1433 654 1506 699 egit
1531 653 1574 689 de
1600 654 1740 690 theoria
1763 655 1880 691 lunari
1904 656 2030 700 legun-

238 721 296 752 tur
320 715 389 751 vol.
415 715 500 750 VII.
526 725 562 758 p.
588 713 667 749 448.

233 770 237 774 '
355 773 449 817 ‘Qui
475 775 669 817 supersunt
704 772 897 816 scriptores
931 771 974 806 de
1006 771 1254 806 astronomicis
1279 771 1373 807 circa
1398 772 1505 807 finem
1532 772 1644 807 seculi
1668 772 1761 807 XVI.
1795 772 1856 807 alii
1887 773 2031 818 gravius

240 833 291 868 nil
318 830 482 873 offerunt,
510 841 581 875 quo
606 834 767 865 mereant
791 834 831 864 ut
846 829 1008 874 pluribus
1028 830 1201 874 dicantur,
1229 830 1288 864 alii
1315 831 1439 865 eodem
1458 842 1527 874 quo
1545 830 1725 874 Keplerus
1743 834 1903 874 tempore
1918 830 2030 866 libros

243 901 326 925 suos
352 891 388 925 in
412 889 597 935 publicum
624 889 835 932 emiserunt,
871 888 919 922 ita
945 893 983 923 ut
1008 888 1098 922 fines
1123 899 1211 932 quos
1237 888 1322 923 huic
1347 888 1538 923 summario
1565 888 1815 923 constituimus
1841 887 2030 924 excedant.

241 948 455 982 Omittentes
481 957 558 990 eos,
593 946 654 990 qui
689 947 731 981 de
757 946 905 981 cometis
939 950 973 980 et
1005 945 1119 980 stellis
1149 945 1291 988 „novis“
1321 947 1560 990 scripserunt,
1592 945 1810 990 reliquorum
1845 949 2030 981 auctorum

240 1005 353 1041 libros
378 1005 503 1050 paucis
529 1004 892 1039 commemorabimus.

378 1063 513 1098 Paulus
541 1063 674 1097 Gallu
687 1063 783 1098 cius
801 1062 987 1105 (Venetus)
1014 1062 1125 1097 edidit
1152 1072 1246 1097 anno
1266 1062 1353 1098 1593
1375 1062 1589 1106 „Speculum
1606 1063 1834 1106 Uranicum“,
1861 1072 1932 1105 quo
1950 1072 2032 1098 cum

241 1132 306 1166 per
331 1121 474 1156 tabulas
499 1125 574 1155 tum
600 1119 727 1155 rotulis
753 1119 962 1161 mobilibus,
988 1119 1074 1153 satis
1101 1119 1247 1163 copiose
1272 1120 1421 1164 additis,
1449 1121 1620 1156 studiosis
1645 1120 1797 1155 liberum
1825 1119 1962 1154 aditum
1986 1118 2032 1153 ad

242 1179 480 1214 astronomiae
514 1177 712 1222 penetralia
744 1177 948 1221 patefacere
981 1178 1118 1221 studet,
1155 1178 1250 1221 quod
1283 1178 1368 1222 ipsi,
1407 1179 1686 1213 eccentricorum
1723 1181 1759 1211 et
1791 1177 2032 1222 epicyclorum

243 1237 543 1272 Ptolemaicorum
570 1236 774 1270 intricatam
799 1236 941 1270 turbam
967 1235 1196 1270 mechanicae
1223 1236 1430 1279 adjumento
1449 1236 1671 1280 aliquantum
1691 1234 1938 1271 dilucidiorem
1953 1234 2033 1268 red-

243 1295 351 1339 denti,
378 1295 497 1339 aliqua
523 1304 568 1327 ex
592 1298 696 1338 parte
733 1292 925 1336 contigisse
959 1292 1110 1327 videtur.
1160 1293 1340 1328 Robertus
1365 1293 1483 1329 Hues
1509 1293 1674 1338 (Anglus)
1707 1293 1798 1328 libro
1832 1292 1876 1327 de
1904 1293 2033 1334 „confi-

244 1354 377 1388 ciendis
404 1353 538 1398 globis“
567 1352 691 1396 (1594)
724 1350 825 1385 auxit
850 1351 1089 1385 astronomiae
1123 1351 1251 1395 praxin
1278 1356 1313 1386 et
1337 1352 1580 1386 mechanicam
1606 1353 1745 1395 (postea
1769 1350 1972 1386 illustrante
1999 1354 2035 1386 et

246 1416 399 1455 augente
425 1411 640 1444 Pontano
667 1409 810 1453 saepius
828 1418 975 1442 recusus
996 1412 1118 1452 gratus
1144 1409 1213 1443 fuit
1230 1409 1287 1443 hic
1312 1409 1403 1444 liber
1419 1409 1640 1453 artificibus),
1666 1409 1780 1444 multa
1796 1409 1913 1452 etiam,
1942 1419 2034 1452 quae

244 1471 289 1505 ad
314 1468 567 1504 astronomiam
593 1472 628 1502 et
662 1466 915 1510 geographiam
949 1467 1149 1509 pertinent,
1185 1465 1300 1501 docet,
1351 1466 1605 1510 Quaestionem
1640 1467 1682 1501 de
1716 1469 1815 1500 motu
1839 1466 1972 1501 Terrae
1996 1467 2032 1501 in

247 1528 354 1563 dubio
379 1525 564 1569 relinquit,
599 1524 661 1559 sed
687 1523 888 1567 Maurolyei
914 1523 955 1557 de
985 1523 1181 1567 Copernico
1206 1523 1366 1558 insolens
1394 1523 1567 1567 judicium
1595 1523 1703 1567 (falso
1731 1523 1910 1568 Scaligero
1944 1523 2034 1558 illud

243 1585 380 1628 tribuit)
407 1588 447 1618 ut
476 1584 653 1626 „iniquius
679 1593 784 1627 quam
809 1592 874 1626 par
900 1586 974 1616 est‘*
1002 1582 1130 1625 rejicit.
1182 1583 1359 1617 Adrianus
1385 1582 1551 1616 Metius
1586 1582 1894 1627 (Alcmariensis),
1928 1593 2034 1626 quem

245 1642 454 1678 interfuisse
481 1642 602 1676 dicunt
628 1640 938 1675 observationibus
966 1641 1146 1684 Tychonis
1174 1641 1213 1683 (Ι.
1236 1641 1312 1683 194)
1338 1641 1374 1674 in
1398 1639 1498 1674 libris
1524 1651 1613 1684 quos
1638 1640 1822 1676 Doctrina
1845 1641 2035 1685 sphaerica

245 1702 360 1744 (1592)
387 1704 422 1734 et
455 1700 651 1735 Universae
675 1700 935 1735 Astronomiae
960 1700 1143 1734 institutio
1163 1699 1287 1743 (1605)
1313 1698 1511 1743 inscripsit,
1545 1702 1703 1733 veterum
1733 1698 1904 1733 insistens
1929 1698 2035 1733 vesti-

244 1758 310 1803 giis
338 1756 525 1801 Copernici
551 1756 667 1800 rejicit
691 1756 877 1801 rationem,
905 1757 1079 1792 desumsit
1104 1767 1186 1792 vero
1213 1768 1257 1791 ex
1282 1757 1341 1791 illo
1361 1761 1397 1791 et
1420 1757 1552 1793 tabulis
1570 1758 1771 1793 Prutenicis
1796 1757 2035 1803 definitiones,

242 1815 466 1860 problemata
492 1820 526 1850 et
551 1815 790 1858 theoremata,
823 1825 889 1850 nec
915 1827 985 1850 non
1011 1822 1149 1860 partem
1175 1816 1395 1859 tabularum3
1429 1815 1551 1850 itidem
1585 1815 1854 1851 observationes
1880 1821 1915 1850 et
1941 1815 2034 1852 Solis

244 1874 419 1908 theoriam
444 1884 488 1908 ex
515 1872 683 1918 Tychone
709 1873 893 1916 desumsit,
922 1875 1013 1909 sicut
1038 1874 1073 1908 in
1091 1875 1190 1909 libris
1216 1875 1258 1910 de
1274 1875 1464 1919 yloborum
1480 1886 1549 1909 usu
1567 1873 1681 1918 (1624)
1708 1879 1744 1908 et
1761 1875 1804 1910 de
1821 1874 2034 1910 Astrolabio

246 1932 371 1975 (1625)
396 1931 550 1975 plurima
576 1932 619 1966 ab
645 1932 725 1968 aliis
752 1931 987 1976 scriptoribus
1016 1932 1179 1967 desumta
1207 1931 1519 1976 deprehendimus.
1564 1931 1690 1966 Obiter
1705 1936 1883 1976 notamus,
1907 1931 2034 1966 Adria·

245 2000 328 2024 num
352 1989 389 2023 in
417 1989 671 2031 „Arithmetica
708 1994 743 2024 et
769 1989 972 2025 Geometria
997 1990 1177 2034 practica“
1206 1990 1328 2033 (1611)
1365 1989 1605 2024 inventionem
1637 1990 1717 2024 tubi
1742 1990 1853 2034 optiei
1877 1990 2034 2025 tribuere

244 2047 345 2082 fratri
370 2047 526 2092 Jacobo,
558 2053 594 2082 et
619 2058 663 2082 ex
689 2048 800 2092 patris
824 2047 941 2082 relatu
976 2048 1191 2091 (geometrae
1217 2047 1365 2092 Belgici)
1402 2047 1577 2082 rationem
1609 2048 1774 2083 diametri
1807 2048 1851 2082 ad
1885 2048 2033 2083 circum-

247 2105 435 2140 ferentiam
461 2105 584 2140 circuli
610 2107 776 2150 posuisse
802 2111 840 2140 ut
868 2107 932 2141 113
959 2106 1004 2140 ad
1029 2106 1105 2141 355.
1132 2127 1173 2130 —
1200 2106 1358 2150 Philippi
1382 2105 1657 2149 Lansbergii
1689 2109 1757 2145 (cfr.
1786 2107 1848 2140 vol.
1868 2109 1894 2140 I.
1919 2118 1953 2149 p.
1974 2108 2033 2150 65)

246 2163 366 2198 studia
391 2165 631 2199 astronomica
656 2163 894 2199 voluminibus
921 2164 985 2198 III.
1011 2175 1045 2207 p.
1072 2165 1150 2208 477,
1179 2165 1244 2199 513
1271 2175 1320 2199 se.
1349 2168 1384 2198 et
1411 2164 1486 2200 VII.
1514 2176 1550 2209 p.
1576 2165 1645 2200 548
1671 2176 1719 2200 ss.
1755 2169 2034 2199 commemorata

246 2226 348 2265 sunt,
375 2222 531 2256 sufficiat
556 2222 749 2266 monuisse,
775 2222 1036 2266 Lansbe1·gium
1066 2223 1240 2265 quaedam
1269 2233 1313 2257 ex
1351 2223 1547 2267 Copernico
1577 2223 1776 2268 accepisse,
1804 2233 1920 2268 neque
1949 2232 2032 2256 vero

250 2289 343 2323 quae
368 2280 547 2324 Keplerus
574 2280 775 2315 emendavit
807 2286 926 2315 mente
957 2281 1115 2325 cepisse,
1148 2282 1452 2324 trigonometriam
1477 2281 1688 2326 Lansbergii
1713 2281 1828 2325 (1591)
1854 2280 2032 2324 Keplerus

249 2337 412 2372 adhibuit
436 2337 471 2370 in
499 2337 646 2372 calculis
671 2338 745 2372 suis
770 2339 1035 2383 astronomicis,
1069 2340 1161 2373 sicut
1191 2340 1297 2374 etiam
1329 2340 1596 2375 Bartholomaei
1622 2339 1789 2374 Pitisci
1820 2339 2033 2383 trigonome-

248 2395 351 2429 triam
377 2397 446 2438 (cfr.
473 2398 539 2430 vol.
566 2398 629 2431 ΙΙΙ.
654 2409 688 2439 p.
716 2398 806 2440 725).

383 2453 508 2487 Finem
526 2452 699 2487 facientes
717 2453 807 2488 haec
832 2454 876 2489 de
894 2454 1053 2490 doctrina
1073 2454 1116 2489 de
1134 2465 1254 2489 rerum
1271 2460 1409 2499 natura,
1435 2455 1550 2500 qualis
1574 2455 1646 2491 illis
1672 2455 1894 2500 temporibus
1913 2454 2031 2500 fuerit,

249 2510 422 2546 addimus.
473 2511 624 2545 Valebat
653 2512 772 2555 prisca
803 2513 1017 2547 auctoritate
1050 2513 1140 2548 ratio
1176 2514 1220 2548 ab
1253 2514 1447 2550 Aristotele
1479 2514 1628 2556 tradita,
1663 2524 1769 2559 quam
1803 2524 1926 2548 omnes
1959 2513 2033 2551 fere

247 2574 379 2604 temere
405 2569 655 2614 sequebantur.
704 2570 889 2604 Neminem
915 2570 988 2605 fere
1013 2571 1171 2613 videres,
1200 2571 1260 2615 qui
1284 2582 1350 2607 suo
1372 2573 1508 2616 judicio
1542 2583 1629 2607 usus
1657 2572 1862 2615 diligentius
1886 2571 1957 2606 ista
1980 2571 2034 2606 in—

248 2628 421 2672 quireret,
457 2627 590 2662 tradita
614 2627 812 2671 antiquitus
839 2628 957 2673 opinio
983 2629 1033 2663 ita
1058 2629 1215 2674 valebat,
1252 2635 1291 2665 ut
1316 2630 1490 2675 quidquid
1513 2630 1680 2666 liberiore
1707 2630 1823 2664 animo
1849 2632 1926 2663 erat
1951 2639 2034 2664 con-

252 2691 393 2731 ceptum
410 2690 650 2730 respueretur.
692 2687 885 2730 Imaginem
903 2695 1034 2729 eorum,
1062 2698 1152 2731 quae
1179 2688 1299 2723 seculo
1320 2689 1414 2724 XVI.
1440 2691 1476 2724 in
1500 2691 1561 2726 illo
1578 2691 1762 2725 literarum
1787 2699 1917 2733 genere
1935 2689 2033 2724 facta

251 2749 343 2788 sunt,
379 2745 540 2779 referunt
567 2745 719 2779 Cardani
752 2751 787 2779 et
812 2744 942 2779 Portae
977 2744 1074 2784 libri,
1108 2745 1144 2779 in
1177 2747 1304 2789 quibus
1337 2758 1428 2791 quae
1460 2760 1552 2784 nova
1583 2747 1883 2793 deprehendimus
1917 2746 2026 2790 longe

254 2808 466 2845 superantur
491 2802 669 2837 erroribus
694 2802 902 2846 innumeris,
936 2803 1024 2837 adeo
1051 2806 1091 2836 ut
1116 2803 1277 2847 singulae
1301 2806 1375 2841 fere
1398 2806 1538 2842 illorum
1563 2807 1717 2852 paginae
1739 2806 1880 2841 tristem
1908 2814 2031 2849 super·

253 2859 431 2894 stitionem
457 2864 492 2893 et
517 2860 701 2903 caliginem
733 2860 912 2895 mentibus
948 2859 1097 2894 offusam
1131 2865 1320 2898 testentur.
1368 2864 1490 2909 Tycho
1515 2864 1611 2909 ipse,
1647 2863 1707 2907 qui
1732 2862 1887 2897 siderum
1912 2867 2033 2898 motus

251 2915 405 2951 liberiori
423 2917 538 2952 animo
557 2917 781 2960 observaret,
808 2918 869 2962 qui
886 2917 1105 2962 reliquorum
1126 2920 1328 2955 mortalium
1346 2921 1520 2965 sapientia
1546 2915 1581 2955 et
1598 2925 1881 2956 astronomorum
1907 2921 2031 2956 errori-

252 2974 317 3008 bus
356 2974 459 3018 longe
491 2976 654 3019 superior
680 2976 746 3011 sibi
771 2987 850 3012 esse
875 2977 1080 3021 videbatur,
1113 2976 1183 3013 illis
1209 2988 1295 3012 suae
1320 2979 1447 3012 aetatis
1473 2978 1652 3013 erroribus
1678 2981 1804 3021 captus
1829 2977 2031 3015 tenebatur.

254 3031 344 3066 Nam
371 3032 581 3077 alchymiam
606 3035 761 3069 maxime
786 3034 927 3070 colebat
953 3039 988 3070 et
1011 3036 1226 3080 astrologiae
1243 3045 1457 3080 quamquam
1475 3036 1603 3072 dubius
1620 3035 1702 3082 plus
1722 3035 1820 3080 justo
1839 3035 2032 3074 tribuebat·
