2126 3388
942 192 1044 229 1616.
1074 191 1172 228 1617.
1855 189 1940 234 847

149 318 224 344 rem
248 309 356 354 plane
382 310 508 354 abjicit
533 320 648 355 usque
670 309 708 345 in
733 317 865 344 annum
887 308 985 350 1624,
1012 318 1083 351 quo
1111 306 1294 343 accersitis
1319 305 1399 341 aliis
1427 305 1734 343 observationibus
1759 304 1805 341 ad
1824 317 1945 342 verum

149 376 262 411 prope
287 367 450 402 accessit.

289 426 396 469 1617.
445 427 654 467 Revolutio
695 429 799 466 anni.
861 426 974 465 Edidi
1007 427 1208 477 Epitomes
1248 430 1396 476 partem
1437 426 1609 475 primam.
1670 425 1730 463 Ivi
1761 425 1942 475 Pragam.

150 485 265 524 Edidi
303 486 534 536 Ephemerin
578 487 628 525 ad
670 498 813 524 annum
855 488 977 524 1618.
1023 491 1060 524 et
1102 485 1386 523 Calendarium.
1460 484 1560 521 Nata
1599 483 1677 522 filia
1718 484 1941 523 Catharina.

152 548 219 583 31.
251 543 362 583 Julii.
394 545 550 584 Mortua
580 545 803 594 Margareta
833 544 1003 594 Regina,
1035 556 1102 594 per
1134 550 1323 582 aestatem
1352 543 1481 589 tussis,
1513 541 1677 591 phthisis
1710 547 1747 581 et
1779 543 1944 593 denique

150 603 350 652 epilepsia,
383 615 482 653 quae
513 609 676 641 mortem
708 603 839 641 attulit
871 607 907 642 8.
932 603 1038 653 Sept.
1072 614 1184 640 mane
1216 603 1312 640 hora
1337 605 1400 639 10.
1445 600 1651 638 Catharina
1672 601 1879 651 baptisata.
1903 633 1911 642 .
1935 631 1944 640 .

150 660 332 699 Patrimi:
375 662 585 700 Catharina
615 673 692 699 von
720 662 995 708 Herberstein,
1038 672 1208 710 geporne
1249 674 1284 698 v.
1318 659 1513 707 Polheim,
1545 658 1731 709 Euringa,
1775 671 1944 710 geporne

151 722 352 760 stetnerin.
413 720 601 769 Sequenti
644 725 831 757 autumno
876 720 1013 758 tussire
1045 721 1188 768 incepit
1220 731 1242 756 a
1275 724 1453 768 corrupto
1484 718 1601 765 lacte,
1639 718 1823 756 catarrhis
1856 730 1944 756 mox

153 778 300 827 oppleti
330 777 546 827 pulmones,
581 783 622 815 ut
653 777 718 815 diu
753 777 978 816 difficillime
1007 779 1223 827 respiraret,
1256 777 1305 815 ad
1329 784 1538 815 extremum
1568 786 1777 825 paucorum
1800 776 1944 815 dierum

151 836 369 886 atrophiam
410 842 546 874 secuta
576 836 763 886 epilepsia
794 836 912 883 lenis,
958 836 1124 885 denique
1157 847 1259 873 mors
1294 840 1331 873 9.
1366 835 1478 873 Febr.
1516 837 1636 873 1618.
1698 835 1755 872 Ex
1787 837 1863 873 situ
1896 833 1942 887 ῼ,

151 891 219 946 ᾧ,
253 895 291 942 Ἠτ
325 895 466 933 bonam
509 900 546 932 et
577 895 728 932 felicem
764 894 941 943 judicavi
971 896 1151 944 genesin,
1195 893 1264 932 sed
1306 893 1421 932 valde
1460 892 1669 933 humidam.
1700 915 1756 920 —
1787 893 1944 932 Mortua

153 954 330 1003 privigna
362 953 523 1002 Regina.
585 952 753 1002 Pragam
785 954 838 990 ivi
873 955 917 1002 8.
933 952 1084 1001 Martii,
1117 958 1304 990 evocatus
1337 964 1359 990 a
1392 951 1577 999 Caesare,
1609 951 1702 990 redii
1736 956 1800 990 26.
1834 951 1942 1000 Maji‚

154 1011 308 1049 octiduo
332 1018 419 1062 post
442 1011 705 1060 Gringalletus
728 1011 898 1049 advenit.
940 1011 1090 1061 Pragae
1123 1010 1280 1049 exhibui
1300 1010 1556 1061 Ephemerida
1588 1011 1624 1047 in
1655 1021 1797 1048 annum
1823 1015 1944 1058 1617,

152 1070 362 1108 secundam
404 1081 496 1109 vero
536 1072 574 1107 in
612 1081 754 1108 annum
792 1070 914 1110 1618.
945 1076 1034 1120 post
1076 1069 1243 1108 reditum
1280 1081 1407 1107 meum
1445 1069 1602 1120 perfeci,
1643 1070 1745 1119 typis
1783 1069 1947 1108 exhibeo

156 1130 253 1167 meis
283 1129 409 1166 novis.

292 1196 525 1239 Berneggero
552 1193 697 1239 scripsit
723 1193 903 1239 Keplerus
929 1194 965 1230 d.
990 1194 1020 1229 7.
1046 1195 1253 1231 Februarii:
1290 1191 1518 1242 Gringalleti
1539 1193 1733 1241 ingenium
1752 1204 1798 1231 ex
1816 1197 1945 1229 trans-

158 1252 278 1289 missa
309 1250 573 1301 disputatione
606 1253 750 1300 agnovi
782 1263 947 1300 amoque
987 1251 1184 1290 hominem
1224 1251 1396 1289 nondum
1428 1252 1562 1289 visum.
1624 1249 1698 1299 Qui
1730 1251 1762 1287 si
1793 1252 1947 1301 patien-

156 1311 248 1347 tiam
281 1321 413 1348 secum
446 1310 578 1347 afferet
610 1309 755 1347 laboris
788 1310 1065 1348 taediosissimi
1089 1309 1435 1360 computandarum
1457 1309 1751 1359 Ephemeridum
1784 1320 1830 1346 ex
1852 1311 1947 1347 meis

152 1369 412 1419 praescriptis,
446 1368 520 1406 hoc
551 1368 607 1405 illi
639 1369 848 1418 praestabo
883 1368 929 1406 de
952 1381 1051 1418 meo,
1085 1376 1126 1406 ut
1159 1368 1348 1406 desiderio
1380 1368 1485 1405 nullo
1517 1373 1691 1405 teneatur
1722 1367 1948 1405 instituendi

153 1437 305 1476 pueros.
368 1426 523 1465 Statum
554 1427 712 1465 scholae
743 1428 817 1477 ipsi
845 1427 1050 1475 describes,
1084 1439 1132 1466 ne
1166 1439 1267 1465 vana
1299 1439 1366 1477 spe
1390 1427 1524 1464 ductus
1556 1437 1640 1464 sero
1672 1437 1713 1463 se
1746 1425 1949 1475 deceptum

154 1491 350 1534 queratur.
413 1484 510 1522 Cum
542 1487 593 1523 sit
626 1483 892 1534 Gringalletus
925 1485 1167 1525 Genevensis
1209 1497 1372 1535 cumque
1410 1485 1456 1523 ad
1497 1496 1556 1522 me
1596 1486 1646 1522 sit
1682 1495 1947 1531 concessurus,

155 1545 220 1593 qui
254 1543 447 1593 theologis
478 1543 714 1592 hujusmet,
749 1544 924 1583 coloniae
957 1545 1316 1593 Wirtemhergicae,
1348 1556 1431 1581 sum
1462 1543 1575 1580 sudes
1606 1543 1643 1579 in
1677 1542 1810 1589 oculis,
1844 1542 1948 1579 haud

154 1601 269 1639 facile
301 1601 382 1640 fieri
417 1604 575 1651 poterit,
612 1607 654 1639 ut
686 1602 917 1652 cnjusquam
951 1603 1145 1642 Austriaci
1177 1602 1308 1640 liberis
1340 1602 1593 1653 praeficiatur,
1627 1600 1822 1649 religionis
1855 1601 1948 1638 Cal-

155 1661 336 1699 vinianae
384 1661 563 1698 obstante
602 1666 719 1698 metu.
781 1661 888 1699 Forti
932 1663 1049 1711 igitur
1093 1663 1221 1699 animo
1264 1660 1539 1711 capessendum
1577 1659 1632 1696 illi
1675 1661 1744 1697 erit
1778 1659 1949 1697 studium

155 1719 477 1767 astronomicum3
510 1731 683 1757 mensam
714 1718 874 1758 babebit
906 1720 1069 1760 eandem
1102 1732 1218 1770 quam
1250 1731 1342 1768 ege,
1375 1717 1694 1770 philosophicam.
1755 1718 1949 1756 Pecuniae

155 1782 308 1815 tantum
341 1777 496 1825 addam,
530 1784 717 1827 quantum
750 1778 823 1828 ipsi
855 1779 904 1816 ad
938 1785 1085 1817 vestem
1117 1780 1375 1817 neeessariam
1413 1778 1524 1815 fuerit
1555 1787 1663 1827 opus.
1690 1809 1695 1815 .
1721 1806 1729 1816 .
1752 1805 1761 1814 .
1812 1775 1949 1814 Studia

156 1847 242 1874 mea
275 1835 488 1874 liberaliter
518 1837 814 1874 communicabo
819 1865 959 1877 .....
1023 1838 1085 1875 Ad
1116 1837 1246 1875 literas
1279 1836 1404 1874 Crusii
1446 1848 1510 1873 cur
1541 1837 1666 1872 minus
1698 1836 1735 1871 in
1766 1845 1949 1884 praesens

154 1894 421 1945 respondeam,
455 1895 493 1930 in
527 1906 647 1932 causa
679 1900 736 1933 est
768 1895 889 1933 moles
922 1898 1186 1946 negotiorum3
1219 1894 1461 1933 scribendum
1493 1895 1592 1933 enim
1624 1895 1660 1930 in
1693 1893 1950 1931 wirtember-

154 1954 258 2002 giam
290 1954 328 1990 in
361 1964 479 1991 causa
510 1953 653 1991 forensi
684 1955 816 1991 matris
847 1966 969 2002 meae,
1003 1967 1120 2004 quam
1151 1965 1301 1992 mecum
1333 1953 1469 1992 habeo.
1532 1951 1704 1989 Salutem
1737 1951 1792 1988 illi
1823 1963 1948 1988 meam

155 2011 299 2049 nuncia
331 2016 368 2049 et
399 2009 504 2060 qnod
536 2011 582 2049 de
616 2011 883 2063 Copernicana
927 2015 1077 2063 quaerit
1116 2014 1318 2063 Epitoma,
1361 2013 1398 2049 in
1439 2023 1484 2050 ea
1519 2009 1619 2048 lente
1662 2009 1947 2060 typographum

154 2069 346 2120 progredi,
379 2081 450 2107 nec
481 2082 541 2108 me
573 2081 688 2120 posse
720 2069 770 2108 ad
801 2071 992 2110 nundinas
1025 2072 1071 2110 de
1104 2072 1188 2120 ejus
1219 2070 1408 2107 industria
1442 2068 1587 2118 liquido
1620 2071 1826 2118 quicquam
1859 2068 1947 2118 pol—

155 2128 274 2166 liceri.
336 2131 485 2166 Octobri
511 2141 633 2166 mense
660 2131 775 2166 eidem
801 2133 949 2167 nunciat
965 2132 1164 2177 Keplerus:
1198 2127 1455 2179 Ephemerida
1476 2129 1513 2163 in
1535 2138 1676 2164 annum
1703 2130 1809 2164 1618
1835 2128 1947 2164 novis

152 2187 256 2236 typis
298 2186 448 2237 edidi*)
493 2188 723 2237 paginarum
762 2191 797 2225 4.
869 2187 1121 2226 Sumtuosum
1163 2187 1404 2238 opusculum.
1476 2185 1611 2234 Itaque
1651 2187 1682 2223 si
1726 2191 1832 2233 sunt,
1881 2184 1946 2233 qui

153 2244 295 2282 habere
341 2246 520 2295 cupiunt,
563 2247 609 2283 iis
651 2244 820 2292 indices,
865 2247 925 2284 die
970 2251 1035 2285 23.
1068 2246 1174 2297 Sept.
1218 2244 1435 2284 absolutam
1476 2250 1513 2282 et
1550 2244 1622 2281 hoc
1663 2244 1723 2282 die
1755 2242 1808 2295 (1.
1843 2241 1947 2290 Oct.)

151 2302 390 2352 Noribergae
422 2315 505 2342 esse
537 2315 651 2354 posse
673 2304 777 2354 apud
798 2304 893 2344 Abr.
917 2305 1254 2354 Wagenmannum
1276 2309 1312 2341 et
1334 2315 1400 2354 per
1421 2315 1506 2341 eum
1528 2302 1642 2352 paulo
1664 2308 1753 2352 post
1774 2302 1948 2339 Franco-

153 2360 243 2398 furti
275 2361 378 2411 apud
412 2361 459 2401 G.
493 2362 704 2412 Tampach.
766 2362 1008 2401 Introductio
1053 2363 1186 2401 debuit
1224 2361 1336 2408 addi,
1381 2361 1448 2399 sed
1478 2372 1566 2411 spes
1599 2359 1812 2398 excudendi
1844 2365 1948 2397 certa

156 2418 327 2457 nondum
359 2426 533 2471 apparet.
597 2421 736 2470 Cogito
768 2423 969 2459 annuatim
1001 2422 1168 2460 scribere
1201 2420 1388 2469 singulas,
1420 2431 1508 2457 nam
1541 2419 1728 2457 sumtibus
1760 2430 1836 2456 non
1867 2417 1950 2454 suf-

154 2477 252 2515 ficio.
317 2477 582 2527 Gringalletus
628 2480 825 2528 egregiam
866 2485 1037 2529 praestat
1078 2479 1331 2530 operamfflffl
1369 2500 1422 2506 —
1465 2478 1660 2527 Epitomes
1706 2488 1815 2515 meae
1860 2486 1948 2525 pars

155 2535 356 2586 sphaerica
387 2539 526 2576 misere
557 2537 692 2575 habita
712 2549 735 2575 a
756 2539 1014 2589 typographo,
1048 2538 1320 2588 sculptoribus,
1354 2541 1578 2582 correctore,
1612 2547 1672 2574 me
1695 2535 1844 2584 Pragae
1876 2534 1948 2570 ab-

156 2599 277 2641 sente,
310 2606 411 2632 nune
442 2595 596 2634 tandem
629 2595 774 2645 prodit,
807 2598 882 2634 nisi
915 2596 1106 2647 Crugerus
1138 2595 1372 2646 bibliopola,
1406 2596 1471 2644 qui
1503 2598 1650 2631 sumtus
1682 2593 1788 2640 fecit,
1829 2593 1946 2630 etiam

156 2663 257 2690 nunc
295 2663 401 2690 more
442 2665 512 2691 suo
554 2655 778 2691 occasiones
824 2654 997 2703 negligat
1041 2654 1247 2693 exhibendi
1286 2653 1539 2690 Franeofurti.
1601 2653 1799 2697 (Dedicatio
1832 2652 1946 2697 partis

155 2713 291 2757 primae
317 2712 504 2757 Epitomes
531 2712 606 2757 (lib.
630 2714 759 2758 I—III)
795 2714 842 2749 ad
869 2717 1055 2757 „ordines“
1084 2716 1252 2752 Austriae
1283 2713 1477 2759 superioris
1514 2712 1598 2747 data
1624 2716 1678 2747 est
1701 2713 1756 2747 Id.
1781 2711 1949 2755 Augusti.

157 2770 417 2815 Ephemerides
444 2778 479 2808 et
506 2774 717 2810 Calendaria
741 2774 920 2818 Keplerus
947 2774 992 2809 ad
1017 2775 1150 2809 amicos
1175 2772 1273 2808 misit
1297 2777 1333 2808 et
1356 2771 1536 2814 librarios,
1563 2774 1603 2804 ut
1628 2778 1842 2814 quacunque
1866 2779 1949 2813 pos·

297 2889 325 2929 ¹⁸)
350 2893 463 2923 Verba
494 2893 572 2923 haec
608 2894 724 2932 „novis
755 2893 864 2932 typis“
899 2893 1030 2932 saepius
1064 2893 1206 2932 repetita
1244 2889 1431 2930 significare
1465 2890 1638 2926 videntur,
1671 2887 1890 2929 premerida
1912 2889 1949 2919 in

163 2947 285 2969 annum
311 2940 412 2971 1618.
439 2949 521 2981 quae
547 2943 625 2970 ante
650 2938 744 2970 illam
769 2940 814 2970 ad
838 2949 962 2970 annum
989 2940 1077 2970 1617
1105 2938 1193 2968 edita
1219 2942 1284 2977 est,
1309 2938 1362 2968 bis
1388 2945 1541 2968 excusam
1566 2935 1682 2966 fuisse.
1733 2934 1847 2976 Neque
1872 2944 1949 2965 vero

160 2985 257 3015 nobis
282 2987 431 3027 contigit,
456 2990 494 3017 ut
518 2987 662 3028 priorem
688 2987 867 3017 editione-m
892 2986 1139 3027 inspiceremus,

301 3030 348 3070 **)
376 3031 513 3064 Crusius
538 3034 676 3063 nunciat
701 3032 846 3075 Keplero
874 3032 1003 3074 (Martio
1029 3040 1140 3062 mense
1168 3029 1287 3072 1617):
1315 3028 1536 3068 Gringalletus
1563 3038 1602 3059 ea
1627 3027 1825 3070 conditione,
1851 3037 1951 3068 quam

162 3077 227 3118 ipsi
246 3079 408 3119 obtulisti,
433 3081 576 3110 maxime
594 3089 664 3110 esse
682 3083 873 3110 contentum
892 3079 983 3111 dicit.
1018 3077 1071 3108 Ad
1096 3081 1243 3108 nost-rum
1269 3077 1391 3118 pascha
1417 3077 1567 3107 Lincium
1592 3084 1627 3107 se
1653 3075 1806 3107 conferet.
1840 3074 1949 3105 Habe-

163 3123 216 3154 bis
240 3125 418 3168 hominem‚
445 3130 482 3157 ut
508 3136 614 3168 spero,
643 3125 835 3165 diligentem
861 3130 891 3157 et
918 3126 1050 3156 doctum
1067 3126 1266 3165 negotioque
1283 3126 1353 3165 tuo,
1379 3124 1414 3156 in
1439 3132 1506 3165 quo
1524 3123 1675 3164 versaris,
1701 3130 1769 3153 non
1785 3121 1948 3155 inutilem.

166 3186 205 3194 —-
233 3169 304 3202 Cal.
329 3171 428 3212 Majis
453 3173 586 3215 scripsit
611 3171 764 3205 Cresius:
791 3172 1033 3212 Gringalletum
1058 3172 1121 3203 tibi
1146 3172 1307 3202 mittimus
1332 3173 1394 3204 etc.
