2126 3388
909 159 1012 198 1626.
1041 161 1139 198 1627.
1836 162 1920 206 905

120 285 193 320 tur.
254 280 345 319 Filii
379 282 455 320 mei
487 285 756 332 argumentum
789 284 864 319 est:
899 281 938 318 in
970 280 1112 319 multos
1143 281 1249 321 suisti
1279 281 1470 331 liberalis,
1506 283 1646 332 quibus
1679 294 1750 332 ego
1782 283 1924 332 potiori

120 341 222 378 nitor
247 340 345 388 jure.
408 340 552 390 Pungit
583 340 790 388 hominem,
824 338 928 389 quod
959 351 1150 379 novercae
1184 341 1267 390 eJus
1304 346 1482 390 nepotem
1515 343 1681 391 pecunia
1722 340 1922 389 nonnulla,

120 409 284 447 sponsor
315 399 453 447 sactus,
485 400 677 448 promovi.
739 398 867 437 Velim
901 400 1159 448 cogitationes
1202 399 1267 438 ille
1308 411 1398 437 suas
1431 400 1492 438 hic
1525 412 1601 437 non
1633 399 1682 438 ad
1715 399 1922 438 muliebres

121 456 310 506 querelas,
344 457 392 495 ad
414 469 604 497 novercae
627 468 763 504 mores,
797 457 845 495 ad
869 459 1011 495 sororis
1035 469 1145 496 meae
1168 459 1509 506 insusurrationeS,
1542 458 1610 497 sed
1632 458 1681 497 ad
1703 470 1829 496 meam
1862 459 1923 494 in-

123 516 363 564 genuitatem
397 516 621 554 conformet.
682 515 781 553 Sunt
812 515 963 565 aliquot
994 516 1144 563 florem,
1179 518 1251 555 etsi
1285 516 1455 555 nondum
1489 519 1671 566 expensi,
1704 528 1781 555 non
1812 528 1923 555 meae

122 578 250 611 tamen
282 577 501 623 potestatis.
563 574 777 624 Spopondi,
811 574 1087 624 praestandum
1120 579 1190 622 est,
1222 576 1373 614 etiamsi
1407 581 1444 613 et
1475 575 1568 612 mihi
1601 581 1638 614 et
1670 577 1764 614 meis
1797 576 1924 613 omni-

123 633 196 669 bus
228 633 279 670 sit
310 633 567 672 esuriendum.
620 632 822 682 spopondi
853 639 996 679 autern,
1030 645 1116 671 cum
1148 633 1367 671 secundiori
1400 634 1492 671 flatu
1526 635 1764 683 navigarem.
1816 633 1923 672 Red-

123 690 211 728 dam
243 696 371 728 tamen
398 685 520 729 ‘etiam
551 692 720 729 rationes
751 691 844 729 facti
867 693 941 729 mei
973 691 1056 743 (hui
1079 703 1194 740 quam
1228 693 1391 741 turpiter
1422 691 1534 743 filio):
1568 704 1644 730 non
1666 692 1752 731 dedi
1775 704 1827 732 se.
1851 692 1924 730 hoc

121 750 231 786 uxori
265 761 385 797 meae,
420 751 481 787 cui
515 754 557 788 ut
587 750 720 787 matris
753 761 847 787 suae
878 749 1006 787 locum
1039 751 1185 788 tenenti
1208 751 1399 788 obtrectat
1431 752 1582 788 animus
1616 751 1699 800 ejus
1731 751 1922 792 faemia('?)

126 809 313 855 vitiosior,
347 819 436 846 nam
467 809 541 846 scit
572 809 766 858 apprime,
801 819 886 845 eam
918 820 940 846 a
972 819 1033 846 mc
1069 809 1226 846 minime
1259 808 1424 847 delicate
1456 808 1611 855 haberi,
1645 809 1712 847 sed
1746 811 1924 847 misertus

125 878 210 903 sum
241 866 412 904 familiae
446 868 550 904 omni
582 878 655 916 ope
689 866 910 905 destitutae.
964 866 1076 905 Haec
1109 866 1357 917 eleemosyna
1388 873 1456 913 est,
1491 868 1686 906 abstineat
1717 867 1781 906 ille
1814 868 1924 906 cohi-

125 925 296 974 beatque
328 925 538 975 sacrilegas
572 924 762 974 querelas.
805 924 924 962 Aliud
956 930 1065 963 tuum
1098 932 1368 975 argumentum
1400 931 1457 964 est
1481 926 1603 964 bonae
1628 932 1766 964 notae:
1803 926 1925 975 „haec

125 985 345 1022 necessaria
376 989 477 1032 sunt,
509 983 664 1022 sordide
697 995 838 1021 avarus
869 983 1037 1031 haberis,
1070 985 1142 1021 nisi
1174 984 1442 1034 suppedites“.
1488 984 1530 1022 Si
1561 986 1718 1033 possim,
1751 987 1924 1034 inquam.

127 1042 180 1079 At
210 1054 312 1080 nunc
344 1042 499 1092 quidem
530 1042 624 1080 mihi
656 1043 694 1079 in
726 1042 843 1080 breve
873 1046 1027 1092 tempus
1061 1048 1097 1081 et
1130 1042 1178 1080 ad
1199 1048 1314 1092 typos
1347 1043 1485 1093 operis,
1519 1043 1621 1091 quod
1652 1043 1724 1081 sub
1747 1044 1926 1082 manibus

126 1102 261 1149 surgit,
294 1105 540 1150 prospectum
575 1106 633 1140 est
664 1100 973 1150 quadamtenus3
1009 1106 1050 1139 ut
1083 1101 1144 1140 vel
1176 1101 1372 1139 tantillum
1404 1102 1492 1140 hinc
1525 1101 1727 1151 decerpam
1761 1106 1798 1139 in
1830 1114 1925 1140 usus

126 1159 195 1196 filii
227 1161 323 1207 mci,
368 1160 473 1208 quod
511 1171 700 1198 remoram
742 1160 869 1208 pariat
912 1161 1039 1208 operI,
1084 1171 1182 1209 pene
1226 1160 1390 1198 alterum
1427 1160 1463 1197 id
1496 1166 1633 1209 reputo
1665 1160 1925 1209 sacrilegium.

127 1218 216 1255 Fiat
248 1218 351 1266 quod
380 1219 530 1266 justum
561 1223 639 1265 est,
684 1219 800 1256 etiam
832 1219 864 1255 si
896 1217 1019 1265 filius,
1062 1219 1122 1256 cui
1152 1219 1231 1267 jam
1265 1218 1312 1257 dc
1352 1220 1458 1256 victu
1488 1225 1756 1268 prospectum,
1799 1225 1927 1257 cetera

129 1278 285 1325 propria
317 1276 506 1315 industria
538 1282 699 1326 cogatur
731 1278 942 1326 acquirere.
1006 1276 1065 1315 Ob
1099 1288 1196 1326 opus
1240 1277 1425 1316 conduxit
1465 1289 1524 1315 me
1559 1277 1722 1324 Caesar,
1766 1288 1842 1314 non
1876 1278 1925 1316 ob

129 1334 249 1372 filium
283 1334 476 1383 alendum,
507 1336 668 1385 jamque
701 1336 738 1372 in
772 1347 818 1373 eo
848 1346 908 1372 res
941 1340 1010 1383 est,
1046 1340 1088 1373 ut
1118 1341 1184 1373 aut
1215 1336 1288 1374 hac
1310 1337 1393 1375 vice
1424 1336 1472 1374 ad
1493 1336 1606 1374 finem
1639 1335 1926 1385 perducendum

130 1393 308 1431 videatur
340 1405 460 1444 opus,
499 1399 566 1432 aut
597 1405 711 1444 porro
744 1405 955 1443 nunquam.
1019 1393 1132 1443 Quod
1165 1395 1280 1444 igitur
1312 1396 1450 1433 attinet
1490 1396 1707 1444 posteriora
1738 1398 1926 1444 tempora,

129 1453 184 1490 sic
216 1465 352 1502 agam:
397 1452 584 1502 quidquid
624 1452 830 1491 locationis
869 1454 1026 1491 nomine
1068 1465 1090 1491 a
1121 1453 1235 1492 fratre
1274 1465 1360 1492 meo
1403 1453 1680 1502 Christophoro
1719 1455 1927 1502 quotannis

128 1511 303 1549 solvetur
346 1512 467 1549 sorori
510 1523 620 1549 meae
661 1510 708 1549 de
739 1511 906 1560 praediis
950 1513 1046 1549 meis
1089 1513 1293 1558 maternis,
1340 1511 1378 1550 id
1410 1524 1456 1551 ex
1489 1511 1613 1550 dietae
1646 1513 1787 1549 sororis
1819 1523 1928 1551 meae

129 1570 310 1607 manibus
344 1571 510 1619 accipiet
540 1582 649 1608 meus
681 1569 785 1607 filius
816 1569 1055 1617 Ludovicus,
1088 1571 1144 1608 sie
1167 1576 1308 1617 tamen,
1344 1575 1384 1609 ut
1415 1583 1438 1609 a
1469 1571 1583 1609 fratre
1607 1582 1692 1609 meo
1725 1571 1807 1619 ipse
1830 1570 1927 1608 nihil

128 1628 340 1678 anticipato
363 1633 483 1678 petat.
526 1628 626 1666 Mihi
658 1639 750 1666 vero
784 1630 999 1678 ceterisque
1031 1630 1126 1667 meis
1149 1628 1279 1667 liberis
1304 1629 1422 1677 Deus,
1455 1631 1511 1666 uti
1542 1640 1666 1678 spero,
1700 1630 1922 1678 prospiciet,

128 1688 280 1724 etiamsi
314 1687 358 1724 de
398 1691 534 1725 15000
569 1687 787 1725 debitorum
820 1686 915 1724 nihil
946 1687 1009 1726 vel
1041 1689 1155 1725 sortis
1189 1688 1249 1726 vel
1283 1699 1423 1726 usurae
1455 1689 1620 1735 nomine,
1654 1692 1695 1725 ut
1716 1699 1817 1725 nune
1838 1693 1928 1725 sunt

126 1745 277 1794 perdita
307 1750 501 1796 tempora,
532 1746 736 1795 accipiam.
797 1745 909 1796 Rogo
941 1748 1059 1795 igitur
1090 1746 1302 1785 admoneas
1334 1746 1461 1794 illum,
1504 1746 1599 1784 nibil
1631 1758 1655 1784 a
1684 1751 1822 1796 patruo
1854 1758 1925 1784 suo

125 1809 243 1853 petat.
305 1804 395 1842 Scio
428 1816 544 1853 quam
575 1808 748 1854 promtus
780 1803 845 1843 ille
878 1805 928 1842 sit
959 1805 1109 1843 futurus
1141 1804 1191 1842 ad
1224 1804 1414 1855 dandum,
1455 1810 1496 1843 ut
1528 1817 1588 1844 me
1621 1817 1737 1855 quam
1768 1806 1925 1843 minimo

123 1874 195 1901 suo
227 1863 422 1912 impendio
455 1875 477 1901 a
507 1864 756 1913 possessione
788 1863 1073 1912 praediolorum
1106 1863 1298 1903 detrudat,

264 1921 378 1970 Quod
411 1926 596 1959 sartorem
621 1926 658 1960 et
680 1926 853 1959 sutorem
874 1923 1022 1970 attinet,
1057 1923 1134 1960 vim
1167 1924 1251 1972 ipse
1284 1922 1377 1960 mihi
1407 1922 1521 1970 facio,
1555 1927 1597 1960 ut
1628 1921 1676 1960 de
1707 1926 1926 1961 commeatu

125 1991 223 2027 meo,
257 1992 371 2029 quem
414 1980 477 2018 hic
507 1980 654 2027 habeo,
700 1985 850 2018 tantum
883 1980 1108 2030 decerpam,
1152 1993 1229 2030 quo
1270 1987 1309 2018 tu
1351 1981 1526 2020 libereris
1559 1981 1750 2021 molestia.
1811 1981 1926 2019 Nova

123 2037 217 2075 mihi
249 2038 554 2077 excandescendi
588 2050 705 2077 causa
736 2039 924 2076 nascitur:
968 2039 1072 2088 quod
1098 2040 1181 2088 jam
1219 2039 1321 2078 filius
1361 2052 1469 2078 meus
1512 2039 1719 2078 creditores
1751 2051 1841 2077 suos
1875 2039 1925 2077 ad

123 2102 161 2134 te
193 2097 363 2146 ablegat.
407 2096 579 2135 Obsecro
611 2099 747 2135 sartori
779 2096 916 2135 sedulo
948 2098 1149 2147 injungas,
1182 2109 1229 2136 ne
1262 2098 1328 2137 ille
1352 2099 1483 2137 efferat
1516 2100 1552 2135 in
1584 2099 1736 2147 vulgus,
1771 2104 1808 2136 te
1830 2098 1926 2135 mihi

124 2155 186 2193 hie
219 2167 375 2205 operam
405 2155 547 2196 locare.
585 2155 718 2194 Habes
752 2156 972 2205 imperiales
995 2161 1162 2205 quatuor
1175 2157 1228 2206 ii),
1264 2169 1329 2195 eos
1362 2162 1403 2195 ut
1435 2169 1592 2196 neeesse
1624 2159 1694 2195 erit
1726 2156 1925 2204 distribue,

125 2217 168 2252 ut
197 2216 363 2252 maxime
394 2216 621 2264 importunis
654 2213 700 2253 de
732 2219 842 2264 parte
874 2215 1008 2264 aliqua
1039 2215 1216 2253 satisfiat.
1271 2215 1479 2265 Reliquum
1511 2217 1673 2261 mittam,
1705 2215 1771 2253 ubi
1792 2214 1926 2253 Ratis-

123 2272 249 2311 bonae
273 2272 437 2311 subsidii
460 2272 551 2322 quid
575 2283 771 2322 accepero.
813 2277 864 2317 (In
890 2279 1052 2317 margine:
1090 2274 1210 2312 Miror
1232 2274 1372 2324 quibus
1396 2274 1572 2323 apicibus
1596 2274 1794 2312 literarum
1817 2285 1925 2312 mea-

123 2343 206 2368 rum
239 2333 523 2370 existimaveris
555 2330 663 2369 illum
694 2332 739 2368 iri
759 2332 922 2369 laesum.
970 2332 1028 2369 An
1061 2337 1235 2370 tenerum
1266 2332 1440 2382 theologi
1472 2334 1642 2370 animum
1674 2337 1711 2370 et
1743 2332 1820 2369 ictu
1843 2332 1923 2370 for-

123 2393 240 2427 tunae
273 2392 449 2427 saucium
492 2391 640 2437 innuis,
673 2395 715 2428 ut
745 2400 822 2427 non
855 2402 878 2428 a
908 2395 1053 2439 punctu
1089 2396 1258 2438 tantum,
1301 2391 1369 2429 sed
1403 2392 1520 2429 etiam
1553 2392 1601 2429 ab
1644 2391 1923 2440 imaginatione

123 2452 289 2497 punctus
328 2448 490 2487 doleat?
552 2448 705 2486 Aboleo
748 2453 877 2486 tamen
916 2448 1048 2487 literas
1081 2455 1118 2487 ct
1151 2449 1283 2487 differo
1325 2449 1375 2487 ad
1406 2451 1533 2499 ipsum
1573 2449 1756 2497 scribere,
1800 2448 1922 2487 donee

123 2506 275 2544 solvam
307 2506 508 2555 debiturn.)
541 2529 594 2534 —
627 2507 710 2544 Etsi
742 2508 928 2556 optarim,
971 2508 1022 2547 D.
1055 2508 1304 2545 Thummium
1335 2508 1578 2557 aegritudine
1617 2508 1735 2545 animi
1771 2519 1923 2554 vacare,

123 2570 165 2601 ut
198 2565 422 2614 compellari
453 2566 577 2613 possit
609 2564 655 2602 de
688 2576 805 2614 opera
835 2564 1002 2603 locanda
1033 2567 1070 2602 in
1104 2566 1244 2604 debitis
1270 2565 1642 2615 Hemmingerianis‚
1676 2577 1776 2613 quae
1808 2564 1925 2603 Stuc-

123 2623 275 2661 cardiae
322 2623 566 2671 colliguntur,
609 2622 838 2661 delibandis.
902 2623 1017 2661 Mitto
1050 2624 1099 2663 D.
1132 2623 1187 2662 M.
1219 2624 1484 2673 Hemmingeri
1523 2623 1705 2662 schedam
1738 2627 1923 2671 autogra-

123 2682 240 2730 phon.
282 2681 464 2730 Tubinga
485 2680 750 2719 Stuccardiam
773 2681 896 2720 crebri
928 2687 1147 2721 commeant
1177 2683 1326 2721 nuncii:
1358 2687 1488 2732 potest
1518 2682 1755 2731 interpellari
1776 2681 1925 2720 Doctor

122 2740 186 2778 ille
217 2740 532 2778 Stuccardianus.

264 2801 331 2836 Die
360 2800 410 2835 19.
436 2799 648 2834 Novembris
675 2798 799 2834 scribit
822 2799 1020 2844 Keplerus:
1055 2798 1151 2836 Cum
1192 2802 1330 2837 exacto
1371 2798 1589 2848 Septembri
1628 2797 1924 2836 Francofurtum

260 2921 291 2962 *)
317 2923 539 2956 Schickardus
564 2924 599 2954 in
623 2924 772 2962 margine
796 2924 894 2964 huJ'us
920 2923 1082 2965 epistolae
1107 2925 1190 2955 haec
1214 2926 1402 2957 annotavit:
1438 2925 1513 2955 Von
1539 2924 1632 2955 disen
1660 2926 1682 2956 4
1708 2925 1831 2955 Dalern
1857 2925 1920 2956 hab

125 2973 178 3004 ich
204 2971 286 3003 zalt:
313 2971 387 3002 dem
413 2970 593 3002 Schneider
618 2972 637 3002 3
655 2970 689 3001 fl.
720 2972 760 3002 16
779 2972 838 3007 kr.‚
865 2971 938 3001 dem
965 2970 1122 3003 Schuster
1147 2972 1167 3002 2
1185 2970 1219 3003 fl.
1248 2974 1289 3003 14
1307 2971 1389 3002 an.
1428 2971 1514 3001 Vmb
1540 2972 1638 3003 Stroh
1664 2973 1684 3003 6
1711 2973 1758 3003 kr.
1785 2971 1921 3003 Summa

124 3022 143 3051 6
164 3020 197 3052 fl.
225 3020 268 3050 18
286 3019 346 3055 kr.‚
373 3018 462 3048 diese
482 3019 523 3049 18
541 3019 589 3049 kr.
617 3017 760 3055 gehoren
786 3018 849 3047 mir
874 3018 1002 3051 heraus.
1040 3019 1122 3048 Item
1149 3018 1201 3048 fiir
1218 3018 1310 3049 Brief
1329 3019 1417 3049 nach
1440 3016 1517 3049 Uim
1543 3020 1563 3049 2
1581 3019 1641 3060 kr.‚
1668 3017 1836 3049 etlichmal
1860 3028 1922 3058 gen

123 3066 273 3105 Stutgart
298 3067 317 3096 2
343 3066 391 3095 kr.
416 3066 436 3095 2
462 3065 529 3106 kr.‚
565 3064 708 3095 trinkeld
735 3064 807 3094 dem
833 3065 911 3095 Bott
936 3066 954 3094 2
983 3066 1029 3096 kr.
1080 3065 1162 3095 Item
1196 3064 1268 3095 dem
1294 3065 1396 3095 Amos
1422 3065 1528 3103 Vogel
1559 3066 1611 3095 fiir
1637 3066 1700 3096 den
1725 3065 1832 3096 Paker
1858 3075 1918 3097 von

123 3111 202 3143 Vlm
229 3113 271 3144 18
297 3113 345 3143 kr.
398 3111 457 3141 Am
491 3111 682 3142 Jahrmarkt
715 3111 791 3141 vrnb
825 3112 880 3142 ein
911 3110 1085 3143 schlosslin
1119 3113 1140 3142 4
1166 3111 1222 3144 Bz.
1264 3112 1313 3142 Zu
1344 3112 1568 3153 Beiichtopfer
1601 3113 1618 3144 1
1645 3111 1704 3147 ΒΖ.
1761 3113 1814 3146 18.
1840 3112 1921 3153 Maji

126 3160 169 3197 10
193 3160 244 3194 kr.
286 3158 437 3199 Stutgart
462 3160 482 3190 2
507 3159 556 3192 kr.
598 3158 675 3189 Vlm
701 3159 721 3190 2
746 3158 794 3192 kr.
837 3158 885 3189 Zu
910 3159 970 3190 hut
994 3157 1059 3190 salz
1084 3159 1128 3192 20
1153 3159 1199 3190 kr.
1248 3159 1383 3192 Summa
1409 3160 1427 3192 1
1454 3157 1488 3192 fl.
1516 3160 1560 3192 20
1584 3160 1634 3194 kr.
