2126 3388
254 160 339 205 800
924 156 1008 192 Vita
1031 156 1055 192 J
1057 155 1182 193 oannis
1207 156 1366 202 Kepleri.

255 279 330 319 Sed
370 279 460 328 quia
500 280 717 316 commenta
757 287 829 313 sua
869 276 1030 326 opponit
1072 277 1225 314 veritati
1268 274 1489 322 oculorum,
1531 273 1624 323 quid
1663 273 1770 312 aliud
1808 275 2047 325 exspectabit

255 351 370 387 quam
403 342 443 374 ut
475 334 621 373 cordati
654 345 786 371 omnes
820 333 960 381 dicant,
994 334 1103 371 illum
1136 346 1221 372 cum
1253 336 1402 371 ratione
1430 331 1656 381 Juveniliter
1685 333 1881 372 insanire?
1911 333 2047 383 Neque

254 403 381 434 tamen
413 394 567 430 memini
601 393 789 439 omnium,
834 396 944 429 crunt
983 392 1146 430 fortasse
1176 392 1299 429 multa
1332 392 1468 429 acriori
1511 401 1672 427 censura
1704 391 1840 439 digna,
1883 403 1982 440 quae
2015 393 2047 428 si

256 456 353 492 serio
385 451 524 489 librum
557 451 687 499 legero
719 456 757 488 et
787 451 819 486 si
850 455 1001 499 tempus
1034 449 1082 487 ad
1113 450 1212 488 hanc
1244 461 1400 499 operam
1432 447 1654 498 impendere
1685 453 1842 498 potero,
1874 449 2049 499 pauculis

257 512 382 549 verbis
414 509 665 558 consignabo.
728 507 1055 545 Contumeliosius
1091 508 1186 545 nihil
1219 506 1466 556 deprehendi,
1500 518 1615 555 quam
1647 508 1768 544 verba
1798 508 1900 544 tituli
1933 519 2050 557 supra

255 569 435 618 allegata.
496 568 675 615 Denique
706 565 796 603 talis
826 565 982 603 libellus
1014 565 1187 612 videtur,
1229 567 1295 614 qui
1327 570 1365 602 et
1396 565 1478 602 sine
1518 565 1692 602 veritatis
1720 565 1874 612 jactura
1905 565 2050 614 negligi

259 633 295 665 et
325 625 437 664 salva
467 627 660 674 gravitate
693 625 763 660 viri
797 623 944 661 cordati
983 624 1103 662 refelli
1143 623 1297 674 publice
1329 624 1472 672 possit,
1512 623 1545 659 si
1585 621 1674 660 talis
1712 623 1892 661 refutatio
1927 625 2051 661 susci-

256 686 383 735 piatur
415 682 639 720 instituendi
671 693 789 719 causa
815 682 1000 730 juvenem
1033 694 1108 719 non
1141 693 1234 719 sane
1266 681 1422 727 malum,
1455 691 1526 719 nec
1548 679 1744 718 indoctum
1768 681 2049 731 impolitumvc‚

256 748 294 781 et
326 754 410 780 cum
443 741 508 778 illo
540 741 682 779 multos
725 740 823 777 alios
855 742 891 777 in
938 741 1072 778 eodem
1113 741 1194 778 luto
1234 740 1451 777 haerentes.
1512 738 1573 777 Ita
1611 739 1705 776 mihi
1749 740 1898 788 visum,
1942 739 2053 790 plura

259 802 355 839 forte
387 800 496 838 alias.

397 858 520 895 Tuam
563 858 882 894 incrementorum
935 856 1098 893 Veneris
1146 855 1553 904 decrementorumquc
1606 855 1919 893 observationem
1964 859 2053 894 ante

261 922 411 954 nostros
443 915 629 953 tumultus
661 926 801 963 magna
829 914 1073 963 jucunditate
1106 913 1193 962 legi,
1227 925 1312 950 cum
1344 912 1541 950 literarum
1564 916 1601 950 et
1623 912 1892 963 philosophiae
1927 914 2054 951 culto-

259 977 364 1013 ribus
396 975 679 1012 communicavi
710 975 905 1020 etiamque
929 973 1085 1010 Caesari
1117 971 1378 1008 nunciandum
1401 971 1547 1010 curavi.
1589 970 1712 1021 Cupio
1740 977 1935 1022 spectator
1956 983 2054 1010 esse.

259 1034 557 1071 Instrumentum
588 1031 707 1068 habet
737 1031 795 1071 Ill.
829 1030 967 1068 Orator
1000 1035 1126 1068 cetera
1159 1031 1343 1078 optimum
1377 1034 1414 1066 et
1445 1040 1521 1078 quo
1553 1028 1647 1078 heri,
1681 1029 1873 1086 dominiga
1894 1030 2055 1067 Palma-

260 1104 362 1138 rum,
407 1090 507 1138 vidi,
545 1091 585 1126 ni
622 1089 751 1134 fallor,
794 1100 927 1127 omnes
959 1093 1124 1137 quatuor
1155 1088 1347 1129 (satellites
1366 1090 1494 1133 Jovis),
1527 1086 1594 1124 sed
1634 1087 1738 1136 quod
1780 1099 1854 1126 non
1888 1088 2055 1138 amplius

260 1161 376 1199 quam
407 1149 642 1198 septuplicat
673 1147 913 1185 diametrum.
976 1147 1088 1184 Luna
1119 1146 1218 1183 enim
1257 1145 1360 1182 nudo
1400 1146 1513 1182 oculo
1554 1146 1639 1182 visa
1677 1152 1820 1195 aequat
1850 1148 2057 1184 maximam

261 1208 394 1246 Lunae
427 1207 616 1244 maculam
650 1207 686 1242 in
718 1207 986 1245 instrumento.
1048 1204 1134 1241 Hoc
1166 1205 1460 1240 instrumentum
1492 1214 1567 1240 non
1600 1204 1847 1242 suffecturum
1881 1210 1974 1254 puto
2008 1203 2057 1242 ad

262 1267 418 1304 Saturni
451 1265 691 1313 Venerisque
730 1264 873 1312 figuras
918 1261 1214 1312 dignoscendas.
1281 1261 1488 1310 Inopinata
1527 1261 1620 1298 mihi
1659 1262 1945 1311 quodammodo
1988 1263 2059 1300 fuit

262 1330 329 1362 tua
361 1324 595 1362 observatio.
657 1322 754 1359 Nam
787 1325 942 1371 propter
974 1323 1167 1369 ingentem
1200 1319 1412 1357 claritatem
1436 1319 1599 1357 Veneris
1632 1321 1831 1370 opinabar,
1866 1322 2061 1370 proprium

264 1384 299 1419 in
333 1382 400 1419 illa
430 1382 559 1419 lumen
592 1382 731 1417 inesse.
793 1379 931 1428 ltaque
963 1379 1127 1416 multum
1159 1389 1308 1415 mecum
1341 1377 1515 1423 meditor,
1549 1379 1655 1427 quali
1677 1379 1878 1429 superficie
1900 1379 2060 1427 globum

262 1441 364 1479 hunc
396 1444 573 1490 oporteat
604 1450 687 1476 esse
719 1438 948 1488 praeditum.
1012 1437 1153 1473 Mirum
1187 1437 1260 1472 nisi
1293 1435 1447 1473 Cinthia
1477 1441 1559 1473 tota
1591 1439 1709 1474 aurea
1740 1442 1810 1484 est,
1844 1443 1922 1485 aut,
1957 1436 2062 1486 quod

263 1498 540 1537 Fundamentis
575 1496 827 1544 Astrologicis
860 1496 948 1542 dixi,
982 1494 1177 1533 electrina.
1222 1494 1351 1542 Atque
1383 1493 1451 1531 illa
1474 1499 1524 1541 te,
1556 1496 1630 1532 nisi
1652 1496 1787 1533 tetrico
1812 1496 1922 1533 vultu
1946 1507 2062 1534 aver-

263 1559 371 1604 saris,
405 1556 546 1594 blande
578 1556 770 1604 respiciat.
834 1554 944 1591 Vale.

399 1623 441 1658 L.
461 1623 553 1656 Baro
571 1621 688 1656 Joan
701 1631 777 1655 nes
805 1620 1050 1654 Hoffmann
1077 1618 1233 1663 Keplero
1259 1617 1407 1653 tradidit
1431 1618 1525 1652 vitae
1551 1627 1638 1652 suae
1665 1617 1952 1664 descriptionem,
1978 1630 1999 1654 a
2024 1631 2062 1655 se

264 1682 343 1726 ipso
371 1680 619 1724 conscriptam,
644 1684 683 1713 ut
702 1679 913 1722 corrigeret,
942 1688 1032 1721 quae
1051 1678 1167 1711 minus
1194 1682 1279 1721 apta
1305 1677 1529 1720 viderentur,
1556 1681 1666 1720 atque
1691 1683 1730 1712 ut
1751 1678 1925 1721 judicium
1952 1679 1996 1713 de
2023 1689 2064 1714 ea

267 1740 333 1776 sibi
359 1738 649 1773 communicaret.
698 1736 893 1780 Keplerum
919 1736 1002 1770 huic
1028 1736 1193 1779 petitioni
1220 1735 1373 1769 fautoris
1402 1734 1558 1768 diuturni
1585 1736 1805 1771 satisfecisse
1839 1742 1990 1782 apparet
2020 1748 2064 1772 ex

267 1797 505 1841 responsione
530 1794 745 1838 Hoffmanni⁷
772 1795 856 1829 data
881 1795 1019 1837 Pragae
1047 1796 1132 1835 1,,οΧ
1150 1793 1283 1835 lccto‘·)
1312 1792 1344 1826 d.
1370 1793 1427 1828 28.
1446 1792 1654 1827 Decembris
1677 1795 1776 1829 11311.
1818 1795 1914 1837 Heri,
1942 1795 2065 1830 scribit

265 1855 516 1895 Hoffmannus,
542 1854 612 1897 legi
637 1859 774 1898 partem
800 1858 942 1888 tuarum
970 1853 1185 1887 notularum.
1229 1851 1398 1886 Gratulor
1418 1850 1461 1885 de
1487 1852 1737 1886 benevolentia
1765 1852 1851 1886 mihi
1882 1857 1917 1887 et
1949 1854 2066 1888 omnia

264 1916 391 1959 probo.
441 1914 488 1948 At
512 1913 668 1957 ignosce,
696 1913 743 1946 mi
770 1911 935 1956 Keplere,
964 1911 1028 1945 tibi
1054 1910 1089 1944 in
1116 1909 1279 1945 omnibus
1305 1909 1502 1953 prudenter
1529 1910 1670 1953 quidem
1695 1911 1927 1954 prospicienti
1947 1911 1976 1945 si
1994 1922 2066 1945 non

267 1973 444 2015 ausculto,
473 1973 536 2007 scd
562 1973 695 2006 larvam
723 1970 857 2014 ingenii
883 1979 1039 2013 sequens
1067 1968 1176 2002 menti
1202 1968 1369 2011 propriae
1396 1967 1513 2001 adhuc
1539 1968 1598 2002 hic
1623 1968 1803 2012 indulgeo,
1853 1969 1947 2003 Dum
1973 1970 2066 2004 enim

266 2043 345 2067 mea
369 2032 457 2076 ista,
494 2042 586 2075 quae
613 2035 695 2064 ante
723 2040 854 2064 annum
882 2032 1076 2071 aegrotans
1102 2027 1136 2060 in
1164 2026 1325 2070 pagellas
1351 2025 1526 2069 quasdam
1563 2026 1787 2070 negligenter
1812 2027 1969 2071 conjeci,
2005 2032 2068 2062 tua

276 2102 371 2126 nunc
397 2089 613 2125 excitatione
639 2094 777 2132 repeto,
803 2087 944 2131 reperio
971 2091 1088 2120 errata
1114 2084 1258 2129 quidem
1284 2084 1456 2128 plurima,
1484 2093 1576 2127 quae
1602 2084 1674 2117 tuis
1701 2083 1812 2118 oculis
1837 2083 1972 2128 lynceis
1998 2095 2070 2119 non

271 2148 397 2183 mirum
430 2149 461 2182 si
495 2158 666 2182 nauseam
702 2146 847 2190 pariunt
873 2150 908 2180 et
933 2144 1104 2178 taedium.
1156 2143 1243 2178 Cum
1270 2153 1353 2177 vero
1388 2142 1477 2175 haec
1503 2141 1627 2175 eadem
1658 2141 1778 2176 vincat
1804 2142 2008 2177 humanitas
2034 2147 2069 2177 et

273 2206 426 2246 affectio,
452 2206 555 2241 video
581 2205 677 2249 quod
704 2213 914 2239 succurrere
941 2203 1053 2247 cupis.
1102 2202 1171 2236 Hic
1209 2205 1401 2236 occurrunt
1427 2210 1445 2234 e
1471 2199 1617 2242 regione
1648 2199 1806 2234 rationes
1833 2200 1994 2245 aliquae,
2031 2200 2068 2234 ni

272 2264 379 2299 fallor
410 2264 507 2298 haud
540 2263 653 2305 leves,
689 2273 781 2306 quae
812 2262 959 2296 meliora
995 2266 1058 2295 tua
1094 2267 1129 2294 et
1160 2261 1291 2294 bonam
1325 2258 1559 2292 intentionem
1590 2257 1724 2301 ubique
1761 2269 1831 2291 non
1865 2257 2067 2293 admittunt.

271 2321 541 2356 Meliorationes
575 2325 659 2355 tuae
684 2325 790 2354 antea
817 2331 836 2354 a
861 2330 916 2354 me
943 2320 1048 2354 fassis
1082 2319 1344 2362 contradicere,
1380 2317 1618 2352 simulationis
1651 2317 1891 2361 suspicionem
1923 2317 2070 2361 injicere

273 2383 309 2414 et,
332 2378 509 2413 mendacii
534 2388 682 2421 arguere
708 2377 883 2422 videntur,
911 2382 945 2411 et
971 2378 1021 2412 sic
1049 2377 1260 2421 corrigenda
1286 2378 1425 2421 integre
1451 2376 1585 2420 omnia,
1625 2376 1681 2410 vel
1706 2376 1803 2410 nihil.
1852 2377 1991 2412 Deinde
2017 2382 2072 2412 est

272 2437 357 2471 mihi
383 2437 496 2480 stilus⁷
525 2436 750 2479 quantumvis
777 2435 894 2470 tenuis
921 2440 956 2470 et
982 2435 1181 2480 negligens,
1208 2445 1349 2479 semper
1375 2435 1468 2469 idem
1497 2441 1531 2471 et
1555 2436 1671 2471 instar
1696 2437 1840 2471 innatus
1845 2463 1966 2472 .....
2009 2436 2068 2469 Me

277 2495 432 2531 dilucide
459 2495 615 2530 omnium
642 2505 713 2529 non
739 2493 824 2528 dare
849 2494 1043 2537 rationem,
1084 2505 1176 2537 quae
1201 2495 1310 2528 innuo
1340 2494 1383 2528 de
1409 2494 1595 2530 literarum
1622 2495 1767 2539 studiis,
1803 2495 1847 2530 de
1873 2493 2070 2538 disciplinis

273 2558 350 2598 etc,
376 2564 421 2588 ne
446 2558 481 2589 te
506 2552 666 2588 afficiant
692 2563 765 2587 oro.
801 2552 987 2596 Attingere
1006 2556 1143 2586 tantum
1170 2552 1296 2586 leviter
1316 2563 1358 2586 ea
1383 2553 1534 2588 intentio
1555 2558 1640 2598 erat,
1669 2564 1760 2597 quae
1784 2553 1982 2597 praeterire
1998 2564 2070 2588 non

274 2612 376 2658 potui
380 2638 500 2648 .....
550 2611 676 2646 Scribo
702 2610 888 2655 quaedam,
916 2616 954 2645 nt
981 2610 1134 2654 stupidis
1161 2610 1375 2654 quibusdam
1402 2621 1463 2645 cor
1488 2622 1664 2655 premam,
1699 2611 1795 2655 quod
1819 2622 1889 2645 non
1916 2611 2070 2646 inconsi-

275 2671 400 2705 derate
426 2669 605 2715 geminato
632 2670 754 2704 sensui
779 2669 934 2703 involvo.
984 2669 1099 2712 Quem
1125 2670 1215 2713 volO,
1242 2669 1370 2713 capiet,
1400 2669 1550 2705 aliorum
1575 2671 1727 2705 interest
1751 2670 1850 2704 nihil.
1871 2698 1877 2705 .
1898 2698 1905 2705 .
1925 2698 1934 2706 .
1972 2670 2071 2705 Haec

276 2728 321 2764 ad
349 2734 384 2764 te
410 2728 576 2763 molestia
601 2727 715 2762 morbi
733 2727 798 2763 mei
819 2728 1009 2771 expressit.
1045 2728 1081 2761 Si
1101 2738 1171 2761 non
1191 2729 1318 2772 omnia,
1346 2738 1390 2762 ex
1416 2729 1511 2763 omni
1537 2729 1668 2772 angulo
1689 2729 1817 2763 decore
1837 2733 1872 2763 et
1891 2729 2069 2772 decenter,

276 2792 437 2822 amanter
462 2792 592 2829 tamen,
618 2787 704 2821 mihi
730 2785 852 2829 crede,
879 2790 915 2820 et
938 2786 974 2820 in
1001 2786 1095 2820 hunc
1120 2786 1227 2820 finem
1254 2787 1384 2828 solum,
1419 2797 1463 2821 nc
1490 2787 1519 2821 si
1544 2792 1662 2823 tecum
1689 2788 1830 2821 omnino
1855 2797 1911 2821 me
1939 2786 2071 2821 sentire

276 2856 349 2881 non
376 2846 624 2890 conspexeris,
657 2845 761 2880 aliter
793 2845 862 2879 hoc
898 2845 1054 2889 accipias
1091 2850 1152 2879 aut
1179 2846 1221 2879 dc
1247 2845 1412 2880 libertate
1444 2850 1506 2880 tua
1537 2846 1727 2889 quicquam
1758 2845 1929 2879 remittas.
1981 2847 2072 2878 Amo

278 2905 370 2939 enim
396 2905 504 2950 illam,
530 2905 674 2939 unicum
699 2904 876 2939 amicitiae
907 2914 1029 2938 verum
1061 2915 1134 2940 cor.
1184 2904 1290 2946 Vale,
1323 2909 1430 2947 teque
1460 2903 1576 2947 ipsum
1611 2907 1800 2947 exspecto,
1836 2901 1979 2946 quando
2006 2902 2074 2937 erit

279 2968 432 3006 gratum.
459 2984 501 2988 —
530 2963 720 3007 (Inscripta
747 2967 802 2998 est
827 2961 1033 2996 Hoffmanni
1052 2964 1134 2998 Vita
1162 2964 1390 3006 „lioucan0“,
1417 2972 1568 3005 eamque
1587 2961 1777 3005 Keplems,
1804 2960 1897 2995 forte
1916 2960 2072 3004 descrip-

280 3024 362 3064 tam,
395 3031 516 3055 secum
541 3021 708 3065 retinuit;
733 3021 826 3055 inest
852 3020 966 3054 codici
992 3021 1214 3064 Vienniensi‚
1244 3020 1304 3064 qui
1330 3020 1491 3054 continet
1517 3019 1702 3063 Epistolas
1730 3018 1879 3061 Kepleri
1905 3018 2072 3052 aliorum-

282 3088 352 3121 que
378 3084 530 3123 mutuas‚
557 3079 652 3114 unde
678 3078 851 3115 desumsit
875 3078 974 3112 illam
999 3078 1204 3114 Hanschius
1230 3083 1265 3113 et
1291 3078 1493 3113 collectioni
1519 3089 1606 3113 suae
1631 3077 1790 3122 inseruit,
1816 3077 1877 3112 ubi
1903 3076 2034 3121 legitur
2052 3085 2073 3110 a

281 3144 315 3181 p.
345 3136 404 3170 151
432 3135 467 3170 in
496 3136 587 3182 161.)
