2126 3388
283 169 367 214 ’772
962 165 1048 203 Vita
1071 166 1224 204 Joannis
1248 166 1410 213 Kepleri.

280 290 319 326 iu
351 300 411 326 me
443 286 576 324 merita
607 289 697 323 sunt
728 286 868 324 viliora
898 285 1062 334 reddita,
1095 291 1301 337 postquam
1328 287 1409 336 Jam
1433 285 1584 335 aliquot
1604 296 1727 324 annos
1755 285 1849 323 mihi
1870 286 2081 325 laetissime

281 345 521 390 fructificant,
554 355 680 392 neque
712 345 874 383 verbum
899 357 922 382 a
943 357 1003 382 me
1027 345 1170 383 dictum
1192 347 1366 384 revocari
1398 344 1661 393 indictumque
1683 344 1764 382 fieri
1786 348 1915 394 potest
1935 344 2081 382 multo-

282 416 356 453 que
387 403 511 440 minus
543 402 726 440 infectum
767 414 977 441 vanescere
1019 402 1145 442 debet.
1209 404 1354 454 Accipe
1385 404 1503 452 igitur
1533 415 1556 441 a
1587 414 1648 441 me
1678 402 1779 441 hanc
1814 414 1924 441 meae
1954 404 1994 440 in
2024 402 2080 440 Te

276 462 516 511 justissimae
549 461 762 499 voluntatis
792 460 1116 510 significationem
1149 466 1220 500 etc.

418 532 638 567 Barwitio
665 532 755 568 haec
780 532 894 568 refert
918 533 1098 577 Keplerus
1126 534 1234 577 (VIII.
1261 533 1312 567 Id.
1332 533 1429 576 Sept.
1454 531 1575 576 1606):
1603 529 1699 567 Cum
1723 530 1910 580 superiori
1933 533 2081 568 aestate

280 589 318 623 in
349 586 518 636 Styriam
549 588 743 637 profectus
783 600 906 627 essem
939 587 1141 626 domestici
1171 590 1317 637 negotii
1350 599 1487 634 causa,
1528 588 1630 625 bono
1663 587 1833 637 quodam
1865 588 2081 626 studiorum

279 656 452 683 meorum
482 646 562 683 fato
595 646 745 693 accidit,
781 653 821 684 ut
842 646 1019 684 venalem
1044 646 1191 684 Graetii
1223 648 1437 684 invenirem
1469 646 1644 683 libellum
1666 645 1865 684 Laurentii
1887 646 2081 696 Suslygae

280 703 431 750 Poloni,
465 705 525 740 cui
558 704 711 741 titulum
744 705 853 742 fecit:
898 706 957 743 De
990 706 1104 742 Anno
1137 709 1242 742 ortus
1275 711 1312 742 et
1343 705 1477 742 mortis
1509 704 1679 741 Domini.
1743 704 1865 753 Cujus
1896 704 1984 742 libri
2017 716 2080 741 ar—

279 766 462 809 gumento
495 762 653 800 mirifice
692 763 908 801 delectatus
949 765 1060 813 coepi
1104 763 1149 800 de
1194 774 1240 801 00
1272 762 1320 800 ad
1362 774 1488 800 meum
1530 762 1704 800 libellum
1739 762 1785 799 de
1815 761 1930 800 Nova
1961 762 2083 800 Stella

280 818 528 868 Serpentarii‚
563 831 675 869 quem
710 826 800 858 tunc
833 821 1058 868 meditabar,
1092 821 1422 859 accommodando
1457 821 1627 869 cogitare
1632 848 1773 858 .....
1838 820 1934 858 Cum
1965 821 2082 869 igitur

278 876 575 927 descriptionem
607 879 730 928 ipsam
754 879 912 927 Stellae,
947 892 993 918 ex
1016 880 1142 917 officio
1175 880 1370 929 scriptam,
1403 879 1505 917 Suae
1530 879 1640 917 Caes.
1663 878 1862 927 Majestati
1892 883 1935 915 ut
1967 877 2081 916 debui

280 934 552 983 dedicaverim,
584 937 684 974 hanc
716 940 853 975 unicae
885 938 1001 986 hujus
1024 939 1335 976 circumstantiae
1358 939 1626 987 temporariae,
1661 941 1780 985 quoto
1814 948 1915 974 anno
1940 936 2080 973 Christi

277 993 427 1032 fulserit
459 1000 591 1033 nostra
622 993 757 1043 stella,
803 995 1123 1043 elucidationem,
1163 998 1200 1032 111
1232 995 1300 1033 1110
1332 1007 1418 1033 meo
1451 997 1530 1034 otio
1562 994 1738 1044 Styriaco
1771 997 1976 1044 scriptam,
2019 995 2080 1032 cui

275 1053 405 1101 potius
438 1053 609 1099 offeram,
643 1065 759 1102 quam
783 1053 842 1091 Ill.
867 1054 980 1092 Dom.
1004 1054 1125 1099 Tuae,
1158 1060 1211 1101 ut,
1246 1056 1346 1092 sicut
1378 1053 1456 1092 illic
1487 1053 1591 1091 Suae
1612 1053 1812 1102 Majestati
1845 1052 1961 1090 officii
1988 1054 2078 1099 mei,

276 1111 331 1147 sic
362 1110 425 1148 hic
457 1112 525 1148 otii
556 1123 623 1161 per
654 1112 709 1150 Te
742 1112 834 1150 mihi
875 1113 1068 1162 procurati
1110 1113 1297 1150 rationem
1330 1112 1419 1149 Tibi
1459 1110 1651 1150 reddam?
1705 1111 1908 1149 Accedunt
1938 1110 1998 1150 Ill.
2032 1111 2079 1149 D.

276 1167 386 1205 Tuae
418 1170 554 1206 merita
586 1181 671 1207 cum
704 1171 740 1206 in
783 1175 883 1208 artes
925 1181 1058 1207 omnes
1100 1176 1136 1208 et
1167 1171 1411 1221 potissimum
1445 1171 1480 1206 111
1513 1171 1788 1208 astronomiam
1822 1169 2080 1217 Braheanam,

278 1230 358 1263 tum
389 1238 481 1264 vero
514 1232 552 1264 et
583 1229 619 1263 in
653 1239 783 1266 earum
818 1221 986 1266 cultores
1018 1239 1156 1277 meque
1190 1228 1288 1267 adeo
1322 1230 1462 1278 ipsum,
1494 1233 1537 1265 ut
1568 1240 1731 1277 quorum
1763 1228 2019 1278 patrocinium
2042 1229 2082 1264 in

277 1284 350 1322 hac
382 1285 562 1333 Augusta
593 1286 698 1323 Aula
729 1288 784 1324 sic
815 1287 1030 1336 suscepisti,
1068 1292 1109 1324 ut
1140 1286 1240 1324 hauc
1271 1286 1440 1336 palmam
1473 1286 1588 1324 cedas
1620 1288 1777 1327 nemini.
1839 1287 1970 1335 Atque
2002 1285 2081 1322 uti-

278 1353 366 1379 nam
398 1343 545 1391 aliquid
578 1356 601 1381 a
633 1356 691 1382 me
724 1344 915 1394 proficisci
949 1346 1082 1394 possit,
1117 1345 1221 1392 quod
1243 1345 1333 1382 Tibi
1366 1349 1515 1382 tantum
1547 1346 1673 1394 pariat
1695 1344 1921 1395 voluptatiS,
1955 1355 2082 1394 quan-

279 1404 360 1438 tum
392 1412 438 1438 ex
469 1401 542 1439 hac
574 1401 660 1439 Tua
692 1403 815 1440 tutela
848 1415 920 1451 ego
953 1405 1055 1441 sensi
1088 1402 1268 1441 utilitatis
1301 1403 1501 1441 hactenus.
1538 1425 1583 1430 -

413 1467 576 1503 Jesuitae
602 1469 823 1512 Moguntiaci
850 1480 870 1503 a
896 1469 1051 1504 Pistor-io
1079 1469 1271 1512 epistolam
1296 1469 1447 1513 Kepleri
1473 1468 1518 1503 ad
1545 1468 1765 1512 Scaliger-um
1791 1472 1858 1508 (IV.
1881 1473 1935 1510 94)
1964 1469 2081 1505 datam

276 1534 370 1559 anno
401 1525 488 1560 1605
516 1525 706 1569 legendam
732 1532 951 1571 acceperunt
979 1538 1129 1571 canique
1155 1527 1250 1571 typis
1278 1527 1527 1561 excutiendam
1562 1526 1631 1561 sibi
1656 1532 1937 1571 proposuerunt.
1986 1527 2082 1571 Kep-

280 1582 377 1617 lerus
405 1584 450 1618 ad
477 1585 724 1627 quaestionem
741 1584 907 1620 Jesuitae
926 1585 1058 1620 Serarii
1078 1585 1277 1629 respondit,
1306 1585 1472 1630 privatim
1500 1595 1537 1619 se
1564 1584 1609 1619 ad
1636 1585 1856 1629 ‘Sc-aligerum
1883 1585 2082 1630 scripsisse,

282 1641 402 1685 itaque
431 1652 569 1685 rogare,
599 1642 776 1685 siquidem
805 1644 947 1678 omnino
975 1644 1211 1678 constitutum
1238 1644 1372 1679 habeat
1399 1643 1506 1678 edere
1535 1643 1745 1688 epistolam⁷
1772 1648 1812 1678 ut
1836 1643 1872 1678 id
1899 1643 2082 1687 Scaligero

283 1699 461 1742 significet
497 1703 533 1733 et
557 1710 770 1744 responsum
798 1701 841 1735 ab
870 1703 948 1746 ipso
981 1706 1101 1747 petat,
1138 1702 1234 1745 quod
1269 1702 1449 1746 epistolae
1482 1712 1569 1736 suae
1596 1701 1848 1746 subjungatur.
1899 1701 2081 1745 scaligero

281 1768 364 1793 vero
391 1758 515 1793 scribit
539 1758 730 1803 chlcrus,
757 1760 932 1795 nuncians
966 1760 1019 1794 illi
1046 1761 1176 1795 Serarii
1202 1762 1450 1806 propositum:
1488 1758 1683 1808 Rescripsi
1704 1770 1751 1796 ne
1773 1757 1928 1803 faceret,
1955 1768 2082 1806 neque

281 1817 382 1852 enim
415 1826 599 1852 noveram
630 1815 844 1864 homiuem,
876 1828 1001 1866 neque
1034 1820 1186 1866 privata
1216 1817 1381 1867 publicis
1414 1818 1564 1855 misceri
1597 1817 1716 1853 volui.
1777 1815 1864 1853 Non
1896 1816 2083 1854 abstinuit

281 1878 422 1920 tamen,
456 1875 546 1922 quin
579 1885 665 1911 mco
697 1876 850 1912 nomine
883 1877 920 1911 in
953 1879 1107 1925 nuperis
1139 1876 1321 1913 nundinis
1353 1879 1535 1913 uteretur.
1597 1874 1707 1912 Haec
1739 1875 1854 1922 igitur
1885 1874 1932 1912 ad
1960 1879 2009 1920 te,
2041 1878 2083 1910 ut

281 1934 410 1978 scires,
445 1943 505 1969 me
537 1933 658 1969 inscio
691 1928 804 1980 sacta,
839 1938 875 1970 et
906 1944 953 1971 ne
986 1946 1063 1983 qua
1093 1946 1243 1972 remora
1275 1940 1377 1972 esset
1407 1935 1445 1971 in
1478 1933 1720 1984 impetrando
1753 1933 1822 1970 abs
1855 1938 1891 1970 te
1912 1933 2080 1981 negotio,

283 1989 387 2038 quod
418 1989 491 2027 hac
523 1990 689 2040 epistola
719 2002 793 2039 ago
827 1992 992 2040 publice,
1027 2005 1105 2040 qua
1136 1993 1237 2031 lecta
1271 1992 1364 2042 quid
1396 1991 1513 2030 velim
1545 1994 1644 2029 scies
1677 1997 1748 2029 etc.
1789 1993 1958 2037 Epistola
1977 2002 2082 2036 quam

283 2050 368 2085 (licit
395 2050 595 2095 Keplerus,
632 2051 715 2085 data
749 2056 803 2086 cst
828 2051 974 2086 Octobri
1007 2053 1090 2086 anni
1125 2054 1216 2088 1607
1244 2058 1280 2087 ct
1305 2056 1425 2087 exstat
1449 2053 1470 2086 l.
1504 2063 1532 2087 0.
1555 2063 1591 2096 p.
1621 2053 1688 2089 102
1716 2062 1765 2088 ss.
1815 2052 1963 2086 Initium
1995 2050 2083 2086 facit

282 2108 460 2152 petendo,
496 2119 540 2143 ne
575 2109 718 2143 sinistre
753 2110 796 2144 de
829 2120 867 2143 se
893 2110 1056 2155 Scaliger
1088 2112 1265 2155 suspicari
1297 2111 1449 2155 incipiat
1483 2111 1526 2145 ob
1565 2112 1827 2155 „importunam
1861 2110 2083 2145 mentionem

286 2167 461 2210 epistolae
489 2167 533 2202 ad
562 2172 597 2201 te
626 2168 793 2211 scriptae,
821 2178 926 2211 quam
955 2168 1118 2203 Serarius
1144 2179 1200 2202 1110
1227 2170 1338 2203 inscio
1366 2174 1492 2204 nactus
1521 2173 1610 2204 est“.
1662 2169 1829 2203 Ceterum
1857 2168 2082 2203 occasionem
2110 2195 2113 2199 1

282 2226 376 2260 hanc
401 2237 504 2260 suum
539 2226 575 2259 in
608 2236 711 2260 usum
739 2227 860 2271 vertit,
900 2226 982 2261 inde
1007 2227 1050 2262 ab
1076 2238 1117 2261 eo
1153 2232 1314 2272 tempore
1346 2239 1412 2272 per
1443 2228 1646 2272 complures
1679 2238 1793 2262 annos
1825 2238 1906 2261 cum
1930 2226 2082 2262 Jesuitis

283 2284 543 2328 Moguntiacis,
577 2285 771 2329 praecipue
803 2284 983 2319 Joanne
1017 2284 1243 2329 Ziegler0‚
1278 2286 1322 2319 de
1347 2286 1454 2320 rebus
1481 2286 1745 2329 chronologicis
1771 2287 1841 2330 (IV.
1869 2289 1934 2319 111
1962 2285 2020 2328 55.)
2047 2288 2083 2319 et

285 2343 533 2377 astronomicis
563 2345 615 2386 (11.
645 2346 722 2376 828.
750 2346 825 2377 Vll.
852 2344 884 2386 9)
912 2348 1159 2377 conversatus.
1209 2344 1394 2388 Zieglerus
1420 2344 1531 2379 refert
1559 2345 1602 2379 de
1629 2344 1943 2379 observationibus
1971 2342 2081 2386 eclip—

285 2401 391 2444 sium,
420 2400 463 2434 de
489 2401 650 2444 cometis,
678 2401 828 2434 Romani
854 2401 899 2434 ad
927 2399 1085 2434 Cluvium
1112 2401 1236 2435 literas
1264 2402 1335 2446 dat,
1362 2406 1402 2435 ut
1420 2402 1616 2446 chlerum
1643 2403 1789 2447 adjuvet
1813 2403 1849 2437 111
1874 2400 2083 2445 colligendis

284 2458 439 2503 plurium
474 2459 660 2503 eclipsium
696 2457 1020 2494 observationibus.
1064 2459 1248 2503 (Occurrit
1280 2460 1315 2493 in
1350 2460 1505 2503 epistola
1537 2460 1693 2503 Ziegleri
1726 2461 1816 2494 mira
1852 2470 1940 2494 sane
1969 2458 2082 2493 Clavii

286 2517 486 2552 confessio:
525 2517 591 2559 „de
617 2517 789 2562 'lfychone
822 2527 892 2550 11011
924 2527 1073 2561 possum
1107 2517 1225 2552 dicere
1250 2528 1365 2552 meam
1392 2519 1625 2563 sententiam,
1663 2531 1743 2555 cum
1770 2519 1850 2563 ejus
1876 2528 1986 2563 opera
2012 2528 2083 2552 non

286 2575 484 2619 vider-imm
532 2575 696 2610 Moncnti
721 2575 887 2618 Zieglero
917 2586 981 2616 „ne
999 2575 1160 2620 patiaris,
1189 2576 1433 2619 exspectando
1459 2577 1791 2612 mathematicorum
1817 2587 1863 2611 ex
1880 2577 1967 2611 orbe
1985 2576 2083 2610 Chri-

287 2636 402 2670 stiano
437 2645 612 2679 responsa
645 2634 689 2668 de
725 2633 834 2668 solari
870 2634 939 2668 1100
973 2634 1131 2677 deliquio
1160 2635 1202 2679 (v.
1229 2648 1253 2668 s.
1282 2648 1317 2679 p.
1344 2636 1440 2678 764),
1478 2635 1796 2679 Hipparchum
1821 2637 1921 2668 tuum
1948 2633 2081 2668 diutius

289 2693 436 2737 publico
465 2695 623 2734 ca1·ere“,
648 2692 836 2735 respondit
861 2692 1040 2736 Keplerus
1068 2694 1140 2737 (14.
1166 2693 1275 2727 Febr.
1304 2694 1431 2736 moer:
1460 2691 1726 2740 Hipparchum
1757 2702 1883 2728 meum
1915 2701 2082 2738 aequum

287 2756 346 2787 cst
377 2761 493 2798 quam
524 2750 809 2786 limatissimum
842 2747 1013 2796 prodire,
1057 2760 1103 2786 ne
1146 2749 1462 2786 honestissimum
1494 2749 1647 2787 titulum
1687 2749 1803 2798 paulo
1838 2748 2013 2786 callidius
2046 2750 2083 2785 et

287 2809 529 2855 arrogantius
567 2813 792 2856 susceptum
830 2806 972 2844 foedet.
1045 2809 1155 2843 Simul
1193 2809 1384 2853 profitetur
1424 2820 1462 2844 se
1496 2820 1515 2843 a
1540 2810 1703 2854 partibus
1744 2810 1931 2853 Copernici
1968 2813 2081 2844 stare:

290 2867 578 2915 Copernicanus
612 2871 714 2903 totus
746 2876 843 2911 sum,
878 2876 963 2902 cum
997 2865 1045 2901 ob
1078 2866 1375 2902 concinnitatem
1405 2866 1556 2914 positus
1589 2867 1738 2903 orbium
1771 2870 1808 2902 ct
1839 2865 1941 2904 Solis
1975 2867 2081 2915 φιλο-

290 2938 574 2973 σοφικωτατην,
617 2923 712 2960 nihil
745 2928 878 2961 contra
909 2923 1132 2971 proficiente
1167 2923 1374 2960 Aristotele
1406 2923 1504 2960 libro
1537 2923 1588 2960 ΙΙ.
1628 2924 1674 2961 (10
1706 2923 1847 2970 Coelo,
1888 2935 1964 2973 quo
1995 2923 2080 2961 loeo

290 2981 553 3019 Aristarchum
600 2994 643 3019 cx
686 2982 859 3030 professo
900 2981 1066 3019 refutare
1107 2981 1239 3019 nititur
1277 2981 1349 3018 sub
1386 2981 1745 3032 Pythagoraeorum
1786 2983 1958 3030 nomine,
2001 2987 2103 3021 tum.

292 3041 405 3076 ctiam
438 3041 486 3077 ob
518 3040 746 3089 Mysteriuni
781 3040 1163 3088 Cosmograpliicum,
1197 3051 1297 3077 anno
1331 3044 1396 3077 96.
1431 3039 1595 3087 editum,
1630 3045 1668 3077 et
1699 3051 1859 3088 corpora
1888 3040 2081 3090 regularia

292 3096 388 3133 inter
420 3099 544 3138 orbes,
606 3099 666 3136 Ita
696 3098 789 3135 nihil
823 3109 884 3136 me
915 3097 1137 3147 parallaxes
1167 3099 1367 3147 ignoratae
1399 3109 1630 3148 suspensum
1660 3102 1803 3137 tenent.
1828 3127 1837 3137 .
1863 3129 1869 3138 .
1895 3127 1904 3137 .
1964 3098 2080 3137 Hisce
