2126 3388
205 165 291 210 870
874 167 959 203 Vita
981 167 1005 203 J
1007 167 1132 204 oannis
1157 167 1316 214 Kepleri.

207 285 451 325 consiliarius
480 289 519 322 et
549 283 731 323 Austriae
768 296 971 335 procerum
1011 286 1241 326 advocatus.
1302 286 1401 324 Herr
1432 284 1640 324 Balthasar
1669 284 1830 328 Gurald.
1859 310 1863 313 «
1892 287 1995 326 Frau

207 344 362 383 Amalia
393 342 580 389 Schotlin,
611 343 809 391 gebohrne
840 343 1172 393 Himmelreichin,
1204 347 1255 382 ist
1284 346 1340 381 nit
1370 343 1550 381 khomen.

344 429 352 438 .
376 427 385 437 .
408 429 416 438 .
440 429 448 437 .
473 399 549 437 Cur
568 410 644 437 non
667 401 873 450 magnifice
894 414 955 440 me
982 403 1142 452 jactem,
1173 403 1262 440 dum
1295 401 1423 440 recolo
1455 403 1651 449 memoria,
1685 401 1801 450 quod,
1833 402 1995 441 demon-

206 460 336 497 stratis
362 458 444 506 Jam
475 457 717 506 planetarum
750 461 920 497 omnium
951 462 1143 509 motibus,
1183 459 1338 498 tandem
1377 458 1425 496 ad
1457 459 1738 498 absolvendam
1768 459 1902 507 telam,
1945 461 1995 499 ad

207 528 302 566 opus
333 527 385 553 sc.
417 514 715 564 Harmonicum,
760 516 826 555 illo
859 519 944 567 ipso
977 530 1098 566 anno,
1144 529 1220 566 quo
1252 517 1522 556 Ferdinandns
1553 517 1749 555 Archidux
1788 519 1825 555 in
1866 530 1994 568 regem

205 574 415 612 Bohemiae
446 578 650 622 susceptus
682 579 761 622 est,
803 578 974 613 animum
1006 577 1234 625 adJecerim,
1280 575 1384 624 quod
1415 587 1516 613 anno
1548 577 1724 624 sequenti
1760 578 1888 623 1618,
1921 588 1996 625 quo

206 642 307 670 anno
340 630 607 669 Ferdinandus
639 631 816 670 diadema
847 636 955 683 regni
988 633 1183 683 Ungariae
1214 635 1396 683 suscepit,
1429 645 1500 681 ego
1532 633 1673 671 librum
1704 633 1751 671 V.
1784 633 1996 672 Harmoni-

206 700 335 728 corum
369 688 614 737 absolverim,
648 690 752 738 quod
785 690 951 741 denique
982 704 1082 730 anno
1119 696 1241 739 1619,
1275 703 1351 740 quo
1375 691 1619 730 Ferdinando
1650 703 1802 730 summa
1831 692 1998 741 dignitas

204 746 414 796 imperialis
437 749 616 794 accessit,
649 747 910 789 Harmonicen
942 752 1024 800 ipse
1046 762 1173 788 meam
1205 750 1340 789 eodem
1373 754 1410 788 et
1440 749 1526 788 loco
1559 755 1596 788 et
1626 761 1756 788 mense
1780 753 1998 789 coronatio-

203 806 262 843 nis
295 805 377 854 eJus
408 805 706 853 publicaverim!
739 829 794 834 —

342 865 500 909 Criigero
518 866 665 901 nunciat
682 867 873 912 Keplerus,
899 869 1044 904 mittens
1073 867 1246 910 „schedas
1273 866 1493 911 superfiuas“
1523 877 1568 900 ex
1591 866 1802 902 Harmonia:
1830 863 1998 913 Quartus

204 920 301 959 liber
330 919 446 960 hodie
478 922 714 971 absolvetur,
748 929 787 962 at
818 925 987 962 nondum
1019 930 1108 962 sunt
1140 924 1270 963 excusi
1300 924 1445 972 primus
1478 928 1515 960 et
1545 922 1749 961 secundus.
1793 923 1998 972 Appendix

206 989 292 1017 cum
322 978 510 1028 Mysterio
543 980 871 1032 Cosmographico
914 982 1070 1021 accedet
1109 981 1363 1020 Francosurti.
1429 981 1581 1030 Raptim
1614 981 1737 1019 Lincii
1773 986 1837 1019 11.
1869 981 1999 1019 Martii

209 1040 339 1084 1619,
384 1049 460 1085 quo
492 1037 554 1075 die
595 1038 697 1078 fama
728 1041 943 1089 percrebuit
975 1041 1022 1079 de
1055 1041 1218 1079 Caesare
1250 1045 1422 1083 mortuo,
1456 1039 1522 1077 sed
1556 1038 1682 1077 adhuc
1713 1041 1856 1078 incerta
1860 1067 1997 1079 .....

206 1094 301 1133 Sola
339 1094 456 1133 editio
496 1095 749 1136 Harmonices
789 1099 925 1136 Mundi
967 1111 1027 1137 me
1072 1111 1138 1148 per
1181 1109 1322 1136 annum
1367 1097 1534 1134 solidum
1578 1099 1701 1136 tenuit
1749 1101 1996 1146 occupatum;

206 1151 388 1190 absoluta
426 1157 555 1192 tamen
594 1160 653 1193 est
699 1156 855 1195 favente
899 1169 1077 1206 supremo
1125 1156 1257 1194 mundi
1308 1156 1425 1193 totius
1473 1155 1701 1201 Harmosta,
1743 1157 1998 1205 nequicquam

206 1210 390 1248 fremente
429 1215 466 1249 et
504 1212 742 1252 infrendente
783 1220 820 1252 et
859 1215 1011 1253 horride
1056 1214 1262 1253 admodum
1304 1215 1597 1262 interstrepente
1627 1214 1811 1261 Bellona,
1855 1219 1897 1252 ut
1927 1215 2000 1251 nisi

206 1280 277 1306 nos
299 1269 508 1307 etiamnum
539 1270 601 1309 vel
624 1271 720 1310 haec
752 1272 833 1310 dira
865 1273 1059 1311 obsederit
1091 1273 1192 1310 domi
1224 1273 1378 1318 forisve,
1414 1271 1475 1310 vel
1497 1272 1783 1310 Mercurialium
1812 1275 2002 1321 tergiver-

208 1327 378 1365 sationes
401 1326 642 1367 destituerint
673 1332 734 1378 (ut
756 1331 896 1369 accidit
916 1332 954 1368 in
977 1331 1099 1369 altera
1130 1336 1238 1380 parte
1261 1331 1471 1379 EpitomeS,
1504 1332 1540 1367 in
1574 1342 1650 1379 qua
1681 1333 1774 1381 typi,
1807 1342 1883 1368 non
1903 1331 2004 1369 ultra

206 1386 369 1434 primam
392 1387 573 1434 paginam
603 1390 808 1436 progressi,
841 1391 1145 1438 conquieverunt
1165 1389 1383 1436 hactenus),
1417 1389 1652 1438 exemplaria
1682 1394 1760 1426 tam
1792 1388 2002 1427 Harmoni-

209 1454 339 1481 corum
380 1455 495 1492 quam
539 1445 806 1496 descriptionis
847 1452 1081 1485 cometarum
1121 1447 1237 1496 (quae
1275 1447 1356 1495 jam
1396 1447 1435 1483 in
1475 1449 1628 1485 tertium
1666 1459 1835 1486 mensem
1873 1447 2006 1486 haeret

209 1500 426 1550 Augustae)
449 1502 508 1540 his
530 1505 816 1543 autumnalibus
844 1506 1025 1543 nundinis
1047 1505 1299 1543 Francosurto
1331 1505 1472 1542 habere
1489 1507 1637 1554 possint
1659 1507 1696 1553 ii,
1729 1506 1870 1556 quibus
1902 1505 2005 1545 cordi

210 1563 285 1607 est,
323 1570 441 1608 opera
470 1572 654 1600 manuum
684 1563 760 1602 Dei
791 1565 929 1602 mentis
958 1564 1103 1602 lumine
1135 1563 1359 1601 collustrata
1390 1566 1557 1612 penitius
1589 1565 1739 1605 intueri.

347 1625 493 1661 Literae
527 1627 770 1664 dedicatoriae
796 1630 1030 1665 Harmonices
1058 1630 1184 1665 Mundi
1218 1630 1373 1674 scriptae
1399 1634 1481 1664 sunt
1508 1630 1558 1665 Id.
1584 1630 1790 1676 Februarii,
1827 1630 2004 1675 Epheme-

210 1681 296 1718 ridis
329 1683 375 1718 ad
410 1693 541 1719 annum
567 1686 669 1722 1620.
696 1687 738 1724 V.
767 1687 838 1723 Cal.
867 1687 1031 1732 Sextilis,
1068 1689 1152 1722 illae
1185 1688 1358 1722 librorum
1382 1688 1435 1722 111
1467 1688 1510 1722 de
1538 1689 1693 1723 Cernetis
1724 1689 1777 1724 Id.
1805 1689 1911 1733 Maji,
1941 1688 2007 1729 „ad

211 1740 477 1785 typographum
509 1744 713 1779 transmissi
745 1745 778 1780 d.
806 1747 861 1781 17.
888 1746 1012 1789 Majiffi
1062 1747 1341 1781 Observationes
1375 1751 1536 1781 cometae
1570 1746 1791 1781 continuavit
1827 1745 2006 1790 Keplerus

211 1808 328 1841 usque
358 1798 395 1832 in
421 1800 454 1835 7.
477 1799 580 1835 Jan.:
620 1802 712 1844 „vidi
738 1804 966 1848 splendorem
1001 1805 1103 1849 quasi
1139 1804 1336 1839 nebulosae
1362 1804 1645 1848 convolutionis3
1683 1814 1727 1837 an
1761 1814 1845 1838 vero
1869 1808 2008 1838 cometa

211 1859 323 1901 esset,
350 1860 447 1893 certo
473 1858 633 1902 profiteri
659 1872 729 1896 non
754 1872 833 1896 sum
850 1866 1001 1908 ausus“;
1029 1863 1116 1897 liber
1141 1864 1248 1907 igitur
1273 1863 1317 1898 de
1336 1863 1485 1899 cometis
1510 1863 1736 1906 conscriptus
1754 1866 1810 1897 est
1827 1861 2008 1896 mensibus

213 1913 425 1959 Februario,
450 1915 583 1952 Martio
611 1923 646 1953 et
670 1920 804 1964 Aprili,
840 1932 1056 1966 quamquam
1083 1932 1122 1956 ea
1148 1932 1250 1966 pars,
1285 1932 1376 1966 quae
1402 1921 1476 1965 agit
1503 1921 1546 1955 de
1572 1924 1709 1954 cometa
1735 1919 1818 1953 anni
1843 1920 1947 1955 1607.
1975 1922 2011 1953 et

215 1970 259 2006 de
284 1972 604 2017 significationibus
631 1979 858 2024 astrologicis
888 1979 963 2022 jam
989 1979 1123 2015 dudum
1149 1980 1316 2015 absoluta
1341 1980 1420 2014 fuit.
1473 1979 1639 2023 (Respice
1665 1977 1709 2012 ad
1736 1988 1867 2012 annum
1895 1978 2009 2019 1607).

213 2029 400 2073 Epitomes
425 2043 509 2076 pars
536 2035 694 2071 secunda
719 2036 788 2071 hoe
813 2047 906 2072 anno
932 2048 1002 2072 non
1034 2038 1178 2081 prodiit.
1211 2039 1338 2072 Mense
1362 2037 1559 2072 Februario
1579 2037 1723 2080 scripsit
1746 2035 1843 2070 Flor.
1863 2035 2009 2070 Crusius

217 2087 263 2121 ad
287 2088 500 2133 Keplerum:
531 2093 866 2141 „Existimaveram7
892 2095 1085 2131 secundam
1113 2100 1252 2140 partem
1278 2096 1450 2141 proximis
1476 2094 1643 2130 nundinis
1668 2093 1871 2128 vernalibus
1897 2093 2011 2128 exitu-

217 2155 294 2180 ram
317 2146 354 2181 in
379 2147 512 2194 lucem,
548 2151 611 2186 sed
646 2153 776 2188 misera
808 2155 926 2189 adhuc
951 2158 1100 2198 propter
1133 2155 1310 2197 ignaviam
1343 2157 1531 2198 parentum
1559 2158 1593 2187 et
1618 2157 1777 2188 tutorum
1802 2163 1949 2188 suorum
1972 2152 2009 2187 in

219 2205 403 2248 gurgustio
437 2209 655 2254 typographi
690 2211 904 2246 delitescere
937 2213 1088 2255 cogitur.
1137 2213 1280 2257 Ecquid
1311 2211 1560 2257 typographus
1593 2212 1688 2255 agit?
1736 2211 1866 2246 Nonne
1897 2211 2009 2255 pudet

219 2261 419 2307 hominem,
455 2266 572 2309 spatio
598 2267 618 2302 7
644 2269 819 2304 mensium
846 2271 891 2306 50
916 2276 1053 2306 tantum
1078 2271 1230 2315 paginas
1263 2281 1371 2315 posse
1402 2270 1626 2314 imprimere?
1647 2296 1764 2305 .....
1813 2269 2010 2314 Exemplar

219 2319 444 2363 Prognostici
468 2323 522 2357 tui
547 2324 590 2359 de
615 2325 731 2360 tribus
757 2328 904 2362 cometis
929 2330 1011 2363 usui
1035 2328 1205 2363 admittas
1230 2330 1329 2364 orof‘
1380 2328 1629 2372 Conscriptum
1655 2338 1732 2362 esse
1759 2327 1827 2362 hoc
1850 2328 2009 2372 Progno-

220 2378 349 2413 sticum
374 2380 479 2414 variis
504 2383 743 2429 temporibus,
777 2385 928 2421 diximus
956 2386 1024 2421 vol.
1051 2388 1075 2422 I.
1101 2398 1135 2431 p.
1163 2387 1249 2431 660,
1284 2386 1375 2421 forte
1402 2387 1507 2421 etiam
1542 2396 1625 2430 pars
1658 2387 1755 2429 prior
1785 2385 2011 2429 Prognostici

221 2436 320 2471 edita
346 2441 401 2472 est
426 2437 497 2474 fine
521 2442 606 2475 anni
627 2443 727 2487 1618,
755 2446 934 2488 posterior
958 2445 1060 2480 initio
1087 2446 1171 2480 anni
1193 2446 1290 2481 1619.
1326 2445 1478 2479 Ordines
1498 2445 1677 2479 Austriaci
1695 2444 1784 2479 haec
1804 2443 1836 2479 d.
1856 2444 1910 2479 29.
1929 2438 2011 2479 J'an.

222 2494 476 2531 decreverunt:
519 2499 598 2539 „die
623 2500 709 2537 lebl.
736 2504 974 2538 anwesenden
1001 2503 1112 2538 Stend
1138 2503 1355 2547 verwilligen
1389 2504 1468 2539 dem
1495 2503 1629 2547 Kepler
1653 2502 1710 2537 far
1735 2503 1804 2537 den
1830 2502 2010 2537 offerirten

222 2553 404 2589 Kalender
420 2555 492 2591 vnd
509 2558 666 2594 anderen
684 2559 846 2596 Tractatl
865 2563 966 2596 mehr
986 2563 1052 2598 ‘loo
1071 2562 1212 2597 Gulden
1229 2563 1533 2607 zuverreehnen“;
1559 2562 1615 2597 his
1634 2561 1850 2597 addiderunt
1867 2560 2008 2596 ordines

223 2614 254 2647 3.
279 2612 360 2648 Jan.
388 2614 491 2651 1620.
518 2616 563 2651 50
586 2616 742 2653 florenos
767 2630 833 2664 pro
860 2620 1072 2655 Calendario
1098 2621 1180 2655 anni
1206 2620 1304 2656 1620.

361 2671 538 2718 Tempora
567 2675 791 2719 turbulenta,
828 2688 918 2721 quae
951 2683 1074 2713 secuta
1111 2682 1195 2713 sunt
1220 2678 1439 2713 Ferdinandi
1463 2678 1688 2722 imperatoris
1712 2678 1828 2722 initia,
1864 2678 2011 2722 Kepleri

223 2729 345 2765 sedem
369 2729 407 2765 in
430 2732 578 2767 Austria
603 2735 787 2778 superiore
812 2735 983 2771 incertam
1008 2736 1184 2774 fecerunt.
1223 2739 1348 2773 Mense
1371 2739 1534 2782 Augusto
1560 2737 1703 2781 scripsit
1727 2737 1858 2772 Remo:
1888 2734 2010 2772 Lincii

224 2797 297 2834 ego
329 2787 539 2825 etiamnum
570 2788 722 2836 haereo,
754 2793 984 2830 necessitate
1006 2796 1130 2843 magis
1152 2806 1267 2843 quam
1290 2793 1492 2831 voluntate
1513 2805 1580 2843 per
1600 2793 1669 2830 has
1693 2793 1837 2830 turbas.
1890 2792 2009 2841 Spero

227 2856 287 2882 me
318 2849 444 2883 tutum
475 2846 554 2885 fore
585 2847 799 2886 studiorum
831 2851 1075 2889 innocentum
1107 2852 1380 2890 honestissima
1411 2853 1542 2900 specie
1565 2856 1612 2897 et,
1645 2852 1677 2887 si
1710 2851 1775 2898 qui
1807 2862 1918 2888 casus
1949 2852 2011 2886 in-

227 2906 357 2951 gruat,
389 2908 457 2942 tua
484 2916 553 2953 pro
585 2907 708 2944 amico
740 2909 896 2945 uranico
929 2909 1144 2957 vigilantia.
1204 2909 1321 2948 Plura
1351 2921 1522 2959 possem,
1561 2908 1628 2947 sed
1660 2914 1809 2956 tempus
1841 2909 2009 2946 alienum

230 2959 394 3000 videtum
417 2989 427 2999 .
448 2989 458 2999 .
481 2991 490 3000 .
543 2962 585 3001 Si
606 2965 645 3000 in
666 2964 824 3003 Austria
844 2966 952 3004 locus
973 2967 1096 3006 eidem
1118 2979 1301 3005 censurae
1326 2973 1539 3014 ,prohibitum
1576 2981 1665 3010 esse,
1705 2972 1840 3011 scripsit
1877 2971 2010 3010 Remus,

233 3021 375 3061 „librum
409 3023 544 3064 Kepleri
580 3024 877 3067 Copernicanum“)
914 3026 965 3062 sit
993 3025 1156 3073 futurus,
1188 3037 1265 3063 non
1296 3029 1446 3064 tantum
1476 3028 1515 3062 in
1536 3026 1694 3062 Austria
1724 3025 2009 3074 typographum

232 3075 378 3113 nullum
408 3077 618 3116 invenirem
649 3080 830 3129 posthac,
862 3083 930 3121 sed
962 3084 1077 3121 etiam
1107 3083 1358 3133 exemplaria,
1401 3095 1501 3132 quae
1532 3087 1719 3121 mercator
1756 3084 1822 3130 qui
1862 3088 2010 3120 sumtus

233 3133 399 3172 refundit
427 3136 466 3172 in
497 3135 655 3176 Auso-ia
685 3137 858 3189 reliquit,
889 3142 927 3179 in
958 3142 1171 3191 periculum
1202 3143 1376 3181 venirent
1406 3141 1638 3192 tandemque
1670 3140 1851 3180 damnum
1882 3142 1919 3178 in
1951 3152 2010 3179 me
