<?xml version="1.0" encoding="UTF-8"?>
<!DOCTYPE html PUBLIC "-//W3C//DTD XHTML 1.0 Transitional//EN"
    "http://www.w3.org/TR/xhtml1/DTD/xhtml1-transitional.dtd">
<html xmlns="http://www.w3.org/1999/xhtml" xml:lang="en" lang="en">
 <head>
  <title>
</title>
<meta http-equiv="Content-Type" content="text/html;charset=utf-8" />
  <meta name='ocr-system' content='tesseract 3.04.00' />
  <meta name='ocr-capabilities' content='ocr_page ocr_carea ocr_par ocr_line ocrx_word'/>
</head>
<body>
  <div class='ocr_page' id='page_1' title='image "./p2operaomniaedid08kepluoft_0066.png"; bbox 0 0 2157 3398; ppageno 0'>
   <div class='ocr_carea' id='block_1_1' title="bbox 230 211 1614 262">
    <p class='ocr_par' dir='ltr' id='par_1_1' title="bbox 230 211 1614 262">
     <span class='ocr_line' id='line_1_1' title="bbox 230 211 1614 262; baseline -0.001 -11"><span class='ocrx_word' id='word_1_1' title='bbox 230 215 314 262; x_wconf 80' lang='lat'><em>612</em></span> <span class='ocrx_word' id='word_1_2' title='bbox 631 213 867 251; x_wconf 86' lang='lat' dir='ltr'><em>Summarium</em></span> <span class='ocrx_word' id='word_1_3' title='bbox 891 213 1070 250; x_wconf 87' lang='lat' dir='ltr'><strong>Historiae</strong></span> <span class='ocrx_word' id='word_1_4' title='bbox 1094 213 1347 251; x_wconf 86' lang='lat' dir='ltr'><em>Astronomiae</em></span> <span class='ocrx_word' id='word_1_5' title='bbox 1372 213 1493 251; x_wconf 85' lang='lat' dir='ltr'><em>seculo</em></span> <span class='ocrx_word' id='word_1_6' title='bbox 1517 211 1614 251; x_wconf 81' lang='lat' dir='ltr'><strong>XVI.</strong></span> 
     </span>
    </p>
   </div>
   <div class='ocr_carea' id='block_1_2' title="bbox 225 331 2025 3221">
    <p class='ocr_par' dir='ltr' id='par_1_2' title="bbox 225 331 2024 3042">
     <span class='ocr_line' id='line_1_2' title="bbox 230 331 2017 379; baseline -0.001 -10"><span class='ocrx_word' id='word_1_7' title='bbox 230 333 348 370; x_wconf 87' lang='lat' dir='ltr'><em>editus</em></span> <span class='ocrx_word' id='word_1_8' title='bbox 376 336 431 367; x_wconf 86' lang='lat' dir='ltr'><em>est</em></span> <span class='ocrx_word' id='word_1_9' title='bbox 455 331 664 375; x_wconf 87' lang='lat' dir='ltr'><em>inscriptus:</em></span> <span class='ocrx_word' id='word_1_10' title='bbox 690 331 748 366; x_wconf 89' lang='lat' dir='ltr'><em>De</em></span> <span class='ocrx_word' id='word_1_11' title='bbox 772 342 868 367; x_wconf 84' lang='lat' dir='ltr'><em>nova</em></span> <span class='ocrx_word' id='word_1_12' title='bbox 893 332 997 367; x_wconf 83' lang='lat' dir='ltr'><em>stella</em></span> <span class='ocrx_word' id='word_1_13' title='bbox 1021 341 1121 367; x_wconf 87' lang='lat' dir='ltr'><em>anno</em></span> <span class='ocrx_word' id='word_1_14' title='bbox 1140 334 1233 368; x_wconf 81' lang='lat'><strong><em>1572.</em></strong></span> <span class='ocrx_word' id='word_1_15' title='bbox 1258 332 1290 367; x_wconf 85' lang='lat' dir='ltr'><em>d.</em></span> <span class='ocrx_word' id='word_1_16' title='bbox 1317 336 1361 367; x_wconf 91' lang='lat'><em>11.</em></span> <span class='ocrx_word' id='word_1_17' title='bbox 1377 332 1472 368; x_wconf 77' lang='lat' dir='ltr'><em>Nov,</em></span> <span class='ocrx_word' id='word_1_18' title='bbox 1497 333 1636 379; x_wconf 79' lang='lat' dir='ltr'><em>vesperi</em></span> <span class='ocrx_word' id='word_1_19' title='bbox 1659 333 1700 368; x_wconf 82' lang='lat' dir='ltr'><em>in</em></span> <span class='ocrx_word' id='word_1_20' title='bbox 1725 334 1914 370; x_wconf 80' lang='lat' dir='ltr'><em>asterismo</em></span> <span class='ocrx_word' id='word_1_21' title='bbox 1934 333 2017 369; x_wconf 79' lang='lat' dir='ltr'><em>Gas-</em></span> 
     </span>
     <span class='ocr_line' id='line_1_3' title="bbox 227 389 2020 436; baseline -0.001 -9"><span class='ocrx_word' id='word_1_22' title='bbox 227 392 390 436; x_wconf 81' lang='lat' dir='ltr'><em>siopeiae</em></span> <span class='ocrx_word' id='word_1_23' title='bbox 415 391 511 426; x_wconf 82' lang='lat' dir='ltr'><em>circa</em></span> <span class='ocrx_word' id='word_1_24' title='bbox 535 389 699 425; x_wconf 79' lang='lat' dir='ltr'><em>verticem</em></span> <span class='ocrx_word' id='word_1_25' title='bbox 717 391 891 425; x_wconf 75' lang='lat' dir='ltr'><em>existente</em></span> <span class='ocrx_word' id='word_1_26' title='bbox 908 400 1076 434; x_wconf 74' lang='lat' dir='ltr'><em>annoque</em></span> <span class='ocrx_word' id='word_1_27' title='bbox 1093 389 1296 434; x_wconf 75' lang='lat' dir='ltr'><em>insequenti</em></span> <span class='ocrx_word' id='word_1_28' title='bbox 1311 391 1517 434; x_wconf 78' lang='lat' dir='ltr'><em>conspicua,</em></span> <span class='ocrx_word' id='word_1_29' title='bbox 1543 390 1606 425; x_wconf 81' lang='lat' dir='ltr'><em>sed</em></span> <span class='ocrx_word' id='word_1_30' title='bbox 1621 401 1740 425; x_wconf 83' lang='lat' dir='ltr'><em>mense</em></span> <span class='ocrx_word' id='word_1_31' title='bbox 1757 390 1864 434; x_wconf 78' lang='lat' dir='ltr'><em>Majo</em></span> <span class='ocrx_word' id='word_1_32' title='bbox 1881 392 2020 436; x_wconf 69' lang='grc' dir='ltr'>71111ρηὶ-</span> 
     </span>
     <span class='ocr_line' id='line_1_4' title="bbox 226 446 2018 493; baseline -0.001 -9"><span class='ocrx_word' id='word_1_33' title='bbox 226 450 354 485; x_wconf 78' lang='lat' dir='ltr'><em>tudine</em></span> <span class='ocrx_word' id='word_1_34' title='bbox 386 453 419 484; x_wconf 85' lang='lat' dir='ltr'><em>et</em></span> <span class='ocrx_word' id='word_1_35' title='bbox 447 448 634 493; x_wconf 74' lang='lat' dir='ltr'><em>splendore</em></span> <span class='ocrx_word' id='word_1_36' title='bbox 658 446 741 490; x_wconf 75' lang='lat' dir='ltr'><em>jam</em></span> <span class='ocrx_word' id='word_1_37' title='bbox 766 448 957 483; x_wconf 80' lang='lat' dir='ltr'><em>diminuta.</em></span> <span class='ocrx_word' id='word_1_38' title='bbox 1005 447 1172 490; x_wconf 81' lang='lat' dir='ltr'><em>Hafniae</em></span> <span class='ocrx_word' id='word_1_39' title='bbox 1196 451 1288 482; x_wconf 85' lang='lat'><strong><em>1573.</em></strong></span> <span class='ocrx_word' id='word_1_40' title='bbox 1339 448 1421 492; x_wconf 90' lang='lat' dir='ltr'><em>Ipse</em></span> <span class='ocrx_word' id='word_1_41' title='bbox 1447 448 1569 493; x_wconf 80' lang='lat' dir='ltr'><em>Tycho</em></span> <span class='ocrx_word' id='word_1_42' title='bbox 1599 448 1636 482; x_wconf 91' lang='lat' dir='ltr'><em>in</em></span> <span class='ocrx_word' id='word_1_43' title='bbox 1668 456 1775 491; x_wconf 91' lang='lat' dir='ltr'><em>opere</em></span> <span class='ocrx_word' id='word_1_44' title='bbox 1806 448 1941 491; x_wconf 82' lang='lat' dir='ltr'><em>majore</em></span> <span class='ocrx_word' id='word_1_45' title='bbox 1974 448 2018 482; x_wconf 91' lang='lat' dir='ltr'><em>de</em></span> 
     </span>
     <span class='ocr_line' id='line_1_5' title="bbox 228 504 2018 550; baseline -0.001 -8"><span class='ocrx_word' id='word_1_46' title='bbox 228 507 334 542; x_wconf 86' lang='lat' dir='ltr'><em>stella</em></span> <span class='ocrx_word' id='word_1_47' title='bbox 358 507 442 542; x_wconf 89' lang='lat' dir='ltr'><em>anni</em></span> <span class='ocrx_word' id='word_1_48' title='bbox 468 506 556 541; x_wconf 75' lang='lat'>1572</span> <span class='ocrx_word' id='word_1_49' title='bbox 585 505 859 548; x_wconf 79' lang='lat' dir='ltr'><em>(Astronomiae</em></span> <span class='ocrx_word' id='word_1_50' title='bbox 892 506 1123 540; x_wconf 72' lang='lat' dir='ltr'><em>instauratae</em></span> <span class='ocrx_word' id='word_1_51' title='bbox 1146 504 1493 550; x_wconf 75' lang='lat' dir='ltr'><em>Proyymnasmata.</em></span> <span class='ocrx_word' id='word_1_52' title='bbox 1542 505 1673 540; x_wconf 73' lang='lat' dir='ltr'><em>Prima</em></span> <span class='ocrx_word' id='word_1_53' title='bbox 1697 516 1806 550; x_wconf 79' lang='lat' dir='ltr'><em>pars,</em></span> <span class='ocrx_word' id='word_1_54' title='bbox 1840 506 1883 540; x_wconf 81' lang='lat' dir='ltr'><em>de</em></span> <span class='ocrx_word' id='word_1_55' title='bbox 1914 506 2018 540; x_wconf 81' lang='lat' dir='ltr'><em>resti-</em></span> 
     </span>
     <span class='ocr_line' id='line_1_6' title="bbox 226 563 2019 608; baseline -0.002 -7"><span class='ocrx_word' id='word_1_56' title='bbox 226 566 366 601; x_wconf 81' lang='lat' dir='ltr'><em>tutione</em></span> <span class='ocrx_word' id='word_1_57' title='bbox 389 569 550 600; x_wconf 83' lang='lat' dir='ltr'><em>motuum</em></span> <span class='ocrx_word' id='word_1_58' title='bbox 574 563 672 599; x_wconf 83' lang='lat' dir='ltr'><em>Solis</em></span> <span class='ocrx_word' id='word_1_59' title='bbox 697 568 730 598; x_wconf 91' lang='lat' dir='ltr'><em>et</em></span> <span class='ocrx_word' id='word_1_60' title='bbox 756 563 886 598; x_wconf 79' lang='lat' dir='ltr'><em>Lunae</em></span> <span class='ocrx_word' id='word_1_61' title='bbox 910 563 1162 607; x_wconf 78' lang='lat' dir='ltr'><em>stellarumque</em></span> <span class='ocrx_word' id='word_1_62' title='bbox 1185 563 1429 598; x_wconf 79' lang='lat' dir='ltr'><em>inerrantium</em></span> <span class='ocrx_word' id='word_1_63' title='bbox 1453 568 1486 598; x_wconf 89' lang='lat' dir='ltr'><em>et</em></span> <span class='ocrx_word' id='word_1_64' title='bbox 1503 567 1698 608; x_wconf 77' lang='lat' dir='ltr'><em>praeterea</em></span> <span class='ocrx_word' id='word_1_65' title='bbox 1730 563 1773 598; x_wconf 83' lang='lat' dir='ltr'><em>de</em></span> <span class='ocrx_word' id='word_1_66' title='bbox 1797 563 2019 598; x_wconf 80' lang='lat' dir='ltr'><em>admiranda</em></span> 
     </span>
     <span class='ocr_line' id='line_1_7' title="bbox 227 621 2016 668; baseline -0.002 -10"><span class='ocrx_word' id='word_1_67' title='bbox 227 624 332 658; x_wconf 84' lang='lat' dir='ltr'><em>stella</em></span> <span class='ocrx_word' id='word_1_68' title='bbox 358 633 456 658; x_wconf 88' lang='lat' dir='ltr'><em>anno</em></span> <span class='ocrx_word' id='word_1_69' title='bbox 485 624 559 655; x_wconf 78' lang='lat'><strong><em>1572</em></strong></span> <span class='ocrx_word' id='word_1_70' title='bbox 585 625 723 656; x_wconf 76' lang='lat' dir='ltr'><em>eaeorta.</em></span> <span class='ocrx_word' id='word_1_71' title='bbox 776 621 886 666; x_wconf 76' lang='lat' dir='ltr'><em>Typz&#39;s</em></span> <span class='ocrx_word' id='word_1_72' title='bbox 910 622 1086 658; x_wconf 77' lang='lat' dir='ltr'><em>inchoata</em></span> <span class='ocrx_word' id='word_1_73' title='bbox 1116 623 1338 668; x_wconf 69' lang='lat' dir='ltr'><em>Uraniburyi</em></span> <span class='ocrx_word' id='word_1_74' title='bbox 1360 624 1521 665; x_wconf 72' lang='lat' dir='ltr'><em>Damae,</em></span> <span class='ocrx_word' id='word_1_75' title='bbox 1544 622 1713 657; x_wconf 80' lang='lat' dir='ltr'><em>absoluta</em></span> <span class='ocrx_word' id='word_1_76' title='bbox 1736 621 1886 666; x_wconf 73' lang='lat' dir='ltr'><em>Prayae</em></span> <span class='ocrx_word' id='word_1_77' title='bbox 1903 622 2016 663; x_wconf 79' lang='grc'>1602.)</span> 
     </span>
     <span class='ocr_line' id='line_1_8' title="bbox 229 679 2018 724; baseline -0.002 -8"><span class='ocrx_word' id='word_1_78' title='bbox 229 692 401 716; x_wconf 87' lang='lat' dir='ltr'><em>summam</em></span> <span class='ocrx_word' id='word_1_79' title='bbox 426 691 558 723; x_wconf 77' lang='lat' dir='ltr'><em>eorum,</em></span> <span class='ocrx_word' id='word_1_80' title='bbox 585 690 677 724; x_wconf 89' lang='lat' dir='ltr'><em>quae</em></span> <span class='ocrx_word' id='word_1_81' title='bbox 701 679 801 724; x_wconf 83' lang='lat' dir='ltr'><em>prius</em></span> <span class='ocrx_word' id='word_1_82' title='bbox 828 679 962 714; x_wconf 82' lang='lat' dir='ltr'><em>editum</em></span> <span class='ocrx_word' id='word_1_83' title='bbox 988 681 1198 724; x_wconf 88' lang='lat' dir='ltr'><em>opusculum</em></span> <span class='ocrx_word' id='word_1_84' title='bbox 1218 682 1387 724; x_wconf 87' lang='lat' dir='ltr'><em>continet,</em></span> <span class='ocrx_word' id='word_1_85' title='bbox 1414 681 1536 715; x_wconf 81' lang='lat' dir='ltr'><em>refert.</em></span> <span class='ocrx_word' id='word_1_86' title='bbox 1578 679 1797 720; x_wconf 81' lang='lat' dir='ltr'><em>„Exararam</em></span> <span class='ocrx_word' id='word_1_87' title='bbox 1823 684 1859 713; x_wconf 90' lang='lat' dir='ltr'><em>et</em></span> <span class='ocrx_word' id='word_1_88' title='bbox 1890 689 1955 722; x_wconf 86' lang='lat' dir='ltr'><em>ego</em></span> <span class='ocrx_word' id='word_1_89' title='bbox 1974 679 2018 713; x_wconf 90' lang='lat' dir='ltr'><em>de</em></span> 
     </span>
     <span class='ocr_line' id='line_1_9' title="bbox 227 737 2017 783; baseline -0.002 -9"><span class='ocrx_word' id='word_1_90' title='bbox 227 740 296 774; x_wconf 88' lang='lat' dir='ltr'><em>hac</em></span> <span class='ocrx_word' id='word_1_91' title='bbox 321 740 400 783; x_wconf 88' lang='lat' dir='ltr'><em>ipsa</em></span> <span class='ocrx_word' id='word_1_92' title='bbox 425 739 531 773; x_wconf 88' lang='lat' dir='ltr'><em>stella</em></span> <span class='ocrx_word' id='word_1_93' title='bbox 558 738 732 782; x_wconf 80' lang='lat' dir='ltr'><em>quasdam</em></span> <span class='ocrx_word' id='word_1_94' title='bbox 758 737 919 782; x_wconf 78' lang='lat' dir='ltr'><em>pagellas</em></span> <span class='ocrx_word' id='word_1_95' title='bbox 946 738 1064 772; x_wconf 85' lang='lat' dir='ltr'><em>statim</em></span> <span class='ocrx_word' id='word_1_96' title='bbox 1096 749 1116 772; x_wconf 91' lang='lat' dir='ltr'><em>a</em></span> <span class='ocrx_word' id='word_1_97' title='bbox 1140 739 1254 782; x_wconf 88' lang='lat' dir='ltr'><em>primo</em></span> <span class='ocrx_word' id='word_1_98' title='bbox 1287 739 1364 782; x_wconf 86' lang='lat' dir='ltr'><em>ejus</em></span> <span class='ocrx_word' id='word_1_99' title='bbox 1397 737 1542 773; x_wconf 83' lang='lat' dir='ltr'><em>exordio</em></span> <span class='ocrx_word' id='word_1_100' title='bbox 1574 737 1682 781; x_wconf 91' lang='lat' dir='ltr'><em>idque</em></span> <span class='ocrx_word' id='word_1_101' title='bbox 1715 747 1787 771; x_wconf 91' lang='lat' dir='ltr'><em>non</em></span> <span class='ocrx_word' id='word_1_102' title='bbox 1820 747 1862 771; x_wconf 88' lang='lat' dir='ltr'><em>eo</em></span> <span class='ocrx_word' id='word_1_103' title='bbox 1888 737 2017 781; x_wconf 84' lang='lat' dir='ltr'><em>animo,</em></span> 
     </span>
     <span class='ocr_line' id='line_1_10' title="bbox 227 795 2018 840; baseline -0.002 -8"><span class='ocrx_word' id='word_1_104' title='bbox 227 802 268 832; x_wconf 90' lang='lat' dir='ltr'><em>ut</em></span> <span class='ocrx_word' id='word_1_105' title='bbox 292 798 328 831; x_wconf 91' lang='lat' dir='ltr'><em>in</em></span> <span class='ocrx_word' id='word_1_106' title='bbox 352 796 535 840; x_wconf 89' lang='lat' dir='ltr'><em>publicum</em></span> <span class='ocrx_word' id='word_1_107' title='bbox 560 806 715 840; x_wconf 90' lang='lat' dir='ltr'><em>unquam</em></span> <span class='ocrx_word' id='word_1_108' title='bbox 749 795 963 829; x_wconf 83' lang='lat' dir='ltr'><em>emittendas</em></span> <span class='ocrx_word' id='word_1_109' title='bbox 998 795 1176 831; x_wconf 84' lang='lat' dir='ltr'><em>ducerem.</em></span> <span class='ocrx_word' id='word_1_110' title='bbox 1226 795 1296 830; x_wconf 87' lang='lat' dir='ltr'><em>Sed</em></span> <span class='ocrx_word' id='word_1_111' title='bbox 1323 807 1402 830; x_wconf 89' lang='lat' dir='ltr'><em>cum</em></span> <span class='ocrx_word' id='word_1_112' title='bbox 1437 797 1532 840; x_wconf 82' lang='lat' dir='ltr'><em>apud</em></span> <span class='ocrx_word' id='word_1_113' title='bbox 1559 795 1752 830; x_wconf 85' lang='lat' dir='ltr'><em>Stenonem</em></span> <span class='ocrx_word' id='word_1_114' title='bbox 1777 795 1869 829; x_wconf 90' lang='lat' dir='ltr'><em>Bille</em></span> <span class='ocrx_word' id='word_1_115' title='bbox 1909 805 2018 829; x_wconf 90' lang='lat' dir='ltr'><em>avun-</em></span> 
     </span>
     <span class='ocr_line' id='line_1_11' title="bbox 230 853 2018 897; baseline -0.001 -8"><span class='ocrx_word' id='word_1_116' title='bbox 230 854 348 889; x_wconf 82' lang='lat' dir='ltr'><strong>culum</strong></span> <span class='ocrx_word' id='word_1_117' title='bbox 373 865 491 889; x_wconf 91' lang='lat' dir='ltr'><em>meum</em></span> <span class='ocrx_word' id='word_1_118' title='bbox 515 860 602 888; x_wconf 89' lang='lat' dir='ltr'><em>tunc</em></span> <span class='ocrx_word' id='word_1_119' title='bbox 627 855 797 897; x_wconf 83' lang='lat' dir='ltr'><em>temporis</em></span> <span class='ocrx_word' id='word_1_120' title='bbox 819 859 1058 888; x_wconf 81' lang='lat' dir='ltr'>commoratus</span> <span class='ocrx_word' id='word_1_121' title='bbox 1077 863 1212 896; x_wconf 85' lang='lat' dir='ltr'><em>essem,</em></span> <span class='ocrx_word' id='word_1_122' title='bbox 1240 853 1508 888; x_wconf 78' lang='lat' dir='ltr'><em>conscribebam</em></span> <span class='ocrx_word' id='word_1_123' title='bbox 1533 853 1618 887; x_wconf 90' lang='lat' dir='ltr'><em>mihi</em></span> <span class='ocrx_word' id='word_1_124' title='bbox 1643 853 1712 896; x_wconf 91' lang='lat' dir='ltr'><em>ipsi</em></span> <span class='ocrx_word' id='word_1_125' title='bbox 1739 853 1893 887; x_wconf 90' lang='lat' dir='ltr'><em>siderum</em></span> <span class='ocrx_word' id='word_1_126' title='bbox 1918 853 2018 897; x_wconf 89' lang='lat' dir='ltr'><em>posi-</em></span> 
     </span>
     <span class='ocr_line' id='line_1_12' title="bbox 226 911 2018 956; baseline -0.001 -10"><span class='ocrx_word' id='word_1_127' title='bbox 226 917 284 946; x_wconf 88' lang='lat' dir='ltr'><em>tus</em></span> <span class='ocrx_word' id='word_1_128' title='bbox 311 923 382 946; x_wconf 90' lang='lat' dir='ltr'><em>una</em></span> <span class='ocrx_word' id='word_1_129' title='bbox 407 923 487 946; x_wconf 90' lang='lat' dir='ltr'><em>cum</em></span> <span class='ocrx_word' id='word_1_130' title='bbox 514 912 700 946; x_wconf 76' lang='lat' dir='ltr'><em>exortibus</em></span> <span class='ocrx_word' id='word_1_131' title='bbox 727 917 833 955; x_wconf 85' lang='lat' dir='ltr'><em>atque</em></span> <span class='ocrx_word' id='word_1_132' title='bbox 860 911 1203 955; x_wconf 83' lang='lat' dir='ltr'><em>configurationibus</em></span> <span class='ocrx_word' id='word_1_133' title='bbox 1229 911 1336 945; x_wconf 85' lang='lat' dir='ltr'><em>variis</em></span> <span class='ocrx_word' id='word_1_134' title='bbox 1362 911 1407 945; x_wconf 82' lang='lat' dir='ltr'><em>ad</em></span> <span class='ocrx_word' id='word_1_135' title='bbox 1434 911 1594 954; x_wconf 87' lang='lat' dir='ltr'><em>singulos</em></span> <span class='ocrx_word' id='word_1_136' title='bbox 1621 911 1708 954; x_wconf 88' lang='lat' dir='ltr'><em>dies,</em></span> <span class='ocrx_word' id='word_1_137' title='bbox 1735 915 1769 944; x_wconf 92' lang='lat' dir='ltr'><em>et</em></span> <span class='ocrx_word' id='word_1_138' title='bbox 1795 911 2018 956; x_wconf 84' lang='lat' dir='ltr'><em>syzygiarum</em></span> 
     </span>
     <span class='ocr_line' id='line_1_13' title="bbox 231 969 2016 1014; baseline 0.001 -11"><span class='ocrx_word' id='word_1_139' title='bbox 231 969 458 1004; x_wconf 88' lang='lat' dir='ltr'><em>luminarium</em></span> <span class='ocrx_word' id='word_1_140' title='bbox 483 970 760 1014; x_wconf 86' lang='lat' dir='ltr'><em>praecipuarum</em></span> <span class='ocrx_word' id='word_1_141' title='bbox 786 970 1062 1004; x_wconf 67' lang='lat' dir='ltr'><em>constitutiones</em></span> <span class='ocrx_word' id='word_1_142' title='bbox 1088 980 1166 1004; x_wconf 92' lang='lat' dir='ltr'><em>cum</em></span> <span class='ocrx_word' id='word_1_143' title='bbox 1193 969 1267 1004; x_wconf 86' lang='lat' dir='ltr'><em>suis</em></span> <span class='ocrx_word' id='word_1_144' title='bbox 1294 969 1551 1004; x_wconf 79' lang='lat' dir='ltr'><em>directionibus</em></span> <span class='ocrx_word' id='word_1_145' title='bbox 1579 969 1821 1013; x_wconf 85' lang='lat' dir='ltr'><em>designabam,</em></span> <span class='ocrx_word' id='word_1_146' title='bbox 1848 969 1955 1013; x_wconf 91' lang='lat' dir='ltr'><em>idque</em></span> <span class='ocrx_word' id='word_1_147' title='bbox 1974 980 2016 1004; x_wconf 91' lang='lat' dir='ltr'><em>eo</em></span> 
     </span>
     <span class='ocr_line' id='line_1_14' title="bbox 225 1026 2018 1072; baseline 0.001 -11"><span class='ocrx_word' id='word_1_148' title='bbox 225 1028 440 1071; x_wconf 89' lang='lat' dir='ltr'><em>praesertim</em></span> <span class='ocrx_word' id='word_1_149' title='bbox 465 1028 618 1070; x_wconf 88' lang='lat' dir='ltr'><em>nomine,</em></span> <span class='ocrx_word' id='word_1_150' title='bbox 647 1032 687 1061; x_wconf 90' lang='lat' dir='ltr'><em>ut</em></span> <span class='ocrx_word' id='word_1_151' title='bbox 711 1027 939 1071; x_wconf 73' lang='lat' dir='ltr'><em>inquirerem,</em></span> <span class='ocrx_word' id='word_1_152' title='bbox 966 1027 1091 1071; x_wconf 88' lang='lat' dir='ltr'><em>quales</em></span> <span class='ocrx_word' id='word_1_153' title='bbox 1118 1026 1417 1070; x_wconf 84' lang='lat' dir='ltr'><em>meteorologicae</em></span> <span class='ocrx_word' id='word_1_154' title='bbox 1441 1027 1696 1072; x_wconf 85' lang='lat' dir='ltr'><em>impressiones</em></span> <span class='ocrx_word' id='word_1_155' title='bbox 1722 1028 1758 1062; x_wconf 89' lang='grc'><em>111</em></span> <span class='ocrx_word' id='word_1_156' title='bbox 1775 1032 1898 1062; x_wconf 82' lang='grc'>1108110</span> <span class='ocrx_word' id='word_1_157' title='bbox 1924 1028 2018 1062; x_wconf 91' lang='lat' dir='ltr'><em>hori-</em></span> 
     </span>
     <span class='ocr_line' id='line_1_15' title="bbox 225 1084 2018 1129; baseline 0 -10"><span class='ocrx_word' id='word_1_158' title='bbox 225 1090 329 1120; x_wconf 89' lang='lat' dir='ltr'><em>zonte</em></span> <span class='ocrx_word' id='word_1_159' title='bbox 362 1086 406 1120; x_wconf 91' lang='lat' dir='ltr'><em>ab</em></span> <span class='ocrx_word' id='word_1_160' title='bbox 433 1085 505 1120; x_wconf 86' lang='lat' dir='ltr'><em>alia</em></span> <span class='ocrx_word' id='word_1_161' title='bbox 531 1090 639 1129; x_wconf 85' lang='lat' dir='ltr'><em>atque</em></span> <span class='ocrx_word' id='word_1_162' title='bbox 671 1085 740 1119; x_wconf 90' lang='lat' dir='ltr'><em>alia</em></span> <span class='ocrx_word' id='word_1_163' title='bbox 774 1085 929 1119; x_wconf 89' lang='lat' dir='ltr'><em>siderum</em></span> <span class='ocrx_word' id='word_1_164' title='bbox 963 1085 1199 1129; x_wconf 87' lang='lat' dir='ltr'><em>dispositione</em></span> <span class='ocrx_word' id='word_1_165' title='bbox 1224 1084 1410 1128; x_wconf 83' lang='lat' dir='ltr'><em>prodirent</em></span> <span class='ocrx_word' id='word_1_166' title='bbox 1442 1090 1551 1128; x_wconf 90' lang='lat' dir='ltr'><em>atque</em></span> <span class='ocrx_word' id='word_1_167' title='bbox 1586 1085 1637 1119; x_wconf 91' lang='lat' dir='ltr'><em>ita</em></span> <span class='ocrx_word' id='word_1_168' title='bbox 1668 1096 1732 1129; x_wconf 85' lang='lat' dir='ltr'><em>per</em></span> <span class='ocrx_word' id='word_1_169' title='bbox 1758 1085 2018 1129; x_wconf 85' lang='lat' dir='ltr'><em>experientiam</em></span> 
     </span>
     <span class='ocr_line' id='line_1_16' title="bbox 225 1141 2018 1188; baseline 0 -11"><span class='ocrx_word' id='word_1_170' title='bbox 225 1143 362 1188; x_wconf 88' lang='lat' dir='ltr'><em>aliquid</em></span> <span class='ocrx_word' id='word_1_171' title='bbox 387 1145 476 1179; x_wconf 87' lang='lat' dir='ltr'><em>certi</em></span> <span class='ocrx_word' id='word_1_172' title='bbox 502 1145 596 1179; x_wconf 87' lang='lat' dir='ltr'><em>circa</em></span> <span class='ocrx_word' id='word_1_173' title='bbox 621 1145 715 1178; x_wconf 86' lang='lat' dir='ltr'><em>hanc</em></span> <span class='ocrx_word' id='word_1_174' title='bbox 747 1153 812 1188; x_wconf 91' lang='lat' dir='ltr'><em>per</em></span> <span class='ocrx_word' id='word_1_175' title='bbox 836 1153 874 1176; x_wconf 91' lang='lat' dir='ltr'><em>se</em></span> <span class='ocrx_word' id='word_1_176' title='bbox 901 1141 1046 1176; x_wconf 80' lang='lat' dir='ltr'><em>dubiam</em></span> <span class='ocrx_word' id='word_1_177' title='bbox 1078 1143 1315 1177; x_wconf 87' lang='lat' dir='ltr'><em>mutationum</em></span> <span class='ocrx_word' id='word_1_178' title='bbox 1347 1143 1523 1177; x_wconf 78' lang='lat' dir='ltr'><em>aeriarum</em></span> <span class='ocrx_word' id='word_1_179' title='bbox 1559 1143 1799 1187; x_wconf 87' lang='lat' dir='ltr'><em>cognitionem</em></span> <span class='ocrx_word' id='word_1_180' title='bbox 1824 1143 2018 1188; x_wconf 87' lang='lat' dir='ltr'><em>persentis-</em></span> 
     </span>
     <span class='ocr_line' id='line_1_17' title="bbox 226 1200 2018 1247; baseline -0.001 -11"><span class='ocrx_word' id='word_1_181' title='bbox 226 1212 355 1238; x_wconf 83' lang='lat' dir='ltr'><em>cerem.</em></span> <span class='ocrx_word' id='word_1_182' title='bbox 397 1202 534 1237; x_wconf 80' lang='lat' dir='ltr'><em>Accidit</em></span> <span class='ocrx_word' id='word_1_183' title='bbox 552 1202 686 1247; x_wconf 85' lang='lat' dir='ltr'><em>itaque,</em></span> <span class='ocrx_word' id='word_1_184' title='bbox 713 1207 752 1236; x_wconf 94' lang='lat' dir='ltr'><em>ut</em></span> <span class='ocrx_word' id='word_1_185' title='bbox 777 1200 949 1235; x_wconf 84' lang='lat' dir='ltr'><em>nonnulla</em></span> <span class='ocrx_word' id='word_1_186' title='bbox 968 1211 1012 1234; x_wconf 76' lang='lat' dir='ltr'><em>ex</em></span> <span class='ocrx_word' id='word_1_187' title='bbox 1031 1200 1338 1235; x_wconf 88' lang='lat' dir='ltr'><em>observationibus</em></span> <span class='ocrx_word' id='word_1_188' title='bbox 1364 1201 1399 1234; x_wconf 91' lang='lat' dir='ltr'><em>in</em></span> <span class='ocrx_word' id='word_1_189' title='bbox 1425 1200 1531 1235; x_wconf 87' lang='lat' dir='ltr'><em>stella</em></span> <span class='ocrx_word' id='word_1_190' title='bbox 1556 1201 1624 1234; x_wconf 87' lang='lat' dir='ltr'><em>hac</em></span> <span class='ocrx_word' id='word_1_191' title='bbox 1641 1200 1786 1235; x_wconf 87' lang='lat' dir='ltr'><em>insolita</em></span> <span class='ocrx_word' id='word_1_192' title='bbox 1803 1211 1824 1234; x_wconf 88' lang='lat' dir='ltr'><em>a</em></span> <span class='ocrx_word' id='word_1_193' title='bbox 1840 1210 1896 1234; x_wconf 91' lang='lat' dir='ltr'><em>me</em></span> <span class='ocrx_word' id='word_1_194' title='bbox 1913 1201 2018 1236; x_wconf 84' lang='lat' dir='ltr'><em>factis</em></span> 
     </span>
     <span class='ocr_line' id='line_1_18' title="bbox 230 1258 2017 1304; baseline 0 -11"><span class='ocrx_word' id='word_1_195' title='bbox 230 1261 446 1302; x_wconf 86' lang='lat' dir='ltr'><em>geometrice</em></span> <span class='ocrx_word' id='word_1_196' title='bbox 473 1271 631 1304; x_wconf 83' lang='lat' dir='ltr'><em>expensa</em></span> <span class='ocrx_word' id='word_1_197' title='bbox 656 1260 691 1294; x_wconf 90' lang='lat' dir='ltr'><em>in</em></span> <span class='ocrx_word' id='word_1_198' title='bbox 718 1269 884 1293; x_wconf 89' lang='lat' dir='ltr'><em>numeros</em></span> <span class='ocrx_word' id='word_1_199' title='bbox 910 1258 1089 1292; x_wconf 76' lang='lat' dir='ltr'><em>resolvere</em></span> <span class='ocrx_word' id='word_1_200' title='bbox 1115 1263 1150 1292; x_wconf 91' lang='lat' dir='ltr'><em>et</em></span> <span class='ocrx_word' id='word_1_201' title='bbox 1176 1259 1290 1293; x_wconf 88' lang='lat' dir='ltr'><em>eidem</em></span> <span class='ocrx_word' id='word_1_202' title='bbox 1316 1258 1427 1292; x_wconf 86' lang='lat' dir='ltr'><em>diario</em></span> <span class='ocrx_word' id='word_1_203' title='bbox 1446 1258 1645 1301; x_wconf 79' lang='lat' dir='ltr'><em>praefigere</em></span> <span class='ocrx_word' id='word_1_204' title='bbox 1664 1269 1737 1293; x_wconf 92' lang='lat' dir='ltr'><em>non</em></span> <span class='ocrx_word' id='word_1_205' title='bbox 1761 1258 2017 1293; x_wconf 87' lang='lat' dir='ltr'><em>inconveniens</em></span> 
     </span>
     <span class='ocr_line' id='line_1_19' title="bbox 228 1316 2016 1361; baseline -0.001 -10"><span class='ocrx_word' id='word_1_206' title='bbox 228 1317 403 1353; x_wconf 87' lang='lat' dir='ltr'><em>duxerim.</em></span> <span class='ocrx_word' id='word_1_207' title='bbox 448 1318 606 1361; x_wconf 88' lang='lat' dir='ltr'><em>Cumque</em></span> <span class='ocrx_word' id='word_1_208' title='bbox 625 1322 753 1361; x_wconf 88' lang='lat' dir='ltr'><em>postea</em></span> <span class='ocrx_word' id='word_1_209' title='bbox 771 1318 892 1361; x_wconf 64' lang='lat'>(1573.</span> <span class='ocrx_word' id='word_1_210' title='bbox 912 1318 1011 1360; x_wconf 67' lang='lat' dir='ltr'><em>vere)</em></span> <span class='ocrx_word' id='word_1_211' title='bbox 1038 1316 1209 1350; x_wconf 88' lang='lat' dir='ltr'><em>Hafniam</em></span> <span class='ocrx_word' id='word_1_212' title='bbox 1228 1316 1477 1359; x_wconf 80' lang='lat' dir='ltr'><em>excurrissem,</em></span> <span class='ocrx_word' id='word_1_213' title='bbox 1504 1316 1597 1350; x_wconf 83' lang='lat' dir='ltr'><em>inter</em></span> <span class='ocrx_word' id='word_1_214' title='bbox 1615 1316 1704 1350; x_wconf 85' lang='lat' dir='ltr'><em>alios</em></span> <span class='ocrx_word' id='word_1_215' title='bbox 1724 1316 1809 1351; x_wconf 89' lang='lat' dir='ltr'><em>clar.</em></span> <span class='ocrx_word' id='word_1_216' title='bbox 1830 1321 1865 1351; x_wconf 91' lang='lat' dir='ltr'><em>et</em></span> <span class='ocrx_word' id='word_1_217' title='bbox 1881 1320 2016 1360; x_wconf 86' lang='lat' dir='ltr'><em>praest.</em></span> 
     </span>
     <span class='ocr_line' id='line_1_20' title="bbox 227 1374 2019 1419; baseline -0.001 -9"><span class='ocrx_word' id='word_1_218' title='bbox 227 1376 301 1410; x_wconf 81' lang='lat' dir='ltr'><em>viro</em></span> <span class='ocrx_word' id='word_1_219' title='bbox 327 1377 372 1410; x_wconf 86' lang='lat' dir='ltr'><em>D.</em></span> <span class='ocrx_word' id='word_1_220' title='bbox 398 1376 448 1410; x_wconf 85' lang='lat' dir='ltr'><em>Jo</em></span> <span class='ocrx_word' id='word_1_221' title='bbox 461 1376 569 1410; x_wconf 85' lang='lat' dir='ltr'><em>anni</em></span> <span class='ocrx_word' id='word_1_222' title='bbox 594 1375 815 1410; x_wconf 88' lang='lat' dir='ltr'><em>Pratensi</em></span> <span class='ocrx_word' id='word_1_223' title='bbox 842 1375 991 1410; x_wconf 78' lang='lat' dir='ltr'><em>diarium</em></span> <span class='ocrx_word' id='word_1_224' title='bbox 1018 1374 1106 1408; x_wconf 88' lang='lat' dir='ltr'><em>illud</em></span> <span class='ocrx_word' id='word_1_225' title='bbox 1132 1385 1203 1408; x_wconf 89' lang='lat' dir='ltr'><em>una</em></span> <span class='ocrx_word' id='word_1_226' title='bbox 1228 1385 1309 1408; x_wconf 88' lang='lat' dir='ltr'><em>cum</em></span> <span class='ocrx_word' id='word_1_227' title='bbox 1335 1374 1389 1419; x_wconf 79' lang='lat' dir='ltr'><em>iis,</em></span> <span class='ocrx_word' id='word_1_228' title='bbox 1418 1384 1509 1417; x_wconf 84' lang='lat' dir='ltr'><em>quae</em></span> <span class='ocrx_word' id='word_1_229' title='bbox 1535 1374 1578 1408; x_wconf 87' lang='lat' dir='ltr'><em>de</em></span> <span class='ocrx_word' id='word_1_230' title='bbox 1603 1385 1696 1409; x_wconf 82' lang='lat' dir='ltr'><em>nova</em></span> <span class='ocrx_word' id='word_1_231' title='bbox 1715 1374 1822 1409; x_wconf 86' lang='lat' dir='ltr'><em>stella</em></span> <span class='ocrx_word' id='word_1_232' title='bbox 1846 1374 2019 1418; x_wconf 81' lang='lat' dir='ltr'><em>adjunxe-</em></span> 
     </span>
     <span class='ocr_line' id='line_1_21' title="bbox 228 1431 2020 1477; baseline 0.001 -11"><span class='ocrx_word' id='word_1_233' title='bbox 228 1442 315 1477; x_wconf 83' lang='lat' dir='ltr'><em>ram,</em></span> <span class='ocrx_word' id='word_1_234' title='bbox 340 1432 601 1477; x_wconf 88' lang='lat' dir='ltr'><em>inspiciendum</em></span> <span class='ocrx_word' id='word_1_235' title='bbox 629 1432 722 1467; x_wconf 87' lang='lat' dir='ltr'><em>dedi.</em></span> <span class='ocrx_word' id='word_1_236' title='bbox 774 1434 809 1468; x_wconf 89' lang='lat' dir='ltr'><em>Is</em></span> <span class='ocrx_word' id='word_1_237' title='bbox 835 1433 1060 1477; x_wconf 85' lang='lat' dir='ltr'><em>perlustrans</em></span> <span class='ocrx_word' id='word_1_238' title='bbox 1088 1431 1295 1475; x_wconf 83' lang='lat' dir='ltr'><em>diligentius</em></span> <span class='ocrx_word' id='word_1_239' title='bbox 1321 1441 1379 1475; x_wconf 86' lang='lat' dir='ltr'><em>ea,</em></span> <span class='ocrx_word' id='word_1_240' title='bbox 1417 1442 1507 1475; x_wconf 85' lang='lat' dir='ltr'><em>quae</em></span> <span class='ocrx_word' id='word_1_241' title='bbox 1540 1432 1584 1466; x_wconf 89' lang='lat' dir='ltr'><em>de</em></span> <span class='ocrx_word' id='word_1_242' title='bbox 1609 1432 1677 1467; x_wconf 84' lang='lat' dir='ltr'><em>hac</em></span> <span class='ocrx_word' id='word_1_243' title='bbox 1703 1432 1809 1467; x_wconf 88' lang='lat' dir='ltr'><em>stella</em></span> <span class='ocrx_word' id='word_1_244' title='bbox 1834 1433 2020 1476; x_wconf 82' lang='lat' dir='ltr'><em>consigna-</em></span> 
     </span>
     <span class='ocr_line' id='line_1_22' title="bbox 226 1490 2022 1536; baseline 0.001 -11"><span class='ocrx_word' id='word_1_245' title='bbox 226 1501 320 1533; x_wconf 84' lang='lat' dir='ltr'><em>ram,</em></span> <span class='ocrx_word' id='word_1_246' title='bbox 355 1491 475 1525; x_wconf 87' lang='lat' dir='ltr'><em>statim</em></span> <span class='ocrx_word' id='word_1_247' title='bbox 501 1491 664 1525; x_wconf 79' lang='lat' dir='ltr'><em>hortator</em></span> <span class='ocrx_word' id='word_1_248' title='bbox 688 1490 773 1531; x_wconf 77' lang='lat' dir='ltr'><em>fuit,</em></span> <span class='ocrx_word' id='word_1_249' title='bbox 808 1496 847 1525; x_wconf 92' lang='lat' dir='ltr'><em>ut</em></span> <span class='ocrx_word' id='word_1_250' title='bbox 873 1491 1008 1534; x_wconf 87' lang='lat' dir='ltr'><em>publici</em></span> <span class='ocrx_word' id='word_1_251' title='bbox 1029 1491 1122 1534; x_wconf 86' lang='lat' dir='ltr'><em>juris</em></span> <span class='ocrx_word' id='word_1_252' title='bbox 1147 1490 1226 1524; x_wconf 88' lang='lat' dir='ltr'><em>fieri</em></span> <span class='ocrx_word' id='word_1_253' title='bbox 1252 1490 1497 1526; x_wconf 77' lang='lat' dir='ltr'><em>concederem,</em></span> <span class='ocrx_word' id='word_1_254' title='bbox 1546 1492 1595 1525; x_wconf 91' lang='lat' dir='ltr'><em>At</em></span> <span class='ocrx_word' id='word_1_255' title='bbox 1620 1501 1704 1535; x_wconf 85' lang='lat' dir='ltr'><em>ego,</em></span> <span class='ocrx_word' id='word_1_256' title='bbox 1739 1491 1800 1536; x_wconf 91' lang='lat' dir='ltr'><em>qui</em></span> <span class='ocrx_word' id='word_1_257' title='bbox 1826 1491 1913 1526; x_wconf 88' lang='lat' dir='ltr'><em>satis</em></span> <span class='ocrx_word' id='word_1_258' title='bbox 1939 1502 2022 1526; x_wconf 89' lang='lat' dir='ltr'><em>con-</em></span> 
     </span>
     <span class='ocr_line' id='line_1_23' title="bbox 228 1548 2020 1592; baseline 0.001 -10"><span class='ocrx_word' id='word_1_259' title='bbox 228 1549 323 1583; x_wconf 87' lang='lat' dir='ltr'><em>scius</em></span> <span class='ocrx_word' id='word_1_260' title='bbox 349 1559 464 1592; x_wconf 88' lang='lat' dir='ltr'><em>eram,</em></span> <span class='ocrx_word' id='word_1_261' title='bbox 500 1559 608 1592; x_wconf 90' lang='lat' dir='ltr'><em>quam</em></span> <span class='ocrx_word' id='word_1_262' title='bbox 633 1548 849 1583; x_wconf 85' lang='lat' dir='ltr'><em>festinanter</em></span> <span class='ocrx_word' id='word_1_263' title='bbox 880 1549 942 1583; x_wconf 87' lang='lat' dir='ltr'><em>illa</em></span> <span class='ocrx_word' id='word_1_264' title='bbox 968 1552 1144 1592; x_wconf 79' lang='lat' dir='ltr'><em>concepta</em></span> <span class='ocrx_word' id='word_1_265' title='bbox 1171 1553 1294 1583; x_wconf 85' lang='lat' dir='ltr'><em>essent</em></span> <span class='ocrx_word' id='word_1_266' title='bbox 1320 1558 1498 1591; x_wconf 81' lang='lat' dir='ltr'><em>quamque</em></span> <span class='ocrx_word' id='word_1_267' title='bbox 1524 1548 1646 1583; x_wconf 86' lang='lat' dir='ltr'><em>tenuia</em></span> <span class='ocrx_word' id='word_1_268' title='bbox 1677 1559 1742 1592; x_wconf 92' lang='lat' dir='ltr'><em>pro</em></span> <span class='ocrx_word' id='word_1_269' title='bbox 1768 1550 1821 1583; x_wconf 88' lang='lat' dir='ltr'><em>rei</em></span> <span class='ocrx_word' id='word_1_270' title='bbox 1843 1548 2020 1592; x_wconf 87' lang='lat' dir='ltr'><em>magnitu-</em></span> 
     </span>
     <span class='ocr_line' id='line_1_24' title="bbox 228 1605 2021 1651; baseline 0.001 -12"><span class='ocrx_word' id='word_1_271' title='bbox 228 1605 310 1640; x_wconf 87' lang='lat' dir='ltr'><em>dine</em></span> <span class='ocrx_word' id='word_1_272' title='bbox 337 1611 446 1649; x_wconf 89' lang='lat' dir='ltr'><em>atque</em></span> <span class='ocrx_word' id='word_1_273' title='bbox 472 1606 591 1640; x_wconf 87' lang='lat' dir='ltr'><em>adhuc</em></span> <span class='ocrx_word' id='word_1_274' title='bbox 617 1607 720 1650; x_wconf 87' lang='lat' dir='ltr'><em>quasi</em></span> <span class='ocrx_word' id='word_1_275' title='bbox 745 1606 951 1649; x_wconf 74' lang='lat' dir='ltr'><em>immatura,</em></span> <span class='ocrx_word' id='word_1_276' title='bbox 985 1607 1100 1651; x_wconf 89' lang='lat' dir='ltr'><em>ipsius</em></span> <span class='ocrx_word' id='word_1_277' title='bbox 1126 1606 1291 1651; x_wconf 88' lang='lat' dir='ltr'><em>petitioni</em></span> <span class='ocrx_word' id='word_1_278' title='bbox 1315 1607 1527 1651; x_wconf 82' lang='lat' dir='ltr'><em>renuebam,</em></span> <span class='ocrx_word' id='word_1_279' title='bbox 1563 1607 1716 1651; x_wconf 82' lang='lat' dir='ltr'><em>addens,</em></span> <span class='ocrx_word' id='word_1_280' title='bbox 1753 1618 1826 1642; x_wconf 92' lang='lat' dir='ltr'><em>non</em></span> <span class='ocrx_word' id='word_1_281' title='bbox 1851 1607 1930 1642; x_wconf 90' lang='lat' dir='ltr'><em>aliis</em></span> <span class='ocrx_word' id='word_1_282' title='bbox 1957 1607 2021 1642; x_wconf 85' lang='lat' dir='ltr'><em>sed</em></span> 
     </span>
     <span class='ocr_line' id='line_1_25' title="bbox 228 1663 2023 1710; baseline 0.002 -13"><span class='ocrx_word' id='word_1_283' title='bbox 228 1664 314 1697; x_wconf 92' lang='lat' dir='ltr'><em>mihi</em></span> <span class='ocrx_word' id='word_1_284' title='bbox 339 1663 408 1708; x_wconf 92' lang='lat' dir='ltr'><em>ipsi</em></span> <span class='ocrx_word' id='word_1_285' title='bbox 436 1663 561 1698; x_wconf 86' lang='lat' dir='ltr'><em>saltem</em></span> <span class='ocrx_word' id='word_1_286' title='bbox 588 1665 678 1699; x_wconf 87' lang='lat' dir='ltr'><em>haec</em></span> <span class='ocrx_word' id='word_1_287' title='bbox 704 1675 783 1699; x_wconf 92' lang='lat' dir='ltr'><em>esse</em></span> <span class='ocrx_word' id='word_1_288' title='bbox 811 1665 1005 1710; x_wconf 87' lang='lat' dir='ltr'><em>descripta,</em></span> <span class='ocrx_word' id='word_1_289' title='bbox 1031 1676 1148 1709; x_wconf 89' lang='lat' dir='ltr'><em>neque</em></span> <span class='ocrx_word' id='word_1_290' title='bbox 1175 1665 1263 1699; x_wconf 89' lang='lat' dir='ltr'><em>adeo</em></span> <span class='ocrx_word' id='word_1_291' title='bbox 1291 1670 1456 1699; x_wconf 90' lang='lat' dir='ltr'><em>emuncte</em></span> <span class='ocrx_word' id='word_1_292' title='bbox 1483 1665 1677 1709; x_wconf 87' lang='lat' dir='ltr'><em>elaborata,</em></span> <span class='ocrx_word' id='word_1_293' title='bbox 1703 1669 1743 1700; x_wconf 91' lang='lat' dir='ltr'><em>ut</em></span> <span class='ocrx_word' id='word_1_294' title='bbox 1769 1664 1876 1709; x_wconf 85' lang='lat' dir='ltr'><em>digna</em></span> <span class='ocrx_word' id='word_1_295' title='bbox 1901 1669 2023 1700; x_wconf 88' lang='lat' dir='ltr'><em>essent</em></span> 
     </span>
     <span class='ocr_line' id='line_1_26' title="bbox 228 1721 2022 1767; baseline 0.001 -12"><span class='ocrx_word' id='word_1_296' title='bbox 228 1721 264 1756; x_wconf 91' lang='lat' dir='ltr'><em>in</em></span> <span class='ocrx_word' id='word_1_297' title='bbox 291 1722 512 1756; x_wconf 87' lang='lat' dir='ltr'><em>eruditorum</em></span> <span class='ocrx_word' id='word_1_298' title='bbox 543 1734 669 1758; x_wconf 90' lang='lat' dir='ltr'><em>manus</em></span> <span class='ocrx_word' id='word_1_299' title='bbox 704 1723 837 1757; x_wconf 76' lang='lat' dir='ltr'><em>venire.</em></span> <span class='ocrx_word' id='word_1_300' title='bbox 886 1722 951 1758; x_wconf 89' lang='lat' dir='ltr'><em>llle</em></span> <span class='ocrx_word' id='word_1_301' title='bbox 977 1728 1096 1758; x_wconf 87' lang='lat' dir='ltr'><em>tamen</em></span> <span class='ocrx_word' id='word_1_302' title='bbox 1128 1723 1291 1767; x_wconf 89' lang='lat' dir='ltr'><em>pluribus</em></span> <span class='ocrx_word' id='word_1_303' title='bbox 1324 1722 1500 1764; x_wconf 86' lang='lat' dir='ltr'><em>instabat,</em></span> <span class='ocrx_word' id='word_1_304' title='bbox 1533 1733 1657 1757; x_wconf 83' lang='lat' dir='ltr'><em>verum</em></span> <span class='ocrx_word' id='word_1_305' title='bbox 1691 1723 1809 1758; x_wconf 88' lang='lat' dir='ltr'><em>adhuc</em></span> <span class='ocrx_word' id='word_1_306' title='bbox 1842 1723 1879 1757; x_wconf 87' lang='lat' dir='ltr'><em>id</em></span> <span class='ocrx_word' id='word_1_307' title='bbox 1903 1723 2022 1767; x_wconf 90' lang='lat' dir='ltr'><em>ipsum</em></span> 
     </span>
     <span class='ocr_line' id='line_1_27' title="bbox 228 1779 2022 1825; baseline 0.001 -12"><span class='ocrx_word' id='word_1_308' title='bbox 228 1779 324 1823; x_wconf 89' lang='lat' dir='ltr'><em>apud</em></span> <span class='ocrx_word' id='word_1_309' title='bbox 358 1790 413 1814; x_wconf 92' lang='lat' dir='ltr'><em>me</em></span> <span class='ocrx_word' id='word_1_310' title='bbox 449 1780 610 1816; x_wconf 90' lang='lat' dir='ltr'><em>obtinere</em></span> <span class='ocrx_word' id='word_1_311' title='bbox 642 1792 713 1816; x_wconf 88' lang='lat' dir='ltr'><em>non</em></span> <span class='ocrx_word' id='word_1_312' title='bbox 748 1781 878 1825; x_wconf 91' lang='lat' dir='ltr'><em>potuit.</em></span> <span class='ocrx_word' id='word_1_313' title='bbox 931 1783 1040 1816; x_wconf 85' lang='lat' dir='ltr'><em>Eram</em></span> <span class='ocrx_word' id='word_1_314' title='bbox 1077 1782 1170 1815; x_wconf 89' lang='lat' dir='ltr'><em>enim</em></span> <span class='ocrx_word' id='word_1_315' title='bbox 1202 1785 1288 1815; x_wconf 89' lang='lat' dir='ltr'><em>tunc</em></span> <span class='ocrx_word' id='word_1_316' title='bbox 1322 1780 1566 1815; x_wconf 72' lang='lat' dir='ltr'><em>communiter</em></span> <span class='ocrx_word' id='word_1_317' title='bbox 1594 1786 1741 1825; x_wconf 90' lang='lat' dir='ltr'><em>recepto</em></span> <span class='ocrx_word' id='word_1_318' title='bbox 1767 1780 2022 1825; x_wconf 90' lang='lat' dir='ltr'><em>plerorumque</em></span> 
     </span>
     <span class='ocr_line' id='line_1_28' title="bbox 228 1837 2023 1884; baseline 0.002 -14"><span class='ocrx_word' id='word_1_319' title='bbox 228 1837 407 1872; x_wconf 80' lang='lat' dir='ltr'><em>Nobilium</em></span> <span class='ocrx_word' id='word_1_320' title='bbox 433 1839 599 1873; x_wconf 88' lang='lat' dir='ltr'><em>Virorum</em></span> <span class='ocrx_word' id='word_1_321' title='bbox 624 1839 845 1884; x_wconf 89' lang='lat' dir='ltr'><em>praejudicio</em></span> <span class='ocrx_word' id='word_1_322' title='bbox 870 1839 1028 1875; x_wconf 89' lang='lat' dir='ltr'><em>imbutus</em></span> <span class='ocrx_word' id='word_1_323' title='bbox 1061 1844 1170 1882; x_wconf 87' lang='lat' dir='ltr'><em>atque</em></span> <span class='ocrx_word' id='word_1_324' title='bbox 1203 1839 1418 1883; x_wconf 79' lang='lat' dir='ltr'><em>fascinatus,</em></span> <span class='ocrx_word' id='word_1_325' title='bbox 1454 1838 1549 1883; x_wconf 89' lang='lat' dir='ltr'><em>quod</em></span> <span class='ocrx_word' id='word_1_326' title='bbox 1575 1838 1742 1873; x_wconf 86' lang='lat' dir='ltr'><em>videlicet</em></span> <span class='ocrx_word' id='word_1_327' title='bbox 1774 1848 1845 1873; x_wconf 89' lang='lat' dir='ltr'><em>non</em></span> <span class='ocrx_word' id='word_1_328' title='bbox 1878 1838 2023 1874; x_wconf 87' lang='lat' dir='ltr'><em>deceret</em></span> 
     </span>
     <span class='ocr_line' id='line_1_29' title="bbox 229 1895 2023 1941; baseline 0.001 -13"><span class='ocrx_word' id='word_1_329' title='bbox 229 1895 338 1929; x_wconf 91' lang='lat' dir='ltr'><em>nobili</em></span> <span class='ocrx_word' id='word_1_330' title='bbox 363 1907 494 1940; x_wconf 86' lang='lat' dir='ltr'><em>genere</em></span> <span class='ocrx_word' id='word_1_331' title='bbox 519 1902 654 1941; x_wconf 84' lang='lat' dir='ltr'><em>natum,</em></span> <span class='ocrx_word' id='word_1_332' title='bbox 682 1896 865 1941; x_wconf 81' lang='lat' dir='ltr'><em>quippiam</em></span> <span class='ocrx_word' id='word_1_333' title='bbox 897 1897 932 1930; x_wconf 93' lang='lat' dir='ltr'><em>in</em></span> <span class='ocrx_word' id='word_1_334' title='bbox 958 1898 1096 1932; x_wconf 88' lang='lat' dir='ltr'><em>artibus</em></span> <span class='ocrx_word' id='word_1_335' title='bbox 1123 1897 1346 1931; x_wconf 86' lang='lat' dir='ltr'><em>scholasticis</em></span> <span class='ocrx_word' id='word_1_336' title='bbox 1380 1896 1497 1931; x_wconf 88' lang='lat' dir='ltr'><em>moliri</em></span> <span class='ocrx_word' id='word_1_337' title='bbox 1529 1902 1590 1931; x_wconf 84' lang='lat' dir='ltr'><em>aut</em></span> <span class='ocrx_word' id='word_1_338' title='bbox 1624 1897 1659 1930; x_wconf 92' lang='lat' dir='ltr'><em>in</em></span> <span class='ocrx_word' id='word_1_339' title='bbox 1686 1896 1866 1940; x_wconf 87' lang='lat' dir='ltr'><em>publicum</em></span> <span class='ocrx_word' id='word_1_340' title='bbox 1903 1897 2023 1931; x_wconf 87' lang='lat' dir='ltr'><em>edere.</em></span> 
     </span>
     <span class='ocr_line' id='line_1_30' title="bbox 229 1953 2024 1999; baseline 0.001 -12"><span class='ocrx_word' id='word_1_341' title='bbox 229 1953 330 1988; x_wconf 88' lang='lat' dir='ltr'><em>Adeo</em></span> <span class='ocrx_word' id='word_1_342' title='bbox 357 1955 533 1997; x_wconf 85' lang='lat' dir='ltr'><em>siquidem</em></span> <span class='ocrx_word' id='word_1_343' title='bbox 558 1955 759 1990; x_wconf 77' lang='lat' dir='ltr'><em>invaluerat</em></span> <span class='ocrx_word' id='word_1_344' title='bbox 792 1966 931 1991; x_wconf 87' lang='lat' dir='ltr'><em>morum</em></span> <span class='ocrx_word' id='word_1_345' title='bbox 959 1961 993 1990; x_wconf 91' lang='lat' dir='ltr'><em>et</em></span> <span class='ocrx_word' id='word_1_346' title='bbox 1017 1956 1235 1999; x_wconf 86' lang='lat' dir='ltr'><em>judiciorum</em></span> <span class='ocrx_word' id='word_1_347' title='bbox 1270 1955 1471 1999; x_wconf 78' lang='lat' dir='ltr'><em>vulgarium</em></span> <span class='ocrx_word' id='word_1_348' title='bbox 1499 1954 1717 1998; x_wconf 85' lang='lat' dir='ltr'><em>corruptela,</em></span> <span class='ocrx_word' id='word_1_349' title='bbox 1754 1958 1792 1988; x_wconf 90' lang='lat' dir='ltr'><em>ut</em></span> <span class='ocrx_word' id='word_1_350' title='bbox 1816 1954 2024 1988; x_wconf 89' lang='lat' dir='ltr'><em>indecorum</em></span> 
     </span>
     <span class='ocr_line' id='line_1_31' title="bbox 230 2011 2023 2057; baseline 0.002 -14"><span class='ocrx_word' id='word_1_351' title='bbox 230 2011 394 2055; x_wconf 85' lang='lat' dir='ltr'><em>putarim,</em></span> <span class='ocrx_word' id='word_1_352' title='bbox 421 2011 555 2056; x_wconf 86' lang='lat' dir='ltr'><em>aliquid</em></span> <span class='ocrx_word' id='word_1_353' title='bbox 573 2018 716 2057; x_wconf 86' lang='lat' dir='ltr'><em>praeter</em></span> <span class='ocrx_word' id='word_1_354' title='bbox 742 2013 893 2048; x_wconf 85' lang='lat' dir='ltr'><em>aliorum</em></span> <span class='ocrx_word' id='word_1_355' title='bbox 919 2015 1216 2049; x_wconf 89' lang='lat' dir='ltr'><em>consuetudinem</em></span> <span class='ocrx_word' id='word_1_356' title='bbox 1242 2014 1422 2050; x_wconf 79' lang='lat' dir='ltr'><em>factitare.</em></span> <span class='ocrx_word' id='word_1_357' title='bbox 1471 2014 1513 2048; x_wconf 91' lang='lat' dir='ltr'><em>In</em></span> <span class='ocrx_word' id='word_1_358' title='bbox 1539 2013 1705 2048; x_wconf 88' lang='lat' dir='ltr'><em>Scaniam</em></span> <span class='ocrx_word' id='word_1_359' title='bbox 1729 2023 1784 2047; x_wconf 89' lang='lat' dir='ltr'><em>me</em></span> <span class='ocrx_word' id='word_1_360' title='bbox 1808 2012 1947 2057; x_wconf 85' lang='lat' dir='ltr'><em>recepi,</em></span> <span class='ocrx_word' id='word_1_361' title='bbox 1973 2012 2023 2046; x_wconf 91' lang='lat' dir='ltr'><em>ibi</em></span> 
     </span>
     <span class='ocr_line' id='line_1_32' title="bbox 229 2069 2021 2115; baseline 0.001 -13"><span class='ocrx_word' id='word_1_362' title='bbox 229 2072 304 2102; x_wconf 88' lang='lat' dir='ltr'><em>tum</em></span> <span class='ocrx_word' id='word_1_363' title='bbox 331 2070 490 2115; x_wconf 89' lang='lat' dir='ltr'><em>demum,</em></span> <span class='ocrx_word' id='word_1_364' title='bbox 525 2076 716 2115; x_wconf 76' lang='lat' dir='ltr'><em>postquam</em></span> <span class='ocrx_word' id='word_1_365' title='bbox 742 2083 760 2107; x_wconf 91' lang='lat' dir='ltr'><em>e</em></span> <span class='ocrx_word' id='word_1_366' title='bbox 787 2073 977 2108; x_wconf 89' lang='lat' dir='ltr'><em>Germania</em></span> <span class='ocrx_word' id='word_1_367' title='bbox 1003 2073 1134 2108; x_wconf 82' lang='lat' dir='ltr'><em>allatae</em></span> <span class='ocrx_word' id='word_1_368' title='bbox 1170 2079 1292 2108; x_wconf 88' lang='lat' dir='ltr'><em>essent</em></span> <span class='ocrx_word' id='word_1_369' title='bbox 1316 2072 1493 2106; x_wconf 84' lang='lat' dir='ltr'><em>variorum</em></span> <span class='ocrx_word' id='word_1_370' title='bbox 1520 2071 1562 2104; x_wconf 91' lang='lat' dir='ltr'><em>de</em></span> <span class='ocrx_word' id='word_1_371' title='bbox 1587 2071 1654 2105; x_wconf 84' lang='lat' dir='ltr'><em>hac</em></span> <span class='ocrx_word' id='word_1_372' title='bbox 1680 2069 1785 2105; x_wconf 86' lang='lat' dir='ltr'><em>stella</em></span> <span class='ocrx_word' id='word_1_373' title='bbox 1810 2069 2021 2114; x_wconf 85' lang='lat' dir='ltr'><em>sententiae,</em></span> 
     </span>
     <span class='ocr_line' id='line_1_33' title="bbox 231 2127 2022 2175; baseline 0.001 -14"><span class='ocrx_word' id='word_1_374' title='bbox 231 2127 359 2170; x_wconf 89' lang='lat' dir='ltr'><em>quibus</em></span> <span class='ocrx_word' id='word_1_375' title='bbox 383 2129 524 2164; x_wconf 84' lang='lat' dir='ltr'><em>relectis</em></span> <span class='ocrx_word' id='word_1_376' title='bbox 551 2131 718 2173; x_wconf 89' lang='lat' dir='ltr'><em>(quorum</em></span> <span class='ocrx_word' id='word_1_377' title='bbox 743 2131 904 2175; x_wconf 88' lang='lat' dir='ltr'><em>plerique</em></span> <span class='ocrx_word' id='word_1_378' title='bbox 932 2143 975 2166; x_wconf 82' lang='lat' dir='ltr'><em>ex</em></span> <span class='ocrx_word' id='word_1_379' title='bbox 1002 2142 1043 2166; x_wconf 87' lang='lat' dir='ltr'><em>ea</em></span> <span class='ocrx_word' id='word_1_380' title='bbox 1069 2131 1261 2175; x_wconf 83' lang='lat' dir='ltr'><em>genuinum</em></span> <span class='ocrx_word' id='word_1_381' title='bbox 1287 2130 1465 2174; x_wconf 80' lang='lat' dir='ltr'><em>quendam</em></span> <span class='ocrx_word' id='word_1_382' title='bbox 1491 2132 1666 2163; x_wconf 88' lang='lat' dir='ltr'><em>cometam</em></span> <span class='ocrx_word' id='word_1_383' title='bbox 1691 2128 1862 2173; x_wconf 84' lang='lat' dir='ltr'><em>fecerant,</em></span> <span class='ocrx_word' id='word_1_384' title='bbox 1890 2128 1948 2162; x_wconf 86' lang='lat' dir='ltr'><em>alii</em></span> <span class='ocrx_word' id='word_1_385' title='bbox 1966 2128 2022 2173; x_wconf 80' lang='lat'><em>20,</em></span> 
     </span>
     <span class='ocr_line' id='line_1_34' title="bbox 231 2185 2021 2232; baseline 0.001 -13"><span class='ocrx_word' id='word_1_386' title='bbox 231 2185 292 2219; x_wconf 86' lang='lat' dir='ltr'><em>alii</em></span> <span class='ocrx_word' id='word_1_387' title='bbox 321 2188 373 2231; x_wconf 75' lang='lat'><em>15,</em></span> <span class='ocrx_word' id='word_1_388' title='bbox 401 2188 459 2221; x_wconf 90' lang='lat' dir='ltr'><em>alii</em></span> <span class='ocrx_word' id='word_1_389' title='bbox 486 2189 613 2223; x_wconf 87' lang='lat' dir='ltr'><em>saltem</em></span> <span class='ocrx_word' id='word_1_390' title='bbox 644 2190 683 2224; x_wconf 83' lang='lat'><em>12</em></span> <span class='ocrx_word' id='word_1_391' title='bbox 710 2200 730 2223; x_wconf 89' lang='lat' dir='ltr'><em>a</em></span> <span class='ocrx_word' id='word_1_392' title='bbox 756 2190 877 2223; x_wconf 89' lang='lat' dir='ltr'><em>Terris</em></span> <span class='ocrx_word' id='word_1_393' title='bbox 904 2196 1080 2223; x_wconf 84' lang='lat' dir='ltr'><em>remotum</em></span> <span class='ocrx_word' id='word_1_394' title='bbox 1107 2187 1388 2232; x_wconf 85' lang='lat' dir='ltr'><em>semidiametris‚</em></span> <span class='ocrx_word' id='word_1_395' title='bbox 1416 2187 1505 2222; x_wconf 84' lang='lat' dir='ltr'><em>adeo</em></span> <span class='ocrx_word' id='word_1_396' title='bbox 1531 2191 1571 2221; x_wconf 92' lang='lat' dir='ltr'><em>ut</em></span> <span class='ocrx_word' id='word_1_397' title='bbox 1596 2186 1632 2220; x_wconf 89' lang='lat' dir='ltr'><em>in</em></span> <span class='ocrx_word' id='word_1_398' title='bbox 1657 2186 1772 2220; x_wconf 79' lang='lat' dir='ltr'><em>vicino</em></span> <span class='ocrx_word' id='word_1_399' title='bbox 1800 2190 1879 2220; x_wconf 72' lang='lat' dir='ltr'><em>aere</em></span> <span class='ocrx_word' id='word_1_400' title='bbox 1906 2186 2021 2221; x_wconf 82' lang='lat' dir='ltr'><em>consi-</em></span> 
     </span>
     <span class='ocr_line' id='line_1_35' title="bbox 231 2237 2021 2291; baseline 0.001 -14"><span class='ocrx_word' id='word_1_401' title='bbox 231 2248 378 2289; x_wconf 85' lang='lat' dir='ltr'><em>steret),</em></span> <span class='ocrx_word' id='word_1_402' title='bbox 412 2245 499 2280; x_wconf 84' lang='lat' dir='ltr'><em>satis</em></span> <span class='ocrx_word' id='word_1_403' title='bbox 524 2247 610 2280; x_wconf 89' lang='lat' dir='ltr'><em>mihi</em></span> <span class='ocrx_word' id='word_1_404' title='bbox 636 2247 799 2281; x_wconf 92' lang='lat' dir='ltr'><em>conscius</em></span> <span class='ocrx_word' id='word_1_405' title='bbox 824 2257 898 2280; x_wconf 88' lang='lat' dir='ltr'><em>rem</em></span> <span class='ocrx_word' id='word_1_406' title='bbox 924 2247 1029 2291; x_wconf 87' lang='lat' dir='ltr'><em>longe</em></span> <span class='ocrx_word' id='word_1_407' title='bbox 1056 2246 1160 2281; x_wconf 87' lang='lat' dir='ltr'><em>aliter</em></span> <span class='ocrx_word' id='word_1_408' title='bbox 1186 2257 1223 2281; x_wconf 86' lang='lat' dir='ltr'><em>se</em></span> <span class='ocrx_word' id='word_1_409' title='bbox 1248 2246 1381 2280; x_wconf 81' lang='lat' dir='ltr'><em>habere</em></span> <span class='ocrx_word' id='word_1_410' title='bbox 1407 2251 1442 2280; x_wconf 89' lang='lat' dir='ltr'><em>et</em></span> <span class='ocrx_word' id='word_1_411' title='bbox 1466 2245 1502 2279; x_wconf 90' lang='grc'><em>111</em></span> <span class='ocrx_word' id='word_1_412' title='bbox 1528 2244 1702 2278; x_wconf 87' lang='lat' dir='ltr'><em>altissimo</em></span> <span class='ocrx_word' id='word_1_413' title='bbox 1736 2244 1882 2278; x_wconf 85' lang='lat' dir='ltr'><em>aethere</em></span> <span class='ocrx_word' id='word_1_414' title='bbox 1907 2237 2021 2278; x_wconf 78' lang='lat' dir='ltr'><em>omrfls</em></span> 
     </span>
     <span class='ocr_line' id='line_1_36' title="bbox 231 2301 2019 2348; baseline 0 -13"><span class='ocrx_word' id='word_1_415' title='bbox 231 2301 460 2345; x_wconf 84' lang='lat' dir='ltr'><em>parallaxeos</em></span> <span class='ocrx_word' id='word_1_416' title='bbox 487 2310 671 2348; x_wconf 82' lang='lat' dir='ltr'><em>expertem</em></span> <span class='ocrx_word' id='word_1_417' title='bbox 699 2303 877 2339; x_wconf 86' lang='lat' dir='ltr'><em>effulsisse</em></span> <span class='ocrx_word' id='word_1_418' title='bbox 903 2304 996 2339; x_wconf 83' lang='lat' dir='ltr'><em>hanc</em></span> <span class='ocrx_word' id='word_1_419' title='bbox 1021 2304 1182 2339; x_wconf 87' lang='lat' dir='ltr'><em>stellam:</em></span> <span class='ocrx_word' id='word_1_420' title='bbox 1217 2305 1306 2339; x_wconf 85' lang='lat' dir='ltr'><em>istas</em></span> <span class='ocrx_word' id='word_1_421' title='bbox 1331 2304 1483 2348; x_wconf 84' lang='lat' dir='ltr'><em>ineptias</em></span> <span class='ocrx_word' id='word_1_422' title='bbox 1516 2302 1708 2337; x_wconf 85' lang='lat' dir='ltr'><em>aversabar</em></span> <span class='ocrx_word' id='word_1_423' title='bbox 1741 2305 1850 2345; x_wconf 86' lang='lat' dir='ltr'><em>atque</em></span> <span class='ocrx_word' id='word_1_424' title='bbox 1880 2301 2019 2345; x_wconf 88' lang='lat' dir='ltr'><em>rejicie-</em></span> 
     </span>
     <span class='ocr_line' id='line_1_37' title="bbox 234 2358 2015 2406; baseline 0 -13"><span class='ocrx_word' id='word_1_425' title='bbox 234 2358 315 2393; x_wconf 91' lang='lat' dir='ltr'><em>bam</em></span> <span class='ocrx_word' id='word_1_426' title='bbox 342 2360 516 2405; x_wconf 84' lang='lat' dir='ltr'><em>coepique</em></span> <span class='ocrx_word' id='word_1_427' title='bbox 541 2372 620 2395; x_wconf 90' lang='lat' dir='ltr'><em>mea</em></span> <span class='ocrx_word' id='word_1_428' title='bbox 644 2362 853 2405; x_wconf 82' lang='lat' dir='ltr'><em>recolligere</em></span> <span class='ocrx_word' id='word_1_429' title='bbox 881 2367 915 2396; x_wconf 91' lang='lat' dir='ltr'><em>et</em></span> <span class='ocrx_word' id='word_1_430' title='bbox 942 2361 1057 2405; x_wconf 91' lang='lat' dir='ltr'><em>pluris</em></span> <span class='ocrx_word' id='word_1_431' title='bbox 1084 2373 1190 2406; x_wconf 74' lang='lat' dir='ltr'><em>quam</em></span> <span class='ocrx_word' id='word_1_432' title='bbox 1215 2366 1322 2396; x_wconf 84' lang='lat' dir='ltr'><em>antea</em></span> <span class='ocrx_word' id='word_1_433' title='bbox 1347 2362 1548 2396; x_wconf 84' lang='lat' dir='ltr'><em>aestimare.</em></span> <span class='ocrx_word' id='word_1_434' title='bbox 1598 2361 1756 2404; x_wconf 85' lang='lat' dir='ltr'><em>Cumque</em></span> <span class='ocrx_word' id='word_1_435' title='bbox 1782 2360 1900 2394; x_wconf 90' lang='lat' dir='ltr'><em>denuo</em></span> <span class='ocrx_word' id='word_1_436' title='bbox 1926 2358 2015 2394; x_wconf 87' lang='lat' dir='ltr'><em>Haf-</em></span> 
     </span>
     <span class='ocr_line' id='line_1_38' title="bbox 233 2417 2019 2464; baseline 0.001 -13"><span class='ocrx_word' id='word_1_437' title='bbox 233 2418 328 2452; x_wconf 86' lang='lat' dir='ltr'><em>niam</em></span> <span class='ocrx_word' id='word_1_438' title='bbox 355 2420 603 2464; x_wconf 84' lang='lat' dir='ltr'><em>excurrissem‚</em></span> <span class='ocrx_word' id='word_1_439' title='bbox 631 2421 785 2464; x_wconf 87' lang='lat' dir='ltr'><em>optimus</em></span> <span class='ocrx_word' id='word_1_440' title='bbox 810 2420 871 2455; x_wconf 90' lang='lat' dir='ltr'><em>ille</em></span> <span class='ocrx_word' id='word_1_441' title='bbox 897 2421 1081 2456; x_wconf 84' lang='lat' dir='ltr'><em>Pratensis</em></span> <span class='ocrx_word' id='word_1_442' title='bbox 1108 2431 1151 2455; x_wconf 91' lang='lat' dir='ltr'><em>ne</em></span> <span class='ocrx_word' id='word_1_443' title='bbox 1177 2424 1263 2455; x_wconf 90' lang='lat' dir='ltr'><em>tunc</em></span> <span class='ocrx_word' id='word_1_444' title='bbox 1289 2420 1451 2464; x_wconf 87' lang='lat' dir='ltr'><em>quidem,</em></span> <span class='ocrx_word' id='word_1_445' title='bbox 1487 2424 1527 2453; x_wconf 92' lang='lat' dir='ltr'><em>ut</em></span> <span class='ocrx_word' id='word_1_446' title='bbox 1552 2419 1764 2463; x_wconf 88' lang='lat' dir='ltr'><em>scriptulum</em></span> <span class='ocrx_word' id='word_1_447' title='bbox 1789 2419 1880 2453; x_wconf 86' lang='lat' dir='ltr'><em>illud</em></span> <span class='ocrx_word' id='word_1_448' title='bbox 1904 2417 2019 2462; x_wconf 90' lang='lat' dir='ltr'><em>publi-</em></span> 
     </span>
     <span class='ocr_line' id='line_1_39' title="bbox 232 2475 2020 2522; baseline 0 -12"><span class='ocrx_word' id='word_1_449' title='bbox 232 2476 305 2511; x_wconf 88' lang='lat' dir='ltr'><em>cari</em></span> <span class='ocrx_word' id='word_1_450' title='bbox 329 2477 591 2522; x_wconf 87' lang='lat' dir='ltr'><em>permitterem,</em></span> <span class='ocrx_word' id='word_1_451' title='bbox 625 2478 808 2512; x_wconf 85' lang='lat' dir='ltr'><em>adhortari</em></span> <span class='ocrx_word' id='word_1_452' title='bbox 834 2478 996 2512; x_wconf 87' lang='lat' dir='ltr'><em>destitit.</em></span> <span class='ocrx_word' id='word_1_453' title='bbox 1017 2505 1023 2512; x_wconf 89' lang='lat'>.</span> <span class='ocrx_word' id='word_1_454' title='bbox 1045 2506 1051 2513; x_wconf 92' lang='lat'><strong>.</strong></span> <span class='ocrx_word' id='word_1_455' title='bbox 1077 2483 1112 2513; x_wconf 88' lang='lat' dir='ltr'><em>et</em></span> <span class='ocrx_word' id='word_1_456' title='bbox 1138 2489 1281 2513; x_wconf 87' lang='lat' dir='ltr'><em>reverso</em></span> <span class='ocrx_word' id='word_1_457' title='bbox 1309 2478 1393 2511; x_wconf 87' lang='lat' dir='ltr'><em>mihi</em></span> <span class='ocrx_word' id='word_1_458' title='bbox 1418 2477 1700 2521; x_wconf 84' lang='lat' dir='ltr'><em>Knudstorpium</em></span> <span class='ocrx_word' id='word_1_459' title='bbox 1733 2487 1798 2522; x_wconf 90' lang='lat' dir='ltr'><em>per</em></span> <span class='ocrx_word' id='word_1_460' title='bbox 1822 2477 1946 2511; x_wconf 88' lang='lat' dir='ltr'><em>literas</em></span> <span class='ocrx_word' id='word_1_461' title='bbox 1972 2475 2020 2511; x_wconf 86' lang='lat' dir='ltr'><em>ef-</em></span> 
     </span>
     <span class='ocr_line' id='line_1_40' title="bbox 229 2532 2019 2580; baseline 0.001 -13"><span class='ocrx_word' id='word_1_462' title='bbox 229 2532 405 2579; x_wconf 86' lang='lat' dir='ltr'><em>flagitare,</em></span> <span class='ocrx_word' id='word_1_463' title='bbox 432 2534 528 2578; x_wconf 88' lang='lat' dir='ltr'><em>quod</em></span> <span class='ocrx_word' id='word_1_464' title='bbox 555 2540 662 2569; x_wconf 84' lang='lat' dir='ltr'><em>antea</em></span> <span class='ocrx_word' id='word_1_465' title='bbox 687 2535 804 2570; x_wconf 78' lang='lat' dir='ltr'><em>verbis</em></span> <span class='ocrx_word' id='word_1_466' title='bbox 830 2546 949 2570; x_wconf 82' lang='lat' dir='ltr'><em>coram</em></span> <span class='ocrx_word' id='word_1_467' title='bbox 975 2535 1136 2570; x_wconf 88' lang='lat' dir='ltr'><em>obtinere</em></span> <span class='ocrx_word' id='word_1_468' title='bbox 1153 2534 1374 2578; x_wconf 85' lang='lat' dir='ltr'><em>nequiverat.</em></span> <span class='ocrx_word' id='word_1_469' title='bbox 1403 2536 1666 2580; x_wconf 79' lang='lat' dir='ltr'><em>perseveravit3</em></span> <span class='ocrx_word' id='word_1_470' title='bbox 1695 2535 1823 2578; x_wconf 87' lang='lat' dir='ltr'><em>quibus</em></span> <span class='ocrx_word' id='word_1_471' title='bbox 1850 2534 2019 2579; x_wconf 85' lang='lat' dir='ltr'><em>perlectis</em></span> 
     </span>
     <span class='ocr_line' id='line_1_41' title="bbox 231 2591 2022 2638; baseline 0.001 -13"><span class='ocrx_word' id='word_1_472' title='bbox 231 2591 448 2636; x_wconf 85' lang='lat' dir='ltr'><em>tandemque</em></span> <span class='ocrx_word' id='word_1_473' title='bbox 473 2593 509 2626; x_wconf 90' lang='lat' dir='ltr'><em>in</em></span> <span class='ocrx_word' id='word_1_474' title='bbox 536 2603 637 2627; x_wconf 86' lang='lat' dir='ltr'><em>suam</em></span> <span class='ocrx_word' id='word_1_475' title='bbox 663 2594 876 2628; x_wconf 85' lang='lat' dir='ltr'><em>sententiam</em></span> <span class='ocrx_word' id='word_1_476' title='bbox 902 2593 1117 2638; x_wconf 85' lang='lat' dir='ltr'><em>perductus,</em></span> <span class='ocrx_word' id='word_1_477' title='bbox 1151 2594 1186 2629; x_wconf 77' lang='lat' dir='ltr'><em>id</em></span> <span class='ocrx_word' id='word_1_478' title='bbox 1211 2593 1384 2637; x_wconf 83' lang='lat' dir='ltr'><em>quidquid</em></span> <span class='ocrx_word' id='word_1_479' title='bbox 1412 2599 1488 2627; x_wconf 89' lang='lat' dir='ltr'><em>erat</em></span> <span class='ocrx_word' id='word_1_480' title='bbox 1524 2594 1566 2628; x_wconf 91' lang='lat' dir='ltr'><em>de</em></span> <span class='ocrx_word' id='word_1_481' title='bbox 1591 2594 1658 2628; x_wconf 91' lang='grc'>1136</span> <span class='ocrx_word' id='word_1_482' title='bbox 1684 2592 1789 2628; x_wconf 82' lang='grc'>816113</span> <span class='ocrx_word' id='word_1_483' title='bbox 1815 2604 1836 2627; x_wconf 89' lang='grc'><em>3</em></span> <span class='ocrx_word' id='word_1_484' title='bbox 1859 2603 1915 2628; x_wconf 88' lang='grc'>1116</span> <span class='ocrx_word' id='word_1_485' title='bbox 1940 2603 2022 2627; x_wconf 86' lang='grc'>6011·</span> 
     </span>
     <span class='ocr_line' id='line_1_42' title="bbox 233 2649 2020 2695; baseline 0.001 -11"><span class='ocrx_word' id='word_1_486' title='bbox 233 2651 326 2694; x_wconf 86' lang='lat' dir='ltr'><em>cepti</em></span> <span class='ocrx_word' id='word_1_487' title='bbox 358 2652 714 2687; x_wconf 85' lang='lat' dir='ltr'><em>commentariunculi</em></span> <span class='ocrx_word' id='word_1_488' title='bbox 750 2663 821 2687; x_wconf 89' lang='lat' dir='ltr'><em>una</em></span> <span class='ocrx_word' id='word_1_489' title='bbox 860 2662 941 2686; x_wconf 88' lang='lat' dir='ltr'><em>cum</em></span> <span class='ocrx_word' id='word_1_490' title='bbox 973 2657 1050 2686; x_wconf 89' lang='lat' dir='ltr'><em>toto</em></span> <span class='ocrx_word' id='word_1_491' title='bbox 1084 2651 1195 2686; x_wconf 84' lang='lat' dir='ltr'><em>diario</em></span> <span class='ocrx_word' id='word_1_492' title='bbox 1227 2651 1279 2685; x_wconf 87' lang='lat' dir='ltr'><em>illi</em></span> <span class='ocrx_word' id='word_1_493' title='bbox 1311 2651 1493 2686; x_wconf 80' lang='lat' dir='ltr'><em>transmisi</em></span> <span class='ocrx_word' id='word_1_494' title='bbox 1531 2652 1720 2695; x_wconf 84' lang='lat' dir='ltr'><em>omniaque</em></span> <span class='ocrx_word' id='word_1_495' title='bbox 1759 2651 1840 2694; x_wconf 73' lang='lat' dir='ltr'><em>ejus</em></span> <span class='ocrx_word' id='word_1_496' title='bbox 1875 2649 2020 2685; x_wconf 86' lang='lat' dir='ltr'><em>arbitrio</em></span> 
     </span>
     <span class='ocr_line' id='line_1_43' title="bbox 233 2707 2022 2755; baseline 0.001 -14"><span class='ocrx_word' id='word_1_497' title='bbox 233 2707 395 2744; x_wconf 89' lang='lat' dir='ltr'><em>facienda</em></span> <span class='ocrx_word' id='word_1_498' title='bbox 420 2712 600 2754; x_wconf 85' lang='lat' dir='ltr'><em>concessi,</em></span> <span class='ocrx_word' id='word_1_499' title='bbox 639 2712 699 2755; x_wconf 89' lang='lat' dir='ltr'><em>qui</em></span> <span class='ocrx_word' id='word_1_500' title='bbox 733 2723 816 2746; x_wconf 85' lang='lat' dir='ltr'><em>mox</em></span> <span class='ocrx_word' id='word_1_501' title='bbox 850 2711 1012 2747; x_wconf 88' lang='lat' dir='ltr'><em>libellum</em></span> <span class='ocrx_word' id='word_1_502' title='bbox 1046 2710 1273 2755; x_wconf 74' lang='lat' dir='ltr'><em>typographo</em></span> <span class='ocrx_word' id='word_1_503' title='bbox 1299 2710 1448 2745; x_wconf 84' lang='lat' dir='ltr'><em>tradidit</em></span> <span class='ocrx_word' id='word_1_504' title='bbox 1473 2715 1508 2745; x_wconf 89' lang='lat' dir='ltr'><em>et</em></span> <span class='ocrx_word' id='word_1_505' title='bbox 1532 2709 1685 2754; x_wconf 87' lang='lat' dir='ltr'><em>imprimi</em></span> <span class='ocrx_word' id='word_1_506' title='bbox 1718 2709 1869 2753; x_wconf 82' lang='lat' dir='ltr'><em>curavit3</em></span> <span class='ocrx_word' id='word_1_507' title='bbox 1908 2712 2022 2752; x_wconf 87' lang='lat' dir='ltr'><em>utque</em></span> 
     </span>
     <span class='ocr_line' id='line_1_44' title="bbox 235 2766 2022 2813; baseline 0 -13"><span class='ocrx_word' id='word_1_508' title='bbox 235 2771 427 2811; x_wconf 87' lang='lat' dir='ltr'><em>constaret,</em></span> <span class='ocrx_word' id='word_1_509' title='bbox 454 2779 522 2812; x_wconf 86' lang='lat' dir='ltr'><em>qua</em></span> <span class='ocrx_word' id='word_1_510' title='bbox 549 2770 737 2804; x_wconf 85' lang='lat' dir='ltr'><em>occasione</em></span> <span class='ocrx_word' id='word_1_511' title='bbox 762 2769 905 2803; x_wconf 90' lang='lat' dir='ltr'><em>libellus</em></span> <span class='ocrx_word' id='word_1_512' title='bbox 932 2769 993 2803; x_wconf 91' lang='lat' dir='ltr'><em>ille</em></span> <span class='ocrx_word' id='word_1_513' title='bbox 1018 2769 1188 2813; x_wconf 77' lang='lat' dir='ltr'><em>prodiret,</em></span> <span class='ocrx_word' id='word_1_514' title='bbox 1217 2768 1407 2812; x_wconf 86' lang='lat' dir='ltr'><em>epistolam</em></span> <span class='ocrx_word' id='word_1_515' title='bbox 1432 2779 1546 2806; x_wconf 72' lang='lat' dir='ltr'><em>suam.</em></span> <span class='ocrx_word' id='word_1_516' title='bbox 1573 2779 1643 2812; x_wconf 89' lang='lat' dir='ltr'><em>qua</em></span> <span class='ocrx_word' id='word_1_517' title='bbox 1661 2768 1854 2802; x_wconf 86' lang='lat' dir='ltr'><em>editionem</em></span> <span class='ocrx_word' id='word_1_518' title='bbox 1879 2766 2022 2801; x_wconf 86' lang='lat' dir='ltr'><em>tandem</em></span> 
     </span>
     <span class='ocr_line' id='line_1_45' title="bbox 235 2824 2022 2872; baseline 0.002 -16"><span class='ocrx_word' id='word_1_519' title='bbox 235 2833 255 2856; x_wconf 91' lang='lat' dir='ltr'><em>a</em></span> <span class='ocrx_word' id='word_1_520' title='bbox 281 2835 335 2858; x_wconf 89' lang='lat' dir='ltr'><em>me</em></span> <span class='ocrx_word' id='word_1_521' title='bbox 360 2825 633 2872; x_wconf 77' lang='lat' dir='ltr'><em>impetraverat,</em></span> <span class='ocrx_word' id='word_1_522' title='bbox 669 2837 740 2861; x_wconf 89' lang='lat' dir='ltr'><em>una</em></span> <span class='ocrx_word' id='word_1_523' title='bbox 777 2838 855 2861; x_wconf 90' lang='lat' dir='ltr'><em>cum</em></span> <span class='ocrx_word' id='word_1_524' title='bbox 889 2837 968 2860; x_wconf 87' lang='lat' dir='ltr'><em>mea</em></span> <span class='ocrx_word' id='word_1_525' title='bbox 1000 2828 1234 2871; x_wconf 87' lang='lat' dir='ltr'><em>responsione</em></span> <span class='ocrx_word' id='word_1_526' title='bbox 1266 2827 1400 2871; x_wconf 89' lang='lat' dir='ltr'><em>scripto</em></span> <span class='ocrx_word' id='word_1_527' title='bbox 1433 2826 1495 2860; x_wconf 92' lang='lat' dir='ltr'><em>illo</em></span> <span class='ocrx_word' id='word_1_528' title='bbox 1521 2826 1766 2871; x_wconf 85' lang='lat' dir='ltr'><em>praeposuit“.</em></span> <span class='ocrx_word' id='word_1_529' title='bbox 1816 2824 1888 2859; x_wconf 88' lang='lat' dir='ltr'><em>Sub</em></span> <span class='ocrx_word' id='word_1_530' title='bbox 1913 2824 2022 2859; x_wconf 83' lang='lat' dir='ltr'><em>finem</em></span> 
     </span>
     <span class='ocr_line' id='line_1_46' title="bbox 239 2881 2021 2930; baseline 0.001 -16"><span class='ocrx_word' id='word_1_531' title='bbox 239 2881 338 2916; x_wconf 89' lang='lat' dir='ltr'><em>addit</em></span> <span class='ocrx_word' id='word_1_532' title='bbox 363 2882 503 2928; x_wconf 68' lang='lat' dir='ltr'><em>Tych0‚</em></span> <span class='ocrx_word' id='word_1_533' title='bbox 531 2885 702 2928; x_wconf 89' lang='lat' dir='ltr'><em>scriptum</em></span> <span class='ocrx_word' id='word_1_534' title='bbox 729 2895 766 2919; x_wconf 89' lang='lat' dir='ltr'><em>se</em></span> <span class='ocrx_word' id='word_1_535' title='bbox 792 2897 856 2930; x_wconf 90' lang='lat' dir='ltr'><em>pro</em></span> <span class='ocrx_word' id='word_1_536' title='bbox 883 2886 1012 2929; x_wconf 82' lang='lat' dir='ltr'><em>majori</em></span> <span class='ocrx_word' id='word_1_537' title='bbox 1037 2890 1138 2929; x_wconf 86' lang='lat' dir='ltr'><em>parte</em></span> <span class='ocrx_word' id='word_1_538' title='bbox 1162 2884 1380 2919; x_wconf 87' lang='lat' dir='ltr'><em>verbotenus</em></span> <span class='ocrx_word' id='word_1_539' title='bbox 1407 2884 1643 2928; x_wconf 86' lang='lat' dir='ltr'><em>subjungere,</em></span> <span class='ocrx_word' id='word_1_540' title='bbox 1671 2884 1754 2926; x_wconf 88' lang='lat' dir='ltr'><em>quia</em></span> <span class='ocrx_word' id='word_1_541' title='bbox 1782 2892 1917 2927; x_wconf 79' lang='lat' dir='ltr'><em>„pauca</em></span> <span class='ocrx_word' id='word_1_542' title='bbox 1943 2882 2021 2926; x_wconf 90' lang='lat' dir='ltr'><em>ejus</em></span> 
     </span>
     <span class='ocr_line' id='line_1_47' title="bbox 236 2939 2020 2988; baseline 0.002 -16"><span class='ocrx_word' id='word_1_543' title='bbox 236 2939 331 2973; x_wconf 87' lang='lat' dir='ltr'><em>edita</em></span> <span class='ocrx_word' id='word_1_544' title='bbox 357 2946 440 2976; x_wconf 89' lang='lat' dir='ltr'><em>sunt</em></span> <span class='ocrx_word' id='word_1_545' title='bbox 465 2942 682 2986; x_wconf 83' lang='lat' dir='ltr'><em>exemplaria</em></span> <span class='ocrx_word' id='word_1_546' title='bbox 716 2945 751 2976; x_wconf 89' lang='lat' dir='ltr'><em>et</em></span> <span class='ocrx_word' id='word_1_547' title='bbox 775 2943 885 2978; x_wconf 90' lang='lat' dir='ltr'><em>multo</em></span> <span class='ocrx_word' id='word_1_548' title='bbox 920 2943 1091 2987; x_wconf 82' lang='lat' dir='ltr'><em>pauciora</em></span> <span class='ocrx_word' id='word_1_549' title='bbox 1116 2943 1161 2977; x_wconf 88' lang='lat' dir='ltr'><em>ad</em></span> <span class='ocrx_word' id='word_1_550' title='bbox 1195 2947 1338 2978; x_wconf 84' lang='lat' dir='ltr'><em>exteros</em></span> <span class='ocrx_word' id='word_1_551' title='bbox 1365 2942 1533 2987; x_wconf 88' lang='lat' dir='ltr'><em>(quadam</em></span> <span class='ocrx_word' id='word_1_552' title='bbox 1566 2941 1784 2988; x_wconf 80' lang='lat' dir='ltr'><em>typographi</em></span> <span class='ocrx_word' id='word_1_553' title='bbox 1814 2942 2020 2986; x_wconf 87' lang='lat' dir='ltr'><em>tenacitate)</em></span> 
     </span>
     <span class='ocr_line' id='line_1_48' title="bbox 235 3002 508 3042; baseline 0.011 -11"><span class='ocrx_word' id='word_1_554' title='bbox 235 3002 508 3042; x_wconf 82' lang='lat' dir='ltr'><em>pervenerunt“.</em></span> 
     </span>
    </p>

    <p class='ocr_par' dir='ltr' id='par_1_3' title="bbox 237 3056 2025 3221">
     <span class='ocr_line' id='line_1_49' title="bbox 373 3056 2025 3104; baseline 0.001 -15"><span class='ocrx_word' id='word_1_555' title='bbox 373 3056 509 3091; x_wconf 89' lang='lat' dir='ltr'><em>Locum</em></span> <span class='ocrx_word' id='word_1_556' title='bbox 541 3057 665 3092; x_wconf 83' lang='lat' dir='ltr'><em>stellae</em></span> <span class='ocrx_word' id='word_1_557' title='bbox 698 3069 810 3093; x_wconf 71' lang='lat' dir='ltr'><em>novae</em></span> <span class='ocrx_word' id='word_1_558' title='bbox 843 3060 878 3093; x_wconf 91' lang='lat' dir='ltr'><em>in</em></span> <span class='ocrx_word' id='word_1_559' title='bbox 906 3060 974 3094; x_wconf 90' lang='lat' dir='ltr'><em>hoc</em></span> <span class='ocrx_word' id='word_1_560' title='bbox 1010 3059 1131 3095; x_wconf 88' lang='lat' dir='ltr'><em>libello</em></span> <span class='ocrx_word' id='word_1_561' title='bbox 1159 3070 1203 3094; x_wconf 83' lang='lat' dir='ltr'><em>ex</em></span> <span class='ocrx_word' id='word_1_562' title='bbox 1239 3058 1416 3095; x_wconf 87' lang='lat' dir='ltr'><em>distantiis</em></span> <span class='ocrx_word' id='word_1_563' title='bbox 1451 3057 1495 3094; x_wconf 90' lang='lat' dir='ltr'><em>ab</em></span> <span class='ocrx_word' id='word_1_564' title='bbox 1527 3057 1781 3104; x_wconf 87' lang='lat' dir='ltr'><em>insignioribus</em></span> <span class='ocrx_word' id='word_1_565' title='bbox 1808 3056 2025 3102; x_wconf 86' lang='lat' dir='ltr'><em>Cassiopeae</em></span> 
     </span>
     <span class='ocr_line' id='line_1_50' title="bbox 237 3113 2021 3160; baseline 0 -11"><span class='ocrx_word' id='word_1_566' title='bbox 237 3113 350 3149; x_wconf 84' lang='lat' dir='ltr'><em>stellis</em></span> <span class='ocrx_word' id='word_1_567' title='bbox 377 3119 559 3158; x_wconf 85' lang='lat' dir='ltr'><em>computat</em></span> <span class='ocrx_word' id='word_1_568' title='bbox 584 3115 707 3159; x_wconf 78' lang='lat' dir='ltr'><em>Tycho</em></span> <span class='ocrx_word' id='word_1_569' title='bbox 726 3118 763 3151; x_wconf 75' lang='lat'><em>7⁰</em></span> <span class='ocrx_word' id='word_1_570' title='bbox 784 3120 820 3154; x_wconf 58' lang='grc' dir='ltr'><em>’δ’</em></span> <span class='ocrx_word' id='word_1_571' title='bbox 852 3128 932 3151; x_wconf 90' lang='lat' dir='ltr'><em>cum</em></span> <span class='ocrx_word' id='word_1_572' title='bbox 956 3118 1145 3153; x_wconf 83' lang='lat' dir='ltr'><em>latitudine</em></span> <span class='ocrx_word' id='word_1_573' title='bbox 1171 3119 1234 3154; x_wconf 68' lang='lat'><em>53⁰</em></span> <span class='ocrx_word' id='word_1_574' title='bbox 1257 3119 1311 3154; x_wconf 78' lang='lat'><em>59¹</em></span> <span class='ocrx_word' id='word_1_575' title='bbox 1338 3118 1487 3158; x_wconf 84' lang='lat' dir='ltr'><em>boreali,</em></span> <span class='ocrx_word' id='word_1_576' title='bbox 1512 3117 1548 3150; x_wconf 90' lang='lat' dir='ltr'><em>in</em></span> <span class='ocrx_word' id='word_1_577' title='bbox 1573 3115 1764 3160; x_wconf 87' lang='lat' dir='ltr'><em>posteriori</em></span> <span class='ocrx_word' id='word_1_578' title='bbox 1791 3125 1898 3158; x_wconf 87' lang='lat' dir='ltr'><em>opere</em></span> <span class='ocrx_word' id='word_1_579' title='bbox 1923 3115 2021 3158; x_wconf 92' lang='lat' dir='ltr'><em>(Pro-</em></span> 
     </span>
     <span class='ocr_line' id='line_1_51' title="bbox 238 3172 2020 3221; baseline 0.002 -15"><span class='ocrx_word' id='word_1_580' title='bbox 238 3173 368 3217; x_wconf 82' lang='lat' dir='ltr'><em>gymn.)</em></span> <span class='ocrx_word' id='word_1_581' title='bbox 399 3172 525 3207; x_wconf 87' lang='lat' dir='ltr'><em>iisdem</em></span> <span class='ocrx_word' id='word_1_582' title='bbox 556 3172 723 3208; x_wconf 86' lang='lat' dir='ltr'><em>adhibitis</em></span> <span class='ocrx_word' id='word_1_583' title='bbox 756 3173 869 3209; x_wconf 83' lang='lat' dir='ltr'><em>stellis</em></span> <span class='ocrx_word' id='word_1_584' title='bbox 902 3174 1021 3209; x_wconf 89' lang='lat' dir='ltr'><em>locum</em></span> <span class='ocrx_word' id='word_1_585' title='bbox 1053 3180 1238 3221; x_wconf 83' lang='lat' dir='ltr'><em>computat</em></span> <span class='ocrx_word' id='word_1_586' title='bbox 1263 3176 1304 3211; x_wconf 82' lang='lat'><em>6⁰</em></span> <span class='ocrx_word' id='word_1_587' title='bbox 1329 3176 1383 3210; x_wconf 73' lang='lat'><em>53⁴</em></span> <span class='ocrx_word' id='word_1_588' title='bbox 1410 3176 1478 3210; x_wconf 71' lang='lat'><em>57⁰</em></span> <span class='ocrx_word' id='word_1_589' title='bbox 1497 3176 1557 3220; x_wconf 55' lang='grc' dir='ltr'><em>δ’,</em></span> <span class='ocrx_word' id='word_1_590' title='bbox 1593 3174 1675 3218; x_wconf 80' lang='lat' dir='ltr'><em>„ubi</em></span> <span class='ocrx_word' id='word_1_591' title='bbox 1707 3184 1788 3209; x_wconf 90' lang='lat' dir='ltr'><em>cum</em></span> <span class='ocrx_word' id='word_1_592' title='bbox 1819 3173 1878 3209; x_wconf 80' lang='lat' dir='ltr'><em>vix</em></span> <span class='ocrx_word' id='word_1_593' title='bbox 1909 3174 1954 3209; x_wconf 85' lang='lat'><em>3“</em></span> <span class='ocrx_word' id='word_1_594' title='bbox 1975 3172 2020 3210; x_wconf 88' lang='lat' dir='ltr'><em>ad</em></span> 
     </span>
    </p>
   </div>
  </div>
 </body>
</html>
