2126 3388
604 180 752 227 chleri
776 179 960 216 literarum
986 180 1106 216 studia
1130 183 1166 216 et
1191 180 1364 218 doctrina.
1774 179 1890 224 1023

94 303 264 338 mentum
296 304 354 338 est
384 311 512 339 novae
543 312 566 339 a
586 300 754 352 Keplero
786 300 958 352 physicis
991 300 1154 338 traditae
1186 300 1397 348 doctrinae,
1429 301 1571 339 nostris
1603 311 1759 350 quoque
1791 305 1891 338 tem-

94 358 251 407 poribus
283 360 422 408 opticis
454 360 633 407 usitatus,
667 371 781 409 quem
812 358 968 396 modum
1002 361 1097 396 tanti
1118 370 1203 397 esse
1225 360 1407 397 momenti
1430 360 1581 397 censuit
1610 364 1734 397 rector
1754 358 1889 396 Ratis-

94 416 277 454 bonensis
312 416 579 466 Ostertag‚
612 423 654 456 ut
684 418 839 456 schema
871 416 966 454 illud
999 419 1059 461 (II.
1088 420 1171 463 528]
1209 417 1493 456 inscribendum
1527 419 1719 456 censuerit
1751 428 1890 454 monu-

93 479 241 521 mento,
284 475 388 524 quod
428 477 465 513 in
505 475 663 526 Kepleri
706 477 932 515 memoriam
972 474 1212 513 Ratisbonae
1257 476 1480 525 erigendum
1528 478 1741 527 proposuit.
1803 474 1891 513 Hoc

95 531 346 584 „problema“
382 540 597 583 sequuntur
628 534 868 573 theoremata
900 539 937 571 et
968 532 1222 583 problemata,
1255 545 1274 571 e
1298 535 1438 584 quibus
1461 534 1558 572 haec
1580 535 1780 585 praecipui
1800 539 1889 571 sunt

92 593 294 630 momenti:
327 591 572 630 Retractione
603 592 800 631 radiorum
832 592 934 631 Solis
964 603 1033 641 per
1064 591 1473 641 vitrum‘triangulare
1506 594 1683 643 (prisma)
1717 594 1892 630 oriuntur

94 649 242 687 colores
276 650 392 687 iridis.
456 650 673 688 Concursus
705 652 900 689 radiorum
932 661 999 700 per
1030 649 1172 687 lentem
1195 661 1407 688 convexam
1438 651 1688 689 resi-actorum
1719 653 1790 689 rite
1823 650 1892 689 de-

94 713 330 745 monstratur
362 714 399 746 et
433 708 696 746 demonstrata
726 712 937 747 reseruntur
969 707 1017 746 ad
1050 708 1203 745 oculum
1236 714 1273 746 et
1303 709 1459 746 modum
1484 711 1654 747 visionis.
1707 710 1763 747 Ea
1793 721 1892 759 quae

94 767 132 802 in
167 765 306 816 Optica
338 762 384 803 de
417 768 566 805 visione
599 768 740 805 tradita
771 775 877 815 sunt,
911 767 973 804 liic
1004 768 1222 804 accuratius
1255 771 1292 804 et
1329 766 1560 805 firmioribus
1591 769 1722 806 innixa
1751 768 1894 805 funda-

91 826 230 862 mentis
254 831 531 874 proponuntur.
578 825 860 875 „Crystallinus
892 826 1029 862 humor
1060 825 1162 862 oculi
1195 829 1250 862 est
1282 824 1364 862 lens
1387 837 1573 873 convexa,
1606 827 1728 863 forma
1750 826 1893 877 hyper-

95 882 234 930 bolae3
273 883 477 920 retisormis
519 885 650 921 tunica
688 890 746 922 est
783 885 919 935 papyri
960 884 1043 920 vice
1077 888 1114 921 et
1146 884 1355 932 pinguntur
1386 885 1422 920 in
1462 895 1507 922 ca
1538 884 1709 923 visibilia
1741 886 1891 934 pictura

91 940 198 978 reali.
263 940 374 978 Visio
406 946 464 978 est
494 944 623 979 sensio
656 942 818 980 affectae
850 941 1054 979 retisormis
1085 942 1221 990 spiritu
1256 942 1381 979 visivo
1412 942 1563 992 plenae.
1604 942 1714 981 Haec
1743 945 1894 993 pictura

94 1011 163 1037 seu
194 998 403 1037 illustratio
436 1004 494 1037 est
524 1002 656 1049 passio
690 1000 833 1050 aliqua,
867 1012 942 1038 non
974 1005 1122 1036 tantum
1154 999 1436 1048 superficiaria,
1471 1000 1538 1038 sed
1571 1003 1686 1039 etiam
1720 1001 1892 1050 qualita-

91 1059 195 1104 tiva,
239 1063 445 1106 penetrans
476 1059 514 1094 in
545 1059 714 1107 spiritus.
778 1058 1114 1107 Quemadmodum
1156 1060 1278 1095 omnis
1319 1070 1455 1096 sensus
1488 1066 1665 1097 externus
1698 1060 1891 1109 perficitur

91 1117 309 1165 receptione
347 1122 385 1154 et
416 1118 687 1165 impressione,
727 1119 909 1166 passione
947 1116 1116 1163 scilicet,
1158 1127 1242 1154 cum
1286 1118 1514 1166 imprimitur
1555 1120 1589 1155 ei
1631 1119 1736 1167 quod
1777 1119 1894 1156 sentit

91 1176 239 1223 species
270 1175 324 1212 rei
355 1179 548 1220 externae,
582 1187 681 1224 quae
713 1177 843 1225 passio
876 1176 1004 1213 sensio
1038 1174 1185 1221 dicitur,
1218 1176 1272 1212 sic
1304 1177 1418 1214 etiam
1451 1176 1552 1213 intus
1584 1178 1621 1212 in
1645 1177 1799 1215 cerebro
1833 1181 1892 1214 est

92 1232 251 1281 aliquid,
284 1233 468 1281 quicquid
499 1234 560 1280 sit,
594 1232 698 1282 quod
730 1236 942 1272 communis
973 1245 1109 1271 seusus
1142 1233 1290 1280 dicitur,
1326 1235 1386 1271 cui
1408 1236 1634 1283 imprimitur
1656 1237 1804 1284 species
1827 1237 1890 1272 in-

92 1291 296 1329 strumenti
328 1292 461 1328 visorii
492 1292 629 1339 affecti,
662 1292 736 1330 hoc
768 1298 826 1330 est
857 1293 949 1342 picti
981 1303 1004 1329 a
1034 1291 1119 1329 luce
1152 1293 1205 1330 rei
1238 1292 1414 1330 visibilis.
1479 1292 1587 1341 Quae
1628 1295 1744 1342 igitur
1784 1294 1890 1331 acci-

95 1349 190 1386 dunt
221 1351 474 1387 instrumento
508 1356 615 1388 extra
645 1350 776 1388 sedem
808 1363 944 1388 sensus
977 1351 1201 1396 communis,
1237 1362 1282 1388 ea.
1303 1362 1370 1399 per
1391 1352 1558 1400 speciem
1580 1353 1889 1398 immateriatam,

93 1407 294 1456 delapsam
325 1408 375 1445 ab
407 1409 660 1447 instrumento
692 1409 829 1447 affecto
861 1421 928 1447 seu
960 1410 1064 1458 picto
1098 1414 1134 1446 et
1165 1409 1380 1446 traductam
1403 1409 1452 1446 ad
1474 1409 1606 1448 limina
1629 1422 1764 1448 sensus
1787 1421 1894 1448 com·

93 1468 240 1513 munis,
283 1465 340 1502 illi
379 1468 509 1504 sensui
550 1470 742 1505 communi
780 1469 1062 1517 imprimuntur.
1123 1466 1199 1505 Sed
1239 1469 1438 1516 impressio
1480 1468 1576 1506 haee
1618 1474 1676 1507 est
1717 1468 1891 1506 occultae

92 1526 252 1562 rationis
291 1535 362 1563 nec
393 1530 475 1562 tuto
508 1525 582 1563 dici
620 1530 767 1574 potest,
812 1527 981 1575 speciem
1020 1525 1121 1563 hanc
1163 1526 1353 1563 introferri
1391 1537 1460 1575 per
1499 1532 1647 1564 meatus
1687 1539 1892 1565 nervorum

97 1584 312 1631 opticorum
342 1594 427 1621 sese
459 1583 758 1624 decussantium.
822 1584 1039 1622 Obscurum
1071 1589 1140 1631 est,
1175 1595 1223 1621 an
1255 1586 1363 1621 nervi
1402 1586 1518 1634 optici
1551 1587 1721 1623 serviant
1752 1584 1894 1635 speciei

94 1641 221 1679 affecti
252 1643 495 1679 instrumenti
536 1642 796 1681 traducendae
834 1645 933 1681 intro
967 1645 1005 1679 in
1037 1643 1252 1690 cerebrum,
1295 1654 1343 1680 an
1382 1644 1510 1692 potius
1552 1645 1628 1681 sint
1668 1644 1734 1682 alii
1773 1644 1895 1692 aliqui

93 1700 252 1749 spiritus
283 1700 504 1738 subtiliores
542 1712 727 1751 corporeo
765 1703 840 1739 isto
872 1713 940 1751 per
969 1701 1202 1739 retiformem
1243 1712 1395 1750 sparso,
1440 1703 1505 1751 qui
1548 1708 1677 1740 meatu
1710 1713 1894 1751 corporeo

94 1769 172 1795 non
204 1757 420 1807 indigentes
458 1771 526 1808 per
564 1765 688 1797 toturn
721 1771 858 1809 corpus
899 1760 1019 1798 libere
1051 1761 1266 1808 spatientur
1296 1760 1631 1809 membrorumque
1670 1761 1894 1799 affectiones

97 1817 332 1865 excipientes
355 1817 500 1855 cerebri
522 1817 708 1865 facultati,
742 1830 841 1867 quae
865 1819 1076 1856 communis
1099 1830 1235 1855 sensus
1257 1817 1405 1865 dicitur,
1430 1821 1725 1858 communicent.
1777 1820 1893 1856 Forte

96 1876 151 1912 sic
183 1879 252 1922 est,
287 1879 328 1912 ut
360 1875 610 1913 transferatur
641 1877 737 1915 haec
768 1878 915 1925 species
948 1876 1077 1915 affecti
1106 1878 1348 1914 instrumenti
1370 1889 1393 1915 a
1412 1878 1595 1915 retisormi
1627 1879 1665 1914 in
1698 1878 1894 1916 cerebrum

95 1944 164 1982 per
194 1939 364 1971 meatum
397 1933 552 1983 quidem
582 1936 690 1973 nervi
723 1936 852 1984 optici,
886 1946 962 1973 non
994 1940 1122 1973 tamen
1156 1940 1347 1984 quatenus
1378 1937 1410 1972 is
1444 1940 1501 1973 est
1523 1936 1663 1985 aliquis
1690 1947 1897 1985 corporeus

96 1996 268 2038 meatus,
311 1991 379 2029 sed
422 1997 613 2040 quatenus
645 1994 677 2031 is
709 1993 758 2031 ab
800 1995 884 2043 ipsa
925 1993 1016 2032 sede
1060 2005 1197 2031 sensus
1239 1995 1451 2031 communis
1493 2006 1613 2043 usque
1655 1995 1694 2031 in
1735 2004 1895 2032 nervum

97 2051 268 2100 opticum
302 2049 565 2102 (retiformem)
604 2056 663 2089 est
699 2053 835 2100 spiritu
876 2052 1012 2101 plenus
1046 2057 1082 2089 ct
1113 2053 1166 2089 sic
1207 2053 1446 2090 continuatio
1490 2054 1646 2102 spiritus
1687 2054 1736 2090 sit
1777 2064 1894 2090 causa

95 2110 328 2146 transeuntis
351 2108 565 2146 affectionis
586 2110 635 2147 ab
654 2110 765 2147 oculo
789 2111 826 2147 in
842 2111 1050 2148 cerebrum.
1084 2110 1342 2148 instrumento
1365 2116 1528 2159 utroque
1551 2111 1725 2149 similiter
1742 2111 1894 2157 affecto,

98 2166 277 2204 videmur
308 2168 477 2216 speciem
508 2179 625 2205 unam
657 2168 798 2215 videre,
833 2174 872 2206 at
904 2168 1141 2206 dissimiliter
1183 2169 1330 2206 affectis
1361 2168 1424 2207 vel
1455 2171 1567 2218 pictis
1599 2171 1700 2207 intus
1733 2169 1893 2206 duorum

99 2225 298 2263 oculorum
339 2226 479 2263 tunicis
520 2226 798 2273 retiformibus,
841 2227 917 2264 duo
956 2228 1069 2265 nobis
1114 2238 1182 2276 pro
1224 2239 1301 2265 uno
1337 2232 1671 2276 repraesentantur
1712 2227 1894 2265 visibilia.

98 2282 198 2329 Nam
230 2285 262 2321 si
295 2283 431 2321 similis
464 2288 522 2321 est
552 2285 724 2332 affectio,
767 2287 898 2334 passio
931 2287 1046 2324 etiam
1078 2285 1214 2323 similis
1246 2287 1316 2323 erit
1348 2287 1385 2322 in
1417 2297 1531 2323 sensu
1564 2287 1776 2332 communi,
1817 2296 1895 2322 uno

100 2346 138 2379 et
170 2341 306 2380 eodem
348 2343 557 2390 existente,
603 2344 810 2392 vestigium
843 2345 964 2391 enim,
1008 2349 1052 2382 ut
1082 2345 1138 2382 sic
1169 2343 1314 2391 dicam,
1360 2343 1462 2392 quod
1494 2344 1626 2382 dexter
1659 2344 1794 2382 oculus
1825 2355 1896 2381 sua

102 2399 306 2438 affectione
338 2401 521 2450 imprimit
550 2402 681 2439 sensui
713 2403 917 2449 communi,
950 2403 1134 2453 imprimit
1165 2407 1202 2440 et
1232 2403 1386 2439 sinister
1416 2414 1499 2440 sua,
1555 2403 1678 2440 Aliter
1709 2404 1747 2439 in
1780 2401 1896 2439 dissi-

100 2457 183 2495 mili
215 2458 435 2496 affectione:
478 2471 568 2496 nam
612 2459 688 2498 duo
730 2466 819 2498 sunt
856 2462 1128 2507 instrumenta,
1174 2460 1375 2509 quodlibet
1415 2461 1594 2498 affectum
1637 2460 1894 2511 peculiariter,

101 2515 201 2554 duae
233 2517 350 2565 igitur
378 2516 472 2554 fient
502 2519 773 2567 impressiones
805 2523 843 2558 et
872 2521 927 2557 sic
959 2519 1057 2557 duae
1090 2519 1263 2567 ejusdem
1293 2520 1346 2556 rei
1378 2518 1617 2557 sensi01ies.“

239 2574 422 2612 Pluribus
455 2574 594 2614 deinde
626 2578 706 2626 agit
726 2576 918 2628 Keplerus
950 2578 996 2616 de
1018 2578 1211 2628 presbytis
1244 2582 1281 2615 et
1312 2578 1531 2627 myopibus‚
1565 2577 1610 2616 de
1644 2575 1766 2614 oculis
1787 2576 1894 2613 sanis

103 2637 141 2670 et
171 2632 356 2670 morbidis
399 2644 633 2683 causamque
665 2636 760 2674 scite
799 2636 913 2674 refert
952 2638 990 2673 in
1031 2637 1192 2674 formam
1225 2640 1262 2673 et
1293 2635 1420 2674 locum
1458 2635 1572 2673 lentis
1613 2634 1826 2685 crystallini
1858 2639 1896 2672 et

102 2691 142 2727 in
177 2689 488 2742 „musculorum“
534 2693 635 2730 oculi
676 2695 1000 2732 constitutionem.
1065 2694 1159 2732 Inde
1201 2695 1339 2731 transit
1375 2693 1424 2731 ad
1460 2705 1597 2744 „usum
1640 2692 1800 2730 lentium
1832 2704 1895 2730 re-

102 2754 238 2799 spectu
262 2746 404 2797 oculi“,
436 2749 562 2799 qualis
583 2762 713 2789 earum
735 2753 784 2789 sit
805 2764 898 2790 usus
920 2753 1132 2802 presbytis,
1167 2751 1293 2800 qualis
1325 2753 1543 2801 myopibus‚
1577 2751 1741 2799 denique
1775 2749 1898 2798 docet,

103 2807 256 2845 innixus
291 2810 535 2856 geometricis
569 2808 981 2857 demonstrationibus,
1027 2822 1105 2859 qua
1142 2811 1290 2847 ratione
1328 2809 1450 2848 lentes
1491 2810 1566 2846 sint
1606 2808 1898 2858 conjungendae

108 2865 148 2913 1)
180 2871 222 2902 ut
253 2865 404 2903 duobus
437 2869 620 2905 convexis
651 2868 800 2917 maiora
831 2874 869 2906 et
900 2868 1078 2906 distincta
1109 2867 1176 2905 sed
1209 2879 1343 2905 everso
1375 2869 1450 2904 situ
1483 2867 1654 2905 visibilia
1686 2871 1898 2916 appareant

105 2923 241 2971 (tubus
280 2923 539 2974 Keplerianus
579 2937 648 2964 seu
683 2925 1003 2977 astronomicus);
1048 2924 1087 2977 2)
1118 2930 1160 2962 ut
1190 2926 1361 2972 minora,
1402 2925 1469 2963 sed
1506 2930 1611 2964 recta
1649 2931 1686 2963 et
1718 2925 1899 2963 distincta

105 2987 340 3031 appareant3
385 2980 425 3033 3)
456 2988 498 3020 ut
528 2984 650 3022 tribus
688 2987 872 3024 convexis
908 2983 1080 3022 visibilia
1119 2989 1264 3030 erecta,
1307 2983 1487 3021 distincta
1519 2988 1556 3021 et
1585 2983 1734 3032 majora
1775 2995 1899 3033 appa-

105 3044 237 3088 reant3
282 3040 322 3090 4)
365 3041 586 3090 problema:
632 3043 830 3094 „visibilia
870 3042 973 3080 lente
1015 3053 1113 3080 cava
1153 3046 1191 3080 et
1228 3052 1402 3080 convexa
1442 3042 1600 3092 pingere
1641 3042 1791 3090 majora
1831 3041 1899 3079 sed

108 3096 297 3148 eversa“;
333 3096 372 3151 ὁ)
407 3111 532 3150 „cava
562 3100 664 3140 lente
695 3103 867 3152 proxime
900 3100 1054 3140 oculum
1085 3101 1225 3151 posita,
1258 3111 1513 3150 quaecunque
1544 3100 1626 3139 lens
1657 3099 1794 3150 majori
1825 3101 1900 3138 cir-
