2126 3388
892 141 992 179 1601.
1021 143 1120 180 1502.
1801 150 1884 196 745

95 255 317 301 perscribere
338 256 414 301 jam
447 267 519 292 non
549 256 654 301 licet,
688 258 752 293 sed
787 257 932 293 dabitur
957 259 1142 296 commoda
1167 261 1270 297 nobis
1295 263 1340 299 de
1363 264 1440 301 istis
1465 265 1574 301 rebus
1599 265 1804 302 conferendi
1829 279 1886 303 oc-

96 315 227 350 easi0“.
262 315 390 350 Herw
402 320 530 351 artus
556 316 657 352 initio
676 316 885 352 Decembris
909 317 1001 362 petit
1026 329 1046 353 a
1065 318 1233 365 Keplero,
1259 326 1300 356 ut
1325 322 1393 357 sibi
1411 324 1585 360 theoriam
1604 325 1729 360 Lunae
1747 325 1886 370 Tycho-

94 372 208 408 nicam
234 373 405 418 explicet,
441 379 476 409 et
501 374 626 410 ultimo
652 375 859 410 Decembris
897 376 954 410 die
980 377 1112 421 gratias
1144 378 1219 423 agit
1253 390 1318 423 pro
1344 369 1491 425 K'epleri
1524 383 1558 417 in
1584 383 1651 418 hac
1677 384 1887 427 quaestione

95 435 281 467 consumta
306 442 427 476 opera.
479 434 580 474 „Hab
607 433 700 468 mich
725 433 966 469 fui-nehmlich
992 435 1142 477 erfreut,
1178 436 1261 472 dass
1286 438 1344 472 ich
1370 449 1433 474 aus
1459 440 1521 475 des
1547 441 1665 476 Herrn
1691 441 1888 477 Schreiben

93 491 191 534 (vom
219 490 272 525 10.
300 489 414 524 dieses
442 490 563 535 (131111)
588 501 828 535 vernommen,
855 492 936 526 dass
964 502 1002 526 er
1027 493 1083 528 die
1109 505 1179 528 von
1204 493 1270 528 mir
1289 494 1483 541 designirte
1509 497 1660 542 eclipses
1679 499 1772 534 Solis
1791 499 1888 542 (ante

94 547 176 583 Chr.
205 548 268 584 183
295 552 330 583 et
358 549 438 592 180)
466 549 662 583 seeundum
680 549 861 594 Tyehonis
887 556 1041 586 mentem
1069 555 1104 586 et
1131 552 1272 587 tabulas
1298 555 1480 598 supputirt
1505 557 1571 590 mir
1595 557 1761 591 eliestens
1786 557 1887 592 welle

90 607 303 642 zukommen
321 606 474 657 lassenf·
515 605 620 650 Hunc
639 607 815 643 calculum
833 608 973 644 misisse
991 609 1187 653 Keplerum
1211 611 1312 646 initio
1338 613 1421 647 anni
1442 615 1529 649 1602
1547 613 1776 649 Monachium
1793 620 1887 650 retu-

90 665 194 701 limus
219 666 287 701 101.
312 665 378 700 ΙΙΙ.
403 676 439 709 p.
466 665 553 709 092,
591 675 656 700 nec
689 676 760 700 non
786 666 870 710 alia,
904 676 997 710 quae
1022 677 1086 711 per
1111 677 1243 703 annum
1268 670 1358 706 ’1002
1384 671 1456 715 egit
1480 672 1659 716 Keplerus
1693 683 1773 707 cum
1797 674 1888 708 Her-

91 730 201 758 warto
228 723 272 758 de
298 723 472 757 similibus
499 723 780 767 quaestionibus.
807 743 847 748 —-
875 725 969 758 Ante
995 729 1164 768 acceptas
1189 727 1366 763 Herwarti
1390 728 1514 764 literas
1540 729 1573 764 d.
1592 732 1626 766 8.
1645 731 1737 766 Nov.
1761 732 1887 767 Lunae

90 781 266 817 theoriam
292 792 485 825 aggressus
512 786 567 816 est
592 781 793 826 Keplerus;
820 786 939 816 exstat
964 782 1034 817 vol.
1060 783 1123 817 III.
1151 795 1186 828 p.
1214 785 1280 820 644
1307 795 1354 822 ss.

228 841 270 875 In
303 840 433 886 Optiea
463 842 516 884 (ΙΙ.
544 844 623 884 360)
658 840 770 874 refert
798 839 996 884 Keplerus,
1033 841 1246 878 observasse
1279 854 1317 878 se
1342 844 1481 888 Pragae
1519 844 1667 888 eclipsin
1696 846 1795 881 Solis
1830 847 1887 883 die

89 900 123 934 9.
146 898 371 943 Decembris3
406 898 614 933 adhibuisse
644 898 868 942 horologium
896 898 1141 943 Tychonicum
1174 905 1210 936 et
1234 902 1453 944 quadrantes
1480 912 1639 945 magnos.
1689 904 1823 939 Ibidem
1849 910 1886 940 et

89 956 173 992 alibi
204 956 503 1001 deprehendimus
537 956 805 992 observationes
841 956 1032 1001 quasdam,
1068 967 1112 992 ex
1136 963 1240 1002 parte
1265 958 1311 993 ad
1337 959 1476 1003 priores
1508 970 1621 995 annos
1653 962 1886 1009 pertinentes,

89 1026 177 1059 quas
202 1015 261 1050 hic
287 1015 505 1058 colligendas
532 1015 753 1050 censuimus:
780 1012 924 1051 Jovem
956 1026 979 1050 a
1010 1014 1135 1052 Marte
1178 1019 1300 1052 totum
1344 1015 1571 1065 eclipsatum
1608 1017 1705 1055 vidit
1734 1017 1886 1057 Maest-

87 1073 188 1109 linus
220 1071 424 1119 Tubingae
458 1078 495 1109 et
527 1083 614 1109 cum
646 1083 691 1109 eo
724 1083 796 1120 ego
820 1083 921 1109 anno
948 1076 1070 1110 1591.
1106 1072 1360 1112 9.]311113111.
1402 1075 1515 1111 Anno
1541 1078 1661 1116 1598.
1696 1081 1732 1114 7.
1756 1076 1887 1115 Martii

89 1131 310 1168 observatio
344 1129 498 1179 eclipsis
530 1129 645 1169 Solis.
688 1133 725 1170 8.
748 1130 893 1180 Aprilis
927 1129 1051 1167 Gratii
1084 1131 1164 1168 vidi
1196 1131 1346 1169 Lunam
1373 1131 1549 1180 junctam
1583 1133 1886 1174 occidentalibus

89 1191 126 1225 in
149 1187 408 1237 quadrilatero
431 1188 647 1228 Pleiadum.
680 1187 866 1237 Sequenti
890 1193 954 1226 27.
978 1188 1088 1225 Junii
1110 1189 1225 1228 Luna
1244 1191 1450 1227 transierat
1472 1190 1663 1230 Pleiadas.
1689 1197 1755 1230 21.
1771 1193 1886 1232 Febr.

89 1247 200 1284 Luna
233 1246 414 1284 deficiens
457 1247 665 1284 observata
697 1251 754 1284 est
787 1246 931 1294 Gratii,
979 1251 1043 1286 16.
1076 1247 1176 1297 Aug.
1219 1259 1337 1298 prope
1371 1247 1549 1286 Gratium
1581 1250 1693 1288 Luna
1734 1256 1817 1289 orta
1848 1254 1886 1288 in

89 1305 279 1353 tenebris;
312 1305 480 1342 nubibus
511 1305 709 1343 hiantibus
743 1306 899 1343 emicuit
931 1304 1090 1343 dimidio
1124 1317 1155 1344 e.
1190 1317 1348 1356 corpore
1369 1306 1580 1345 clarissima
1609 1321 1675 1357 per
1696 1310 1885 1357 ruborem,

90 1363 247 1400 dimidio
280 1364 346 1400 vix
378 1364 608 1413 conspicua,
652 1374 739 1401 eum
770 1367 852 1401 tota
884 1369 1012 1401 tamen
1044 1365 1082 1400 in
1114 1365 1250 1402 umbra
1281 1370 1394 1403 esset.
1454 1365 1634 1404 Insuetus
1666 1379 1738 1416 ego
1769 1368 1885 1418 hujus

88 1422 238 1459 ruboris
280 1421 448 1458 mirabar
481 1427 552 1460 ete.
614 1421 729 1459 Anno
766 1425 888 1461 1599.
922 1423 1020 1460 inter
1053 1427 1089 1461 9.
1122 1428 1160 1459 et
1194 1427 1257 1461 10.
1291 1423 1404 1461 Febr.
1447 1423 1527 1461 vidi
1559 1425 1717 1474 eclipsin
1749 1425 1886 1465 Lunae

90 1479 236 1527 Gratii;
269 1480 407 1517 rubore
439 1491 508 1517 suo
542 1484 623 1517 tota
653 1479 871 1527 videbatur,
906 1481 1084 1529 quamvis
1116 1481 1274 1519 umbrae
1306 1483 1498 1522 immersa.
1550 1486 1587 1521 S.
1619 1483 1729 1521 Junii
1762 1484 1887 1522 Gratii

89 1537 380 1586 diligentissime
413 1539 621 1588 respiciens
652 1537 701 1575 ad
734 1538 936 1586 Venerem,
969 1539 1118 1576 nullum
1149 1546 1280 1577 tamen
1310 1539 1391 1577 vidi
1411 1539 1656 1579 Mercurium.
1690 1542 1887 1592 Analogia

87 1601 215 1633 motus
248 1595 372 1633 diurni
406 1601 444 1635 et
475 1596 748 1646 praecedentes
781 1597 1072 1636 observationes
1105 1599 1260 1635 omnino
1292 1597 1525 1636 Mercurium
1547 1602 1718 1649 proxime
1743 1601 1885 1638 Veneri

87 1659 273 1692 statuunt.
308 1656 460 1699 (Dubius
487 1660 552 1700 est,
579 1668 665 1691 num
691 1657 896 1701 conjunctio
916 1657 1115 1702 corporalis
1141 1658 1273 1703 fuerit.)
1325 1657 1438 1694 Anno
1475 1662 1597 1698 1601.
1637 1671 1769 1697 11161156
1801 1660 1885 1697 De-

88 1713 229 1750 cembri
259 1711 341 1748 vidi
372 1711 487 1750 ι101115
520 1718 557 1750 61
588 1712 728 1763 Spieae
761 1713 941 1751 distincta
972 1714 1118 1751 lumina
1148 1726 1215 1764 per
1247 1713 1408 1752 eandem
1440 1715 1646 1754 fenestram
1678 1719 1715 1754 in
1747 1718 1884 1756 eodem

87 1771 178 1808 albo
210 1771 367 1820 parlete.
430 1770 519 1807 Non
549 1771 791 1820 impossibile
825 1773 1015 1819 existimo,
1050 1772 1237 1823 Veneris,
1267 1772 1383 1811 Jovis
1415 1773 1655 1824 aliarumque
1687 1776 1885 1814 stellarum

88 1828 286 1866 azimutha
318 1832 355 1865 et
387 1828 631 1867 altitudinem
664 1841 732 1878 per
761 1841 834 1868 sua
865 1831 902 1866 in
935 1833 1102 1880 parietes
1133 1830 1263 1869 illecta
1294 1831 1440 1870 lumina
1471 1834 1608 1870 metiri.
1652 1834 1806 1883 Cogitet
1838 1834 1884 1874 de

86 1887 160 1925 1136
191 1899 230 1925 re
262 1886 458 1924 studiosus
483 1887 797 1926 observationum
831 1888 1069 1929 coelestium.
1122 1891 1275 1933 Stellae,
1309 1903 1415 1935 quam
1452 1894 1593 1937 putavit
1632 1905 1711 1929 esse
1745 1906 1884 1940 novam,

86 1949 124 1982 in
159 1948 280 1992 Cygno
312 1947 430 1982 locum
463 1947 648 1991 inquirens
680 1953 818 1992 monet,
850 1948 1054 1983 meminisse
1089 1959 1127 1983 se
1152 1959 1230 1984 eam
1255 1949 1388 1985 vidisse
1412 1951 1605 1986 Novembri
1630 1953 1739 1996 1601,
1765 1953 1885 1988 51311111

85 2010 170 2050 post
193 2010 345 2040 mortem
371 2005 564 2049 Tychonis.
616 2006 808 2041 Maestlino
836 2006 1042 2042 describens
1068 2007 1275 2042 methodum
1302 2019 1403 2043 suam
1421 2009 1636 2044 observandi
1660 2010 1885 2045 altitudinem

86 2064 211 2099 stellae
229 2063 374 2108 11013115,
398 2063 520 2107 refert,
548 2065 818 2100 observationes
837 2075 874 2100 se
891 2065 1092 2100 instituisse
1110 2066 1143 2102 2.
1165 2064 1252 2108 Oct,
1271 2066 1434 2102 20.—2s.
1453 2068 1541 2103 Dec.
1562 2068 1662 2111 1597,
1689 2068 1745 2104 28.
1763 2069 1885 2104 Martii

87 2127 122 2156 et
146 2123 202 2157 25.
229 2122 324 2165 Sept.
354 2122 453 2156 1598.
503 2119 651 2157 Diebus
691 2122 756 2158 20.
791 2122 856 2158 21.
890 2119 987 2169 Maji
1023 2124 1130 2159 1599
1174 2122 1383 2159 observavi
1422 2122 1655 2161 Mercurium
1697 2126 1780 2161 sine
1822 2126 1884 2161 in-

87 2179 320 2223 strumentis,
354 2177 561 2215 collatione
594 2178 643 2215 ad
676 2178 865 2216 Venerem
900 2180 1090 2217 instituta.
1150 2179 1264 2217 Anno
1301 2181 1421 2218 1600.
1454 2193 1583 2219 11161156
1615 2181 1736 2220 Junio
1759 2181 1884 2220 Gratii

88 2235 283 2273 dimensus
315 2234 419 2273 Solis
451 2236 678 2273 diametrum
711 2238 841 2274 inveni
875 2238 954 2283 31‘,
989 2241 1054 2275 ‘25-
1086 2236 1184 2275 Julii
1216 2238 1360 2277 ibidem
1393 2241 1460 2276 ‘29‘
1485 2239 1588 2288 ΒΘΗ,
1626 2245 1691 2278 17.
1715 2242 1883 2289 Augusti

87 2295 125 2330 111
168 2293 383 2331 confinibus
415 2293 567 2344 Styriae
606 2301 642 2332 et
673 2293 868 2344 Ungariae
911 2295 989 2332 vidi
1020 2295 1172 2333 Lunam
1213 2308 1298 2334 eum
1341 2296 1454 2334 corde
1496 2296 1647 2348 Scorpii
1687 2299 1880 2348 conjungi.

90 2356 213 2390 1601.
258 2356 322 2389 20.
355 2351 453 2400 Maji
495 2364 599 2390 eram
638 2354 675 2389 111
716 2359 824 2402 parte
866 2354 1038 2403 Styriae‚
1083 2365 1199 2402 quam
1243 2354 1373 2392 Colles
1416 2354 1647 2394 Germanico
1689 2358 1880 2395 vocabulo

86 2409 316 2458 indigetant,
364 2409 412 2448 ad
453 2421 632 2448 oceasum
671 2417 759 2448 sunt
792 2417 941 2449 montes
983 2411 1172 2452 altissimi.
1232 2412 1298 2450 Sol
1338 2413 1480 2451 occidit
1512 2416 1594 2452 sine
1626 2414 1714 2452 ullis
1751 2415 1879 2462 radiis,

85 2468 214 2506 lumen
254 2469 337 2516 ejsss
379 2468 494 2506 valde
528 2468 792 2515 debilitatum,
831 2476 873 2507 ut
905 2469 971 2508 Sol
1010 2470 1183 2507 umbram
1216 2472 1527 2510 circumscribere
1558 2471 1703 2510 nullam
1735 2479 1879 2522 posset.

86 2526 229 2564 Secuta
262 2532 319 2563 est
351 2525 476 2563 triduo
510 2526 723 2565 decumana
755 2527 888 2577 pluvia
921 2533 957 2565 et
988 2527 1137 2566 eluvies
1177 2527 1331 2566 illorum
1360 2528 1533 2568 locorum
1564 2532 1794 2579 perniciosa.
1824 2552 1878 2558 —

87 2584 183 2621 Cum
214 2585 250 2619 in
274 2584 442 2632 Styriam
472 2585 672 2623 rediissem
703 2585 891 2634 negotioli
922 2597 1050 2633 631153,
1084 2585 1240 2625 ascendi
1272 2588 1423 2625 aestivo
1456 2587 1517 2626 die
1549 2590 1586 2624 in
1619 2595 1786 2626 montem
1819 2590 1878 2624 in-

86 2643 206 2690 signis
238 2641 466 2688 altitudinis,
498 2641 662 2680 Schekel
694 2643 859 2689 dietum,
905 2643 1274 2692 Stubenbergiorum
1307 2644 1483 2691 ditionis,
1524 2650 1707 2684 terrarum
1749 2646 1878 2684 orbem

87 2713 134 2738 ex
165 2701 265 2736 binis
298 2699 493 2736 montibus
524 2712 696 2749 appensa
729 2701 864 2739 libella
894 2713 1107 2741 mensurus,
1159 2701 1341 2739 'Mentem
1379 2715 1495 2752 supra
1527 2704 1690 2741 vertices
1721 2703 1877 2742 alterius

89 2759 240 2805 montis,
274 2758 338 2806 qui
361 2757 479 2794 habet
501 2768 626 2795 arcem
648 2758 874 2796 Wildanum
897 2760 1130 2808 impositam,
1164 2759 1290 2797 attolli
1315 2762 1336 2798 5
1361 2762 1518 2798 turrium
1540 2761 1878 2810 Argentinensium
1926 2805 1928 2813 Ι

88 2815 291 2853 altitudine
324 2814 585 2852 demonstravi
618 2820 690 2854 ete.
723 2823 765 2857 (v.
792 2820 859 2853 vol.
884 2823 924 2852 Π.
949 2832 981 2861 p.
1008 2822 1073 2853 287
1101 2826 1132 2852 et
1158 2823 1184 2854 Ι.
1211 2821 1304 2863 321.)

225 2872 334 2913 1602.
369 2872 578 2910 Revolutio
621 2874 732 2910 anni:
777 2873 1103 2912 Constellationes
1143 2875 1361 2924 significant
1397 2875 1589 2924 jacturam
1620 2877 1874 2926 substantiae,

87 2932 363 2981 captivitatem.
415 2930 524 2968 Haec
546 2931 682 2980 scripsi
704 2942 804 2968 anno
831 2936 896 2970 95.
947 2931 1022 2969 Sed
1046 2933 1155 2969 annis
1187 2933 1448 2981 superioribus
1473 2939 1634 2972 eventus
1665 2936 1874 2985 respondit.

88 2989 174 3027 Hoc
205 2999 306 3026 anno
338 2994 430 3027 nata
460 2989 553 3025 mihi
585 2988 664 3026 filia
695 2989 941 3034 Susanna,
989 2993 1025 3027 9.
1058 2989 1157 3027 Julii
1187 2989 1349 3039 Pragae.
1399 2991 1605 3040 Baptisata
1643 2994 1681 3029 in
1713 2995 1874 3033 aedibus

86 3059 109 3084 a
139 3058 199 3084 me
231 3046 430 3085 conductis
462 3047 500 3083 in
531 3057 656 3084 novae
689 3048 792 3085 urbis
823 3048 904 3085 soro
937 3047 1070 3085 boario
1094 3059 1114 3086 e
1135 3049 1292 3096 regione
1323 3049 1522 3087 Emauntis
1553 3062 1576 3088 a
1607 3052 1780 3090 ministro
1800 3054 1873 3092 sub

86 3108 260 3154 utraque,
291 3109 445 3156 pastore
466 3105 516 3145 ad
537 3104 787 3156 Stephanum.
832 3106 1012 3144 Patrimi:
1040 3105 1088 3144 D.
1121 3105 1220 3147 Lud.
1241 3118 1265 3145 3
1284 3106 1560 3148 Dietriehstein
1580 3108 1625 3148 L.
1647 3109 1691 3150 B.
1705 3139 1717 3159 ,
1749 3110 1799 3151 D.
1822 3111 1871 3151 D.
