2177 3408
526 155 762 194 Summarium
789 156 973 195 Historiae
996 157 1248 196 Astronomiae
1274 158 1396 196 seculo
1420 159 1520 200 XVI.
1842 159 1924 206 605

130 272 317 309 intervallo
344 273 524 312 coibunt.“
545 296 588 300 —
607 274 843 320 Copernicum
867 276 989 320 magni
1014 275 1102 312 facit
1128 276 1279 322 ejusque
1305 288 1394 323 opus
1413 279 1470 314 his
1489 278 1607 315 verbis
1633 277 1771 313 laudat:
1804 288 1928 323 „opus,

130 342 201 376 quo
227 332 316 367 nihil
340 333 399 369 1110
424 335 522 370 orbis
547 334 635 368 vidit
659 339 722 369 aut
748 334 961 378 exquisitius
987 339 1050 370 aut
1075 326 1299 380 concinnius,
1326 336 1428 381 cujus
1455 341 1582 381 arguta
1607 337 1823 380 concisaque
1847 336 1926 370 bre-

126 390 228 436 vitas,
255 391 362 427 immo
382 392 730 428 demonstrationum
748 401 897 427 acumen
924 392 1175 438 subtilitasque
1194 393 1376 438 plerisque
1402 405 1505 429 usum
1522 393 1757 440 praeclusit.“
1803 394 1925 429 Calen-

129 447 219 483 darii
243 449 535 485 reformationem
560 450 714 485 maxime
739 451 979 485 necessariam
1017 461 1096 487 esse
1123 455 1245 496 putat,
1280 463 1359 486 cum
1391 464 1522 488 aureus
1547 463 1716 488 numerus
1742 451 1853 488 falsus
1880 453 1926 487 sit

128 506 384 551 (plenilunium
410 509 453 543 19
479 508 583 543 annis
609 508 745 543 exactis
770 518 842 542 non
868 509 1012 553 penitus
1039 509 1084 544 ad
1111 509 1255 544 eosdem
1282 509 1358 544 dies
1385 514 1421 544 et
1444 510 1552 545 horas
1577 511 1723 555 redire),
1749 515 1784 545 et
1809 511 1927 555 aequi-

123 565 244 600 noctia
269 566 400 601 sensim
426 566 459 601 in
486 566 740 612 praecedentia
759 576 838 602 sese
857 569 1105 611 promoventia
1130 567 1331 603 instabilem
1356 567 1515 603 habeant
1540 566 1669 604 locum.
1718 568 1817 603 Haec
1842 569 1925 603 vitia

123 625 375 659 concurrentia
400 626 542 668 gravius
569 635 712 669 serpere
740 624 769 658 si
796 624 929 660 diutius
958 626 1139 670 ferantur,
1167 627 1362 671 exstirpari
1379 630 1476 661 certe
1494 637 1564 661 non
1582 636 1700 671 posse,
1727 627 1794 662 nisi
1813 631 1925 662 astro-

124 681 244 716 nomia
262 686 339 717 arte
357 693 422 717 sua
439 688 635 718 succurrat.
657 703 698 707 —
719 682 980 727 Adjuiig‹·ml11s
1008 689 1063 719 est
1087 685 1122 718 in
1148 685 1205 719 his
1232 685 1274 719 dc
1295 684 1495 719 Calendarii
1521 684 1773 719 reformatione
1799 685 1925 720 studiis

126 738 249 773 Stadio
268 745 303 774 et
320 739 456 775 Pitato:
492 741 521 774 B
535 751 555 775 a
568 740 643 775 rth
656 740 697 775 01
711 751 802 776 oma
815 752 862 775 eu
877 753 892 776 s
927 741 1230 788 Schoenborn,
1267 742 1469 777 Medicinae
1487 744 1624 778 Doctor
1643 743 1923 789 Vitebergensis,

122 797 182 841 qui
207 797 243 832 in
264 798 439 843 Computo
456 798 713 835 Astronomico
732 800 847 844 (1507,
869 801 970 844 1579)
997 811 1102 844 aegre
1127 800 1196 836 fert
1222 801 1542 836 inconvenientiam
1569 801 1694 836 usitati
1720 802 1926 844 calendarii,

127 856 295 900 pluribus
322 857 467 892 disserit
493 857 536 892 de
563 858 734 902 temporis
762 858 934 894 divisione
962 863 998 893 et
1023 858 1189 903 implorat
1214 859 1406 904 principes,
1436 864 1497 901 „ut
1515 860 1547 893 J.
1570 860 1734 895 Caesaris
1761 861 1924 905 exemplo

127 914 212 949 anni
236 915 410 950 rationem
435 915 626 952 emendent
653 926 803 961 eamque
828 917 896 950 rite
922 917 1155 962 constituant,
1184 928 1264 952 cum
1290 917 1426 951 usualis
1452 918 1535 952 anni
1562 919 1786 963 magnitudo,
1813 929 1924 963 supe-

125 983 209 1008 rans
235 977 434 1009 vertentem
459 985 593 1009 annum
619 974 901 1010 astronomicum
925 975 1008 1010 inde
1035 976 1079 1010 ab
1106 980 1224 1010 aetate
1243 975 1341 1020 Julii,
1367 980 1531 1019 tempora
1556 976 1865 1019 aequinoctiorum
1891 980 1926 1011 et

123 1031 361 1067 solstitiorum
386 1032 475 1068 satis
502 1032 608 1077 longo
634 1032 824 1068 intervallo
850 1037 949 1068 retro
976 1034 1147 1078 traxerit,
1180 1044 1271 1078 quae
1303 1044 1398 1068 nunc
1423 1033 1646 1068 restituenda
1671 1034 1759 1068 locis
1785 1035 1858 1070 suis
1884 1046 1926 1069 ac

125 1088 271 1125 sedibus
296 1091 458 1135 pristinis
483 1091 615 1126 forent.
666 1092 800 1127 Verum
831 1091 875 1127 de
900 1092 956 1127 his
981 1092 1162 1135 inquirere
1197 1096 1305 1135 atque
1339 1092 1408 1127 hoc
1439 1092 1544 1126 modo
1579 1092 1755 1127 disserere
1788 1093 1925 1128 licitum

124 1152 180 1182 est
204 1148 240 1182 in
265 1149 410 1193 scholis,
438 1160 584 1195 sperare
609 1153 730 1185 autem
756 1150 1043 1186 emendationem
1064 1150 1201 1194 justam
1226 1150 1296 1185 hoc
1321 1150 1455 1186 infelici
1482 1151 1602 1186 seculo
1630 1156 1665 1186 et
1691 1151 1784 1187 tristi
1807 1162 1926 1186 rerum

125 1207 284 1242 omnium
309 1208 518 1244 confusione
543 1210 601 1244 vix
627 1213 818 1255 unquam“.

263 1268 414 1304 Stadii
442 1270 603 1306 Tabulae
627 1270 814 1306 desumtae
839 1274 925 1305 sunt
950 1280 1081 1314 magna
1107 1279 1150 1303 ex
1176 1273 1291 1314 parte,
1320 1272 1360 1304 ut
1386 1268 1550 1310 diximus,
1577 1279 1596 1304 e
1621 1269 1821 1304 Prutenieis
1850 1280 1929 1304 eae-

122 1338 191 1372 que
223 1328 336 1364 multo
369 1329 484 1364 minus
521 1334 710 1365 accuratae
745 1334 780 1364 et
813 1328 1002 1364 dilucidae.
1053 1328 1230 1372 Tabulas,
1268 1338 1357 1372 quas
1392 1332 1496 1362 vocat
1532 1327 1730 1362 mediorum
1766 1333 1925 1363 motuum

120 1385 361 1427 Reinholdus‚
394 1387 539 1423 Stadius
571 1388 732 1424 nominat
766 1387 975 1432 aequabiles
1007 1397 1142 1431 easque
1176 1385 1395 1430 computavit
1431 1385 1476 1420 ad
1501 1396 1660 1420 normam
1685 1386 1927 1431 Alphonsino-

121 1454 210 1488 rum,
237 1444 331 1479 unde
357 1444 511 1489 plurima
534 1446 665 1481 vitiosa
689 1445 879 1490 prodeunt.
930 1443 1162 1479 Planetarum
1189 1445 1363 1478 stationes
1390 1450 1459 1480 etc.
1487 1445 1756 1489 („passiones“)
1785 1444 1929 1481 Stadius

122 1502 273 1538 ducibus
306 1503 412 1538 modo
438 1504 666 1549 Ptolemaeo,
702 1504 809 1539 modo
837 1502 1054 1547 Copernico,
1088 1501 1194 1536 modo
1221 1502 1425 1537 Reinholdo
1454 1503 1695 1548 epicyclorum
1721 1503 1927 1547 adjumento

125 1561 293 1605 explicat.
344 1563 460 1598 Motui
485 1562 639 1598 fixarum
663 1563 698 1597 in
724 1561 985 1606 longitudinem
1020 1560 1315 1604 inaequalitatem
1349 1561 1530 1604 quandam
1562 1562 1679 1596 inesse
1704 1566 1810 1606 putat
1835 1572 1927 1596 eam-

122 1629 216 1663 que,
247 1620 391 1655 Rhetici
416 1621 657 1656 narrationem
684 1625 850 1662 secutus,
883 1619 1010 1654 statuit
1035 1630 1055 1653 a
1081 1619 1294 1653 Timochare
1327 1619 1372 1653 ad
1398 1619 1644 1663 Hipparchum
1671 1621 1739 1665 40¹,
1772 1621 1816 1655 ab
1841 1620 1927 1664 Hip-

121 1678 256 1722 parcho
290 1679 335 1714 ad
371 1680 575 1715 Menelaum
608 1680 648 1715 20
678 1680 742 1724 15¹,
778 1679 822 1713 ab
856 1678 925 1712 hoc
959 1677 1005 1712 ad
1036 1676 1283 1711 Ptolemaeum
1314 1677 1383 1721 25²,
1421 1677 1467 1711 ad
1501 1677 1753 1721 Albategnium
1782 1680 1841 1713 110
1859 1679 1926 1720 30¹,

122 1735 218 1770 unde
244 1736 552 1780 aequinoctiorum
588 1737 878 1782 praecessionem
911 1736 1013 1780 ponit
1046 1735 1270 1780 temporibus
1306 1735 1530 1770 Timocharis
1556 1737 1595 1771 20
1620 1737 1694 1781 201,
1728 1737 1928 1781 Hipparchi

123 1793 162 1828 4⁰
188 1795 232 1840 2¹,
257 1795 292 1831 J.
321 1796 482 1831 Caesaris
508 1796 548 1830 4⁰
573 1797 641 1839 50¹,
670 1795 801 1830 Christi
827 1796 866 1829 5⁰
894 1796 958 1836 16¹,
986 1794 1143 1829 Menelai
1168 1795 1207 1829 6⁰
1232 1795 1300 1836 15‘,
1327 1794 1524 1828 Ptolemaei
1550 1795 1590 1829 6⁰
1615 1795 1682 1839 40¹,
1708 1795 1926 1830 Mahometis

121 1853 308 1888 Aratensis
334 1854 398 1889 1δο
424 1855 488 1899 10‘,
523 1854 702 1899 Alphonsi
729 1855 792 1889 24⁰
820 1855 884 1898 10¹,
919 1864 1012 1887 anno
1042 1854 1139 1888 1500.
1165 1852 1229 1887 27⁰
1255 1854 1298 1886 [3¹.
1354 1853 1544 1887 Rationem
1578 1853 1813 1898 longitudinis
1838 1853 1925 1888 fixa-

122 1922 201 1946 rum
227 1923 272 1947 ex
298 1913 488 1948 observata
514 1913 752 1948 declinatione
771 1916 806 1947 et
832 1911 1022 1946 latitudine
1049 1910 1288 1945 dimetiendae
1313 1910 1420 1954 plane
1447 1910 1595 1945 eandem
1612 1911 1792 1956 proponit,
1819 1922 1925 1955 qnam

128 1971 346 2015 Copernieus
373 1971 462 2006 libro
489 1972 551 2006 III.
579 1981 656 2015 cap.
683 1972 717 2006 2.
768 1969 1053 2005 Declinationem
1083 1969 1211 2013 Spicae
1239 1968 1520 2013 deprehendisse
1547 1979 1584 2003 se
1611 1970 1661 2004 ait
1688 1969 1821 2010 „Nonis
1840 1970 1926 2004 ‚Julii

121 2028 204 2063 anni
231 2030 332 2064 1559.
359 2029 400 2064 80
427 2029 506 2074 48¹,
541 2039 647 2074 quam
674 2028 896 2073 Copernieus
929 2038 1021 2063 anno
1049 2027 1137 2062 1525
1165 2027 1302 2061 invenit
1326 2027 1367 2062 8⁰
1384 2028 1452 2062 40‘.
1495 2027 1685 2062 Schemate
1711 2028 1836 2062 eodem
1854 2039 1925 2072 quo

123 2088 342 2131 Copernieus
367 2090 492 2135 utitur,
517 2089 664 2123 mutatis
689 2089 814 2134 literis,
842 2092 876 2123 et
895 2087 1133 2133 deprehendit
1152 2086 1279 2130 Spicae
1298 2086 1416 2120 locum
1438 2086 1497 2121 170
1514 2086 1569 2121 4Ο’
1585 2088 1641 2129 st,
1668 2097 1774 2131 quem
1793 2087 1924 2131 Coper-

124 2146 225 2181 nieus
251 2148 471 2192 computavit
497 2149 559 2183 1Το
584 2148 641 2183 21’
658 2150 714 2185 st.
743 2170 784 2173 —

262 2206 325 2241 His
352 2217 370 2241 e
398 2207 512 2242 Stadii
537 2207 681 2252 scriptis
711 2207 890 2252 excerptis
916 2206 1082 2250 elucebit,
1110 2216 1181 2250 qua
1207 2203 1344 2239 ratione
1372 2208 1406 2238 et
1432 2204 1488 2238 via
1513 2203 1566 2238 vir
1583 2214 1670 2238 usus
1689 2204 1744 2247 sit,
1769 2214 1835 2238 nec
1852 2214 1923 2238 non

125 2265 335 2310 apparebit,
371 2275 451 2300 eum
477 2266 574 2300 haud
598 2267 649 2300 ita
674 2265 787 2301 multa
813 2275 905 2310 quae
931 2274 1023 2298 nova
1059 2268 1181 2298 essent
1208 2268 1243 2297 et
1267 2263 1414 2307 propria
1440 2262 1638 2306 evigilasse,
1664 2263 1713 2297 ita
1740 2266 1779 2297 ut
1795 2262 1921 2296 mirum

121 2332 192 2356 non
218 2323 274 2367 sit,
300 2324 396 2368 quod
421 2323 516 2359 illius
541 2325 686 2360 tabulae
705 2324 884 2368 prioribus
904 2323 993 2358 adeo
1013 2334 1083 2357 non
1102 2321 1363 2366 praeferendae
1383 2321 1616 2366 putabantur,
1643 2326 1682 2356 ut
1706 2320 1805 2355 brevi
1823 2324 1921 2364 post-

125 2393 230 2425 quam
256 2383 415 2427 Tycho
442 2384 712 2419 observationes
751 2393 834 2417 suas
866 2381 1023 2416 instituit
1049 2380 1085 2416 in
1111 2380 1326 2415 oblivionem
1352 2380 1528 2414 venirent.
1569 2381 1686 2423 (Natus
1713 2385 1761 2412 est
1785 2380 1922 2412 Stadius

122 2451 209 2473 anno
238 2443 325 2474 1527
354 2444 519 2475 Leonhnti
543 2445 577 2474 in
603 2445 798 2486 Brabantia,
825 2443 1061 2474 astronomiam
1088 2442 1226 2472 docebat
1251 2441 1402 2479 Lovanii,
1429 2441 1613 2472 sabaudiae
1639 2443 1670 2470 et
1695 2441 1829 2470 Parisiis
1854 2439 1921 2469 ibi—

123 2509 187 2540 que
213 2504 358 2531 mortnus
385 2507 432 2533 est
457 2512 544 2533 anno
572 2502 687 2545 1579.)

262 2558 472 2593 Cometae
506 2560 566 2603 qni
597 2559 668 2594 illis
703 2559 926 2604 temporibus
959 2560 1206 2602 apparuerunt
1238 2557 1356 2601 (1556,
1391 2558 1512 2601 1558.)
1550 2556 1701 2591 maxime
1735 2557 1922 2601 agitabant

123 2620 366 2658 astronomos,
405 2626 517 2661 aeque
554 2628 596 2652 ac
631 2618 789 2663 reliquos
821 2615 1034 2651 mortalium.
1085 2615 1234 2649 Praeter
1265 2615 1378 2649 multa
1415 2614 1586 2656 absurda,
1626 2625 1716 2658 quae
1755 2615 1798 2649 de
1830 2619 1920 2656 ortu,

121 2679 250 2709 natura
276 2680 447 2718 motuque
473 2679 691 2710 cometarum
716 2676 823 2720 longe
848 2675 992 2717 lateque
1019 2673 1165 2717 vulgata
1184 2677 1296 2717 erant,
1323 2683 1438 2716 pauca
1456 2677 1595 2707 tantum
1614 2676 1739 2706 notatu
1758 2672 1919 2716 digniora

124 2730 437 2776 deprehendimus.
488 2733 597 2767 Primi
621 2733 689 2767 rite
723 2733 765 2767 de
800 2733 996 2767 directione
1032 2731 1166 2766 caudae
1193 2736 1412 2765 cometarum
1445 2731 1688 2765 disseruerunt
1721 2731 1920 2774 Apianus

125 2791 431 2834 (Astronomicum
458 2792 671 2826 Caesareum
702 2792 821 2835 1540),
847 2789 1179 2825 Fracastorius
1207 2789 1285 2831 (cfr.
1312 2789 1380 2823 vol.
1409 2789 1437 2822 I.
1463 2799 1498 2832 p.
1525 2789 1639 2833 2564,
1676 2788 1717 2823 R.
1745 2790 1920 2824 Gemma

123 2848 306 2884 Frisius
335 2850 489 2894 (Radius
515 2849 796 2891 astronomicus,
837 2848 940 2891 1545)
968 2852 1004 2882 et
1031 2847 1280 2881 Uardanus.
1309 2867 1350 2871 —
1376 2847 1433 2881 ιῙο.
1461 2846 1683 2881 Hommelius
1696 2847 1729 2891 *)
1761 2852 1919 2883 cometae

263 2969 292 3012 ³²)
318 2970 599 3009 Memmingensis,
625 2972 692 3001 nat.
712 2977 742 2999 a.
764 2967 863 3008 1518,
887 2965 1025 3006 parochi
1045 2973 1175 2994 munere
1194 2966 1391 3004 fungebatur
1408 2967 1442 2996 in
1460 2976 1545 3006 pago
1563 2976 1666 3007 prope
1684 2967 1919 3007 Memmingam

124 3017 205 3053 sito3
232 3018 287 3048 sed
313 3020 392 3059 quia
417 3018 568 3048 Caesaris
594 3017 714 3054 edicto,
740 3024 780 3044 ne
806 3023 856 3044 res
883 3021 993 3042 sacrae
1020 3011 1061 3040 ad
1086 3015 1208 3041 eertum
1233 3016 1363 3051 tempus
1390 3012 1527 3043 ulterius
1553 3018 1777 3053 moverentur,
1802 3024 1917 3055 parere

124 3068 311 3107 recusabat,
338 3075 471 3096 munere
497 3074 530 3094 se
555 3063 722 3093 abdicavit
747 3070 834 3090 anno
864 3059 964 3091 1548.
1016 3056 1125 3096 Quum
1153 3058 1271 3088 deinde
1296 3060 1482 3097 Augustam
1508 3060 1755 3092 vindelicorum
1782 3071 1815 3091 se
1842 3071 1916 3092 con-

125 3112 265 3153 tulisset,
290 3112 528 3143 mathematicis
562 3109 680 3141 studiis
706 3118 740 3139 se
766 3107 857 3138 dedit
883 3109 914 3136 et
939 3114 959 3135 a
985 3103 1102 3135 Carolo
1128 3105 1168 3138 V.
1205 3108 1340 3146 propter
1372 3108 1532 3144 egregiam
1565 3108 1818 3139 mathematicae
1843 3107 1916 3138 lau-
