2126 3388
817 160 871 194 De
895 158 1042 204 Kepleri
1066 158 1212 195 familia.
1822 159 1904 203 943

111 278 218 316 fundi
251 279 420 326 curavit,
460 278 594 317 charta
624 277 674 316 ad
706 277 862 316 easdem
894 281 1114 317 necessaria
1146 277 1389 329 Campoduni
1421 278 1540 329 emta)
1580 277 1751 316 nondum
1783 277 1907 325 editis,

111 338 148 373 in
183 337 340 375 Austria
381 338 578 388 superiore
620 348 720 385 quae
757 337 839 385 Jatn
883 337 946 374 diu
989 344 1220 389 praeparata
1260 343 1343 375 erat
1374 337 1681 376 Lutheranorum
1724 342 1808 375 orta
1849 343 1906 375 est

111 396 326 442 insectatio,
360 407 475 444 quam
508 401 544 433 et
575 396 803 433 rusticorum
834 395 972 433 seditio
1005 402 1139 434 secuta
1171 402 1228 434 est
1259 402 1297 434 et
1328 395 1506 434 diuturna
1537 395 1604 433 illa
1633 392 1752 449 (anno
1779 395 1905 445 1626)

111 453 235 491 Lincii
268 454 454 501 obsessio,
489 454 629 502 quibus
663 453 813 491 duabus
845 454 958 491 rebus
992 454 1148 505 Kepleri
1181 460 1218 492 01
1248 456 1406 503 negotia
1438 460 1475 492 ct
1495 465 1554 492 res
1586 454 1833 500 domesticae,
1867 460 1907 491 ut

110 522 189 562 par*
211 518 291 558 est,
337 514 454 550 variis
494 512 620 549 modis
650 513 806 550 turbata
836 517 935 552 sunt.
996 512 1046 551 Se
1079 512 1251 561 quidem,
1284 514 1458 562 scripsit,
1501 524 1688 562 suamque
1719 512 1905 550 familiam

112 581 310 618 nunquam
342 572 379 608 in
402 575 511 608 tanta
532 571 608 607 cibi
629 571 761 619 inopia
780 570 919 617 fuisse,
952 576 995 608 ut
1029 582 1167 622 „carne
1200 572 1366 619 0131111113ιι
1404 576 1657 618 vescerentur,
1690 571 1756 608 sed
1780 577 1907 609 tamen

112 628 363 666 circumsesso
396 628 538 678 oppido
571 632 608 665 et
639 628 761 665 multa
792 630 1010 666 necessaria
1042 629 1298 675 desiderasse,
1341 634 1379 666 et
1411 629 1532 667 multa
1574 629 1785 678 injucunda
1818 642 1906 680 per-

111 698 244 736 pessos
278 698 374 725 esse.
414 685 622 725 'Seditionc
655 692 784 723 autem
818 687 1022 736 profligata
1055 699 1138 724 cum
1175 689 1380 736 imperator
1403 687 1645 725 Lutheranos
1680 699 1823 734 01111105,
1857 688 1906 725 ad

113 744 226 782 fidem
260 745 491 783 catholicam
524 755 609 782 sese
640 747 868 781 transituros
901 757 984 782 esse
1016 751 1216 793 negantes,
1249 745 1390 782 1111111115
1413 745 1541 794 egredi
1569 745 1762 794 jussisset,
1795 747 1905 796 Kep-

113 803 215 849 lero,
258 805 325 852 qui
358 804 593 853 imperatorii
624 804 834 839 astronomi
875 805 1026 840 1101111110
1059 810 1097 840 01
1128 804 1357 841 auctoritate
1397 803 1509 841 facile
1540 805 1742 853 impetrare
1774 811 1906 854 posset

111 866 154 898 111
174 861 247 898 1130
269 861 488 898 conditione
520 860 753 907 solveretur,
785 873 894 897 suam
917 873 1151 910 suorumque
1175 861 1368 898 fortunam
1400 867 1466 899 aut
1498 862 1611 899 rebus
1643 862 1810 900 fortuitis
1842 868 1909 900 aut

114 919 324 956 aulicorum
347 919 616 957 voluntatibus
638 921 896 968 temporaneis
915 919 1113 957 detrahere
1134 921 1255 956 satius
1279 931 1361 957 0550
1381 919 1594 958 videbatur.
1629 920 1756 968 Quum
1779 927 1908 959 autem

113 977 227 1014 simul
258 977 332 1015 1100
365 989 519 1027 quoque
552 977 718 1015 edictum
750 977 892 1014 factum
926 983 1043 1024 05501,
1084 983 1125 1015 111
1159 977 1465 1015 Lutheranorum
1503 978 1572 1015 filii
1604 990 1736 1017 omnes
1769 981 1905 1017 catho-

111 1035 207 1073 licos
240 1040 278 1074 et
308 1036 421 1074 ludos
454 1042 491 1074 01
523 1035 706 1073 ecclesias
746 1036 1033 1085 frequentarent
1072 1042 1189 1084 atque
1222 1035 1379 1086 Kepleri
1418 1036 1520 1073 filius
1552 1039 1740 1075 maximus
1772 1038 1906 1076 Ludo-

114 1095 223 1131 vicus
254 1092 348 1146 (nat.
380 1107 415 1133 a.
452 1094 579 1143 1607)
612 1106 658 1132 ea
689 1095 774 1143 ipsa
806 1099 933 1132 aetate
967 1099 1088 1141 esset,
1132 1094 1181 1132 ad
1213 1106 1329 1143 quam
1362 1094 1529 1132 edictum
1562 1095 1654 1132 illud
1687 1098 1904 1146 pertineret,

114 1152 215 1190 hanc
245 1155 435 1190 rationem
467 1153 592 1201 legem
624 1152 784 1190 fallendi
815 1157 926 1203 pater
958 1158 1016 1190 est
1046 1158 1220 1200 secutus,
1254 1157 1296 1189 ut
1326 1152 1447 1190 filiun]
1479 1156 1534 1191 sic
1567 1154 1700 1192 Lincio
1733 1167 1907 1193 summo-

114 1215 242 1256 veret,
285 1216 327 1249 ut
359 1212 472 1248 amici
505 1223 665 1260 puerum
698 1210 795 1248 clam
829 1211 942 1248 domo
975 1210 1182 1248 deductum
1213 1211 1344 1248 nescio
1383 1216 1490 1260 patre
1529 1213 1567 1248 in
1600 1212 1909 1251 Lutheranorum

117 1269 249 1306 ludum
289 1269 546 1308 Sulzbachiae
591 1270 849 1307 transferrent.
912 1269 1028 1307 Pater
1060 1271 1213 1317 itaque,
1258 1269 1323 1306 ubi
1357 1269 1459 1306 filius
1490 1275 1612 1317 esset,
1651 1273 1908 1321 interrogatus

115 1339 207 1366 vera
249 1327 362 1376 dixit,
406 1328 514 1365 illum
548 1339 588 1365 se
625 1328 747 1364 inscio
782 1327 894 1365 domo
933 1328 1077 1365 abiisse
1110 1336 1148 1365 et
1178 1328 1263 1365 loco
1296 1328 1371 1364 sibi
1409 1330 1604 1377 incognito
1636 1329 1768 1368 latere.
1821 1334 1908 1377 (Cfr.

113 1401 147 1434 p.
162 1390 260 1433 900.)
296 1409 346 1414 -—
378 1386 468 1437 Ipse
500 1385 719 1424 tabularum
754 1386 962 1423 editionem
993 1386 1116 1423 Lincii
1156 1392 1194 1423 et
1233 1385 1498 1424 deficientibus
1541 1389 1666 1436 operis
1709 1394 1746 1426 et
1775 1391 1814 1432 jn
1848 1392 1908 1426 in·-

116 1446 248 1494 quieto
280 1457 405 1482 rerum
437 1449 541 1482 statu
574 1444 678 1481 haud
709 1445 820 1482 facile
852 1444 932 1482 fieri
965 1455 1077 1494 posse
1101 1452 1283 1482 causatus
1315 1446 1438 1493 petiit,
1472 1450 1513 1482 ut
1543 1447 1615 1482 sibi
1646 1446 1790 1495 liceret,
1823 1448 1910 1486 loco

116 1505 165 1541 ab
198 1504 398 1541 hominum
431 1504 544 1540 turba
574 1504 792 1550 remotiore,
827 1504 892 1540 ubi
926 1503 1123 1540 literarum
1156 1503 1281 1540 sontes
1314 1504 1498 1551 largiores
1522 1511 1731 1551 manarent,
1767 1507 1911 1544 tabulis

116 1561 276 1600 edendis
298 1573 490 1611 praeesse.
545 1560 659 1610 Quod
693 1572 777 1598 cum
810 1563 1067 1610 impetrasset,
1099 1561 1311 1599 Novembri
1345 1573 1474 1599 11101150
1502 1565 1591 1599 anni
1618 1565 1740 1601 1626.
1774 1564 1909 1603 Lincio

116 1620 349 1669 demigravit
381 1618 546 1667 Ulmam,
581 1620 729 1657 familia
761 1626 853 1657 tunc
884 1631 1051 1668 quoque,
1086 1624 1127 1657 ut
1158 1622 1292 1657 itinere
1325 1621 1360 1655 in
1395 1620 1763 1670 Wiirttembergiam
1794 1623 1908 1671 facto,

114 1680 152 1715 in
185 1678 427 1716 Ratisbonae
469 1677 613 1727 oppido
653 1677 802 1718 relicta.
865 1678 1090 1716 Ludovicus
1131 1678 1234 1715 filius
1273 1678 1509 1716 Sulzbachia
1551 1680 1649 1716 clam
1689 1680 1906 1730 Tubingam

114 1736 250 1785 rediit,
293 1737 423 1775 studia
461 1749 532 1774 sua
565 1737 618 1773 ibi
650 1736 902 1785 perfecturus.
963 1736 1220 1774 Ratisbonam
1258 1741 1386 1774 autem
1429 1749 1560 1775 omnes
1602 1750 1660 1776 res
1692 1746 1906 1787 moventes,

114 1793 270 1833 Ulmam
301 1801 417 1845 typos
451 1795 575 1832 Lincii
617 1795 722 1832 fusos
756 1801 792 1832 et
824 1795 995 1832 chartam
1036 1800 1177 1832 emtam
1220 1796 1428 1834 transtulit.
1473 1796 1644 1848 *Annum
1682 1802 1787 1835 1627
1824 1810 1909 1836 om-

115 1865 202 1891 nem
234 1853 428 1903 Keplerus
461 1852 597 1891 Ulmae
629 1854 666 1889 in
700 1852 843 1890 tabulis
876 1858 913 1890 et
945 1853 1179 1902 corrigendis
1212 1859 1248 1890 et
1279 1853 1438 1891 edendis
1471 1856 1700 1902 consumsit,
1732 1857 1787 1894 ita
1820 1858 1909 1905 qui-

116 1912 219 1960 dem,
252 1918 294 1950 ut
326 1911 515 1949 interdum
546 1913 750 1958 viciniam,
792 1911 995 1960 Tubingae
1038 1913 1183 1949 amicos
1216 1918 1251 1949 et
1284 1914 1320 1948 in
1361 1914 1447 1950 vico
1478 1912 1751 1961 Rosswelden,
1794 1926 1908 1964 quem

115 1972 153 2007 in
176 1982 321 2020 pagum
352 1975 488 2019 pastor
508 1969 699 2007 Binderus
731 1983 765 2007 a.
794 1971 902 2007 1620
937 1975 1199 2019 transgressus
1232 1975 1300 2016 est,
1334 1981 1504 2008 sororem
1537 1984 1646 2009 suam
1679 1974 1832 2011 viseret.

254 2029 431 2066 Perfecto
466 2034 593 2066 autem
627 2039 742 2077 opere
775 2039 859 2065 cum
892 2028 1111 2065 tabularum
1144 2034 1252 2077 parte
1288 2029 1578 2066 Francofurtum
1610 2031 1804 2078 profectus
1837 2038 1905 2078 cst,

117 2087 182 2125 ubi
215 2098 300 2125 curn
333 2087 499 2123 librariis
533 2086 578 2123 de
610 2086 847 2124 redemtione
881 2091 1026 2134 ageret.
1090 2086 1215 2135 Quam
1247 2088 1283 2123 111
1317 2087 1450 2125 urbem
1486 2099 1570 2125 cum
1603 2089 1907 2137 proficisceretur

116 2145 331 2194 eodemque
364 2157 408 2182 ex
440 2145 583 2193 oppido
614 2144 767 2190 rediret,
803 2156 887 2181 cum
920 2144 1016 2182 alios
1049 2147 1216 2191 amicos,
1250 2150 1330 2182 tum
1363 2146 1650 2194 Landgravium
1683 2147 1906 2197 Philippum

111 2203 327 2252 Marburgii
349 2203 456 2250 adiit,
489 2202 707 2240 Susannam
739 2202 856 2240 filiam
889 2203 1062 2249 Durlaci,
1096 2204 1298 2252 Esslingae
1327 2204 1519 2242 Baronem
1553 2204 1598 2242 de
1628 2204 1903 2252 Hohenfelder,

113 2273 281 2310 quocum
313 2260 517 2310 Tubingae
551 2261 673 2298 literis
705 2260 876 2308 studuit,
918 2261 1081 2298 eundem
1113 2262 1424 2299 Lutheranorum
1456 2264 1709 2301 insectatione
1742 2276 1786 2301 ex
1821 2266 1904 2301 Au-

112 2321 206 2357 stria
237 2320 452 2368 expulsum.
495 2319 737 2356 Ludovicum
769 2318 891 2356 filium
913 2319 1136 2357 Schickardi
1165 2322 1278 2358 amici
1301 2322 1533 2369 patrimonio
1565 2322 1905 2360 connnendaverat

114 2383 151 2415 01
183 2390 228 2415 ex
250 2376 367 2416 Ulma
398 2377 529 2415 literas
561 2378 698 2426 partim
731 2378 904 2424 facetius,
938 2379 1077 2426 partim
1108 2381 1281 2417 severius
1314 2379 1360 2416 de
1391 2381 1505 2417 rebus
1531 2379 1598 2416 filii
1629 2382 1793 2430 scripsit,
1827 2392 1902 2418 non

111 2447 267 2485 prorsus
299 2448 346 2473 ex
376 2438 497 2485 patris
529 2436 730 2473 voluntate
764 2437 882 2473 vitam
916 2435 1104 2485 degentis.

249 2493 363 2532 Ulma
396 2494 589 2543 Keplerus
620 2506 688 2543 per
717 2493 972 2532 Ratisbonam
994 2494 1171 2532 Lincium
1203 2494 1324 2541 rediit,
1359 2507 1418 2533 res
1451 2508 1542 2534 suas
1573 2497 1626 2533 ibi
1659 2498 1900 2546 compositu-

111 2564 186 2590 rus,
250 2552 424 2600 Cumque
455 2552 622 2600 Pragam
654 2554 835 2599 venisset,
868 2552 918 2590 ad
940 2553 1216 2601 Imperatorem
1247 2553 1422 2590 libellum
1455 2555 1617 2603 scripsit,
1652 2566 1727 2604 quo
1748 2555 1903 2593 tabulas

112 2623 151 2648 se
183 2610 388 2659 perfecisse
420 2611 621 2647 nunciavit
652 2615 690 2648 et
722 2622 768 2648 ex
797 2611 977 2659 perfectis
1009 2611 1152 2648 tabulis
1174 2611 1462 2660 Ephemeridas,
1497 2624 1597 2649 anno
1624 2618 1745 2650 1617.
1778 2613 1903 2651 Lincii

110 2669 313 2706 inchoatas
346 2673 384 2705 et
414 2679 537 2716 usque
568 2669 605 2703 in
648 2680 790 2705 annum
826 2673 934 2706 1620
968 2671 1230 2716 continuatas,
1271 2669 1319 2706 ad
1356 2669 1471 2707 finem
1509 2672 1748 2719 propositam
1787 2672 1904 2720 perfi-

112 2738 195 2765 cere
228 2725 341 2764 velle,
383 2725 605 2763 Postulavit
626 2725 740 2763 simul
762 2726 934 2763 residuas
955 2730 1151 2775 pecunias,
1186 2739 1285 2775 quae
1318 2729 1354 2763 in
1378 2727 1459 2764 dies
1491 2729 1656 2777 majores
1689 2729 1831 2776 fierent,
1866 2736 1904 2767 01

109 2785 158 2822 ad
191 2796 278 2822 eum
308 2783 448 2828 locum,
483 2795 596 2832 quem
628 2785 834 2833 imperator
867 2791 997 2834 aptum
1021 2790 1204 2831 censeret,
1237 2796 1278 2822 se
1299 2786 1557 2833 profecturum
1590 2798 1673 2825 esse
1704 2787 1899 2835 professus

111 2848 180 2880 est.
242 2842 388 2880 Eodem
434 2843 517 2890 ipso
551 2846 680 2879 autem
712 2846 884 2890 tempore
917 2842 1221 2879 Wallenstenius
1253 2842 1515 2891 Megalopolis
1558 2844 1632 2881 dux
1674 2844 1897 2894 designatus

112 2906 181 2947 est,
215 2901 293 2949 qui,
327 2912 411 2937 cum
441 2899 650 2948 Keplerum
680 2899 760 2948 jam
793 2911 894 2937 anno
931 2904 1051 2938 1608.
1086 2901 1343 2949 cognovisset,
1377 2907 1415 2938 et
1446 2903 1571 2950 ipsum
1604 2908 1642 2939 et
1673 2904 1743 2939 viri
1774 2905 1901 2941 501011-

110 2961 203 2996 tiam
235 2959 433 3007 permagni
467 2958 700 2995 aestimavit.
743 2957 838 2994 Cum
873 2959 987 3006 igitur
1019 2959 1279 3006 comperisset,
1314 2969 1390 3006 qua
1423 2957 1468 2996 de
1499 2971 1538 2996 re
1570 2966 1758 3008 ageretur,
1791 2961 1900 3011 Kep-

110 3016 233 3054 lerum
264 3027 394 3053 secum
425 3017 463 3052 in
498 3015 695 3065 silesiam,
711 3015 911 3053 ducturum
945 3021 982 3053 et
1013 3016 1186 3053 residuas
1224 3017 1408 3064 pecunias
1440 3016 1649 3056 solvendas
1682 3024 1902 3058 curaturum

111 3086 196 3112 esse
228 3074 424 3123 pollicitus
457 3079 526 3112 est.
589 3072 689 3122 Qua*
714 3075 862 3111 ratione
901 3073 985 3111 sola
1022 3085 1106 3110 cum
1148 3073 1228 3111 fieri
1267 3085 1381 3122 posse
1412 3074 1665 3115 intellexisset
1694 3076 1899 3128 Keplerus,

112 3137 153 3172 ut
185 3132 450 3182 tranquilliore
481 3132 569 3171 loco
602 3131 731 3170 studia
761 3131 875 3170 simul
899 3133 1150 3182 continuaret,
1183 3132 1296 3169 simul
1318 3132 1489 3174 fortunas
1521 3146 1613 3177 suas
1644 3139 1682 3176 et
1713 3135 1899 3178 domesti-
