2126 3388
204 134 289 180 730
882 137 965 173 Vita
988 135 1138 172 ,ioannis
1163 135 1321 183 Kopleri.

203 254 332 292 mandi
365 257 534 302 animus,
569 258 605 292 et
637 256 727 304 quia
757 267 833 295 non
866 257 1090 306 experieris,
1130 269 1189 295 me
1220 268 1390 306 unquam
1423 268 1506 295 cum
1540 268 1736 306 quoquam
1766 256 1986 296 mortalium

203 315 257 351 ita
288 312 333 350 de
367 319 401 352 te
433 314 615 360 locutum,
648 315 703 351 uti
724 314 773 352 ad
796 320 832 353 te
854 326 970 352 unum
994 326 1039 353 ex
1061 314 1158 352 salsa
1179 316 1455 364 imaginatione
1485 317 1633 364 scripsi,
1665 315 1988 363 quemadmodum

202 382 326 419 neque
358 372 394 407 in
428 382 646 419 quenquam
680 384 849 421 unquam
882 372 976 410 talia
1008 373 1234 422 designavi:
1269 385 1314 411 ex
1345 373 1417 410 hac
1440 372 1698 422 qualicunque
1722 373 1986 411 consolatione

204 433 291 477 post
321 429 588 477 gravissimam
620 431 910 478 poenitudinem
942 432 1110 467 animum
1143 431 1313 469 nonnihil
1346 432 1490 479 recepi,
1533 435 1570 468 et
1602 432 1692 480 quia
1725 443 1824 480 quae
1856 432 1990 480 scripsi

205 498 330 524 coram
374 486 457 524 Deo
500 486 582 524 solo
627 492 724 526 teste
764 489 817 525 M.
861 488 969 525 Tuae
1010 490 1197 538 imputata
1237 490 1360 535 fuere,
1403 490 1566 537 primum
1599 489 1724 526 Deum
1758 488 1847 537 Opt.
1880 489 1986 528 Max.

205 545 355 581 veniam
387 546 567 591 exoravi,
602 544 738 584 deinde
772 551 809 584 et
839 558 906 594 pro
940 546 1150 584 christiana
1180 546 1490 585 reconciliatione
1523 558 1670 584 summe
1702 547 1756 584 fui
1787 547 1988 585 sollicitus.

204 601 314 649 Quod
347 602 419 638 nisi
450 614 510 640 me
542 602 686 641 afflicta
709 603 903 650 valetudo,
937 604 1212 642 immoderatae
1235 605 1448 643 affectionis
1470 604 1573 641 haud
1597 605 1714 642 dubia
1746 605 1989 650 stimulatrix,

206 658 490 707 impedivisset,
534 662 655 709 primo
689 673 843 711 quoque
877 666 1046 711 tempore
1079 662 1307 701 Benatikam
1340 664 1593 700 excurrissem
1625 674 1762 710 meque
1793 662 1846 701 M.
1882 663 1990 700 Tuae

203 716 251 753 ad
284 728 434 755 omnem
466 719 767 757 satisfactionem
799 725 990 770 promtum
1022 721 1217 759 stitissem.
1259 720 1348 758 Jam
1381 721 1471 768 quia
1502 721 1579 758 sors
1611 722 1664 758 ita
1695 721 1793 767 tulit,
1829 725 1870 758 ut
1890 722 1993 769 prior

203 774 257 812 M.
290 774 375 811 Tua
414 775 578 824 Pragam
612 779 769 825 veniret,
804 778 966 827 supplex
999 778 1046 815 ad
1080 779 1134 816 M.
1167 779 1290 816 Tuam
1323 780 1456 825 venio,
1489 790 1555 826 per
1588 778 1661 816 Dei
1693 779 1991 816 misericordiam

207 844 330 880 orans,
364 834 418 870 uti
454 834 546 871 mihi
578 834 676 872 hane
708 838 986 874 atrocissimam
1019 837 1267 874 offensionem
1301 836 1507 874 christiano
1531 837 1658 873 animo
1679 838 1857 876 remittat.
1908 837 1990 885 Ego

207 897 340 928 contra
372 903 472 940 quae
505 892 582 929 dixi
616 892 678 931 vel
710 896 844 943 scripsi
876 896 914 930 in
946 894 999 932 M.
1032 894 1140 932 Tuae
1171 905 1387 943 personam,
1420 895 1582 941 samam,
1615 895 1799 932 honorem
1832 901 1868 932 et
1901 894 1994 932 doc-

206 949 357 996 trinam,
392 950 453 987 vel
489 961 719 1000 quocunque
752 953 828 989 alio
870 952 985 989 modo
1016 953 1313 1001 injuriosissima
1350 953 1400 999 (si
1431 952 1537 989 nulla
1568 952 1698 990 valcat
1730 953 1766 988 in
1799 953 1994 990 meliorem

203 1011 350 1056 partem
382 1008 666 1058 interpretatio)
699 1012 755 1047 uti
786 1009 904 1062 (quod
938 1022 983 1047 ex
1016 1012 1143 1048 animo
1167 1010 1297 1060 doleo)
1330 1009 1408 1046 dixi
1439 1011 1651 1059 scripsique
1684 1021 1798 1059 quam
1830 1010 1996 1060 plurima

204 1070 240 1102 et
272 1064 383 1113 plura
417 1077 534 1114 quam
567 1069 825 1115 meminerim,
865 1070 992 1105 omnia
1027 1075 1065 1106 et
1095 1068 1248 1116 singula
1277 1079 1436 1115 revoco,
1480 1070 1601 1114 irrita,
1633 1067 1731 1105 salsa
1763 1073 1800 1106 et
1829 1069 1993 1118 probatu

207 1123 467 1172 impossibilia
498 1130 637 1173 sponte
671 1131 707 1163 et
738 1128 903 1175 ingenue
935 1137 1103 1175 agnosco
1144 1132 1260 1174 atque
1291 1128 1516 1175 pronuncio.
1579 1126 1710 1175 Neque
1744 1127 1843 1165 enim
1875 1127 1995 1164 ullum

204 1181 351 1218 facinus
395 1187 608 1230 patratum,
650 1188 716 1221 aut
748 1184 865 1221 ullam
904 1190 1052 1233 partem
1090 1185 1304 1222 honestatis
1337 1197 1359 1221 a
1390 1183 1442 1220 M.
1477 1184 1562 1221 'rua
1602 1196 1772 1233 unquam
1810 1184 1995 1222 violatam

206 1239 266 1276 vel
301 1238 380 1276 vidi
414 1239 475 1277 vel
508 1240 655 1279 audivi.
697 1241 737 1279 Si
759 1242 850 1291 quid
882 1243 1168 1291 suspicionibus
1191 1244 1306 1279 etiam
1338 1241 1491 1287 indulsi,
1523 1242 1707 1290 idemne,
1740 1247 1782 1279 ut
1804 1243 1994 1281 Christia-

204 1308 293 1333 num
338 1297 465 1345 decet,
511 1310 556 1335 cx
597 1301 723 1336 animo
764 1301 935 1348 ejiciam,
981 1301 1037 1337 sic
1068 1306 1109 1337 ut
1146 1301 1414 1349 protestationi
1456 1300 1686 1338 christianae
1728 1302 1991 1350 acquiescens,

206 1355 461 1393 temeritatem
493 1357 530 1392 in
563 1357 794 1406 suspicando
827 1359 992 1396 libenter
1024 1358 1109 1396 Deo
1142 1362 1425 1408 καρδιογνωστῃ
1455 1358 1588 1396 fateor.

344 1413 531 1451 Promitto
565 1416 679 1452 etiam
712 1417 815 1453 bona
844 1416 937 1463 fide,
981 1428 1041 1453 me
1074 1418 1110 1452 in
1142 1421 1356 1465 posterum,
1400 1416 1620 1464 ubicunque
1653 1420 1875 1454 versaturus
1908 1418 1991 1463 sim,

205 1481 280 1507 nou
316 1475 462 1509 tantum
494 1472 716 1522 hujusmodi
749 1473 956 1512 malesanis
987 1475 1157 1521 actibus,
1192 1474 1320 1522 dictis,
1354 1474 1464 1511 sactis
1497 1479 1534 1511 et
1564 1474 1683 1511 literis
1714 1475 1991 1521 abstenturum,

203 1528 269 1565 sed
304 1540 427 1578 neque
469 1529 547 1568 ullo
586 1537 700 1580 pacto
732 1531 785 1568 M.
819 1532 942 1570 Tuam
983 1532 1123 1580 injuste
1164 1537 1201 1569 et
1241 1543 1286 1569 ex
1324 1534 1522 1581 proposito
1565 1532 1816 1579 offensurum,
1867 1544 1992 1581 neque

205 1588 412 1635 quicquam
455 1588 558 1637 quod
598 1601 674 1626 non
717 1590 851 1628 deceat
893 1595 1025 1627 contra
1056 1589 1110 1630 M.
1145 1590 1268 1627 Tuam
1301 1591 1534 1627 moliturum.
1596 1589 1673 1627 Oro
1707 1596 1854 1636 autem,
1901 1593 1993 1639 quia

202 1644 349 1682 lubrica
384 1651 441 1683 est
472 1649 553 1684 vita
585 1647 772 1695 hominis,
807 1654 847 1685 ut
879 1649 910 1686 si
942 1648 995 1685 M.
1029 1648 1074 1685 T.
1107 1647 1407 1694 animadvertat,
1441 1660 1500 1685 me
1533 1648 1811 1697 imprudentem
1845 1650 1881 1684 in
1915 1648 1992 1686 tale

202 1702 293 1750 quid
327 1715 494 1752 vergere,
526 1716 585 1742 me
617 1707 690 1744 mei
724 1707 844 1755 ipsius
876 1706 1092 1754 admoneat,
1128 1707 1344 1755 experietur
1376 1707 1476 1743 enim
1507 1718 1567 1744 me
1600 1708 1843 1754 morigerum.
1891 1706 1991 1754 Quin

202 1762 276 1797 imo
317 1762 522 1810 polliceor,
561 1763 737 1801 daturum
777 1776 836 1802 me
878 1776 1056 1814 operam,
1102 1764 1207 1813 quod
1248 1764 1402 1812 quidem
1443 1776 1640 1813 nunquam
1684 1764 1811 1802 adhuc
1853 1766 1992 1802 mentis

202 1829 358 1867 compos
390 1821 587 1867 intermisi,
622 1827 663 1859 ut
696 1824 797 1859 omni
829 1834 968 1871 genere
1000 1822 1211 1860 officiorum
1234 1822 1287 1862 M.
1308 1822 1353 1861 Τ.
1386 1822 1545 1860 ulterius
1567 1822 1783 1860 devinciam
1807 1827 1844 1860 et
1866 1834 1991 1872 quan·-

202 1881 280 1913 tum
312 1877 405 1915 mihi
436 1879 621 1927 possibile
653 1885 710 1918 est
741 1883 1058 1930 superiorumque
1091 1892 1262 1918 meorum
1293 1881 1438 1929 patitur
1467 1882 1700 1927 auctoritas,
1743 1882 1779 1916 in
1813 1881 1991 1918 omnibus

201 1933 372 1973 honestis
414 1937 527 1974 rebus
567 1949 740 1987 quasque
772 1938 827 1978 M.
859 1939 967 1976 Tuae
1004 1944 1134 1987 gratas
1176 1938 1401 1976 intellexero
1442 1939 1673 1987 obsequium
1704 1943 1914 1988 praestem,
1955 1944 1992 1977 et

201 1993 257 2029 sic
288 1995 370 2041 ipso
402 1994 504 2032 facto
538 1995 814 2044 demonstrem,
859 1996 969 2034 aliter
1007 2009 1067 2034 me
1099 1998 1136 2032 in
1169 1996 1222 2035 M.
1255 1996 1363 2034 Tuae
1403 2008 1604 2045 personam
1648 2009 1732 2034 esse
1772 2001 1809 2034 et
1840 2008 1991 2046 semper

202 2051 318 2088 fuisse
362 2052 556 2099 affectum,
600 2067 715 2102 quam
755 2066 801 2092 ex
840 2055 906 2092 illa
947 2056 1059 2092 trium
1101 2056 1399 2103 septimanarum
1440 2056 1694 2103 intemperata
1740 2054 1991 2103 dispositione

203 2110 319 2145 animi
353 2115 388 2147 et
421 2113 589 2160 corporis
623 2112 752 2161 colligi
785 2117 946 2162 poterat.
1010 2113 1056 2150 Et
1087 2124 1232 2162 precor,
1265 2118 1307 2150 ut
1338 2112 1386 2150 ad
1418 2112 1456 2149 id
1487 2112 1759 2161 praestandum
1792 2125 1851 2151 mc
1884 2114 1990 2151 Deus

202 2166 373 2214 adjuvet.

339 2223 460 2266 Tycho
494 2223 781 2267 deprecationem
813 2225 906 2259 hanc
939 2225 1093 2260 libenter
1125 2226 1305 2268 accepisse
1342 2224 1482 2258 videtur
1513 2228 1548 2258 ct
1579 2224 1757 2269 Keplerus
1783 2226 1991 2260 Benaticam

199 2278 303 2312 rediit
320 2286 402 2324 post
420 2282 526 2316 trium
544 2283 808 2318 hebdomadum
825 2282 1022 2318 absentiam
1041 2283 1105 2326 („si
1122 2286 1195 2317 tres
1216 2294 1245 2317 c.
1262 2282 1508 2317 hebdomadas
1527 2283 1683 2317 eximas“
1712 2294 1821 2327 snpra
1838 2283 1991 2328 legimus

200 2336 412 2372 scribentem
445 2339 668 2383 Heluorum),
712 2346 747 2374 et
778 2351 842 2384 per
874 2351 1030 2375 mensem
1062 2339 1197 2383 Majum
1231 2340 1326 2384 apud
1360 2340 1567 2384 Tychoncm
1604 2340 1825 2377 versabatur.
1881 2341 1989 2375 Initio

200 2396 297 2430 Junii
317 2397 478 2430 Gratiam
497 2397 645 2433 rediisse
663 2398 869 2442 Keplerum,
897 2402 935 2432 ut
955 2398 1038 2433 inde
1057 2398 1226 2433 familiam
1243 2397 1278 2431 in
1297 2397 1502 2432 Bohemiam
1522 2398 1738 2443 traduceret,
1765 2399 1835 2434 hoc
1852 2399 1989 2443 Tycho-

201 2453 254 2488 nis
282 2454 486 2488 testimonio
515 2456 755 2491 confirmatur.
917 2447 919 2451 ’
1185 2448 1188 2450 q

342 2516 410 2553 Ego
439 2516 576 2553 Tycho
602 2517 733 2547 Brahe
761 2517 806 2546 de
833 2517 1080 2557 Ix'nudstrup
1106 2520 1144 2546 et
1168 2517 1407 2554 Uraniburg
1432 2517 1466 2546 in
1497 2526 1596 2555 regno
1622 2518 1769 2559 Daniae,
1802 2527 1889 2548 nune
1914 2528 1990 2549 vero

201 2563 318 2593 Sacrae
337 2561 430 2592 Caes.
450 2562 528 2599 Maj.
556 2563 658 2592 cliens
677 2564 710 2592 in
736 2573 806 2593 arce
824 2564 1003 2593 Bohemiae
1020 2563 1228 2593 Benuaticha
1254 2563 1423 2603 habitans7
1450 2567 1564 2593 notum
1592 2565 1672 2594 facio
1700 2565 1852 2595 omnibus
1869 2567 1901 2594 et
1924 2565 1990 2594 sin-

201 2609 287 2646 gulis
320 2609 414 2638 hasce
448 2607 573 2639 litteras
605 2610 802 2649 inspecturis
834 2612 1058 2650 cujuscunque
1085 2612 1187 2639 status
1214 2609 1382 2646 dignitatis
1409 2612 1439 2638 et
1476 2610 1677 2641 conditionis
1713 2612 1845 2652 suerint⁷
1874 2620 1989 2641 earun-

202 2656 274 2684 dem
302 2656 518 2684 exhibitorem
546 2656 792 2686 ornatissimum
830 2661 859 2687 et
886 2656 1145 2686 eruditissimum
1176 2657 1282 2686 xirum
1307 2655 1351 2686 M.
1379 2655 1570 2695 Keplerum,
1606 2658 1659 2690 111.
1688 2658 1836 2687 Ducatns
1863 2658 1991 2694 &tyriae

204 2702 354 2731 Statuum
380 2701 664 2744 Mathematicum,
699 2703 761 2733 hoe
792 2702 924 2732 labente-
957 2712 1041 2732 anno
1078 2703 1219 2743 epochae
1253 2701 1450 2731 christianae
1479 2704 1567 2734 1600
1594 2704 1633 2733 ab
1660 2704 1756 2733 initio
1783 2705 1903 2733 mensis
1931 2704 1988 2733 Fe-

202 2749 327 2777 bruarii
354 2757 458 2788 nsque
484 2748 525 2777 ad
548 2747 647 2778 finem
673 2749 773 2787 Maii,
810 2759 867 2789 per
895 2752 1034 2788 quatuor
1059 2750 1212 2779 nimirum
1244 2748 1484 2779 intercedentes
1518 2759 1643 2780 menses
1668 2759 1728 2790 pro
1755 2751 1871 2787 majori
1897 2755 1989 2790 parte

203 2795 255 2823 hic
280 2796 314 2823 in
341 2795 427 2824 dicta
453 2793 600 2825 Caesaris
626 2805 698 2825 aree
723 2795 927 2826 Bennaticha
951 2805 1079 2825 meeum
1112 2795 1213 2826 fnisse
1240 2804 1338 2834 seque
1370 2796 1494 2825 interea
1518 2797 1553 2826 in
1578 2806 1649 2826 meo
1676 2797 1827 2826 convictu
1854 2797 1990 2827 honeste

202 2842 340 2874 gessisse
367 2844 398 2869 et
423 2842 571 2881 apprime
599 2841 786 2879 diligentem
815 2852 946 2883 operam
972 2843 1007 2871 in
1024 2843 1188 2872 exercitiis
1207 2846 1237 2871 et
1257 2841 1374 2871 studiis
1393 2843 1621 2873 astronomicis
1646 2843 1858 2883 praestitisse,
1886 2843 1988 2873 inter-

205 2887 425 2916 mediantibns
463 2888 542 2917 meis
573 2890 681 2927 Justae
716 2888 956 2927 magnitudinis
995 2892 1025 2919 et
1058 2888 1330 2918 conformationis
1371 2889 1597 2919 instrumentis
1636 2891 1666 2918 et
1704 2889 1988 2919 observationibus

204 2932 444 2972 multiplicibus
477 2937 574 2972 atque
600 2935 756 2975 diutinis,
788 2940 970 2976 mutuaque
1004 2937 1089 2965 inte-r
1122 2944 1182 2964 nos
1215 2935 1253 2963 de
1287 2933 1412 2964 talibus
1445 2938 1543 2975 atque
1573 2934 1650 2965 aliis
1675 2935 1717 2964 ad
1742 2934 1987 2975 philosophiam

207 2979 403 3008 facientibus
431 2978 666 3011 collocutione:
701 2985 737 3011 ut
764 2983 895 3011 omnino
921 2982 1001 3011 mihi
1028 2982 1258 3021 persuadeam,
1292 2979 1386 3010 illum
1412 2981 1446 3010 id
1473 2982 1629 3021 temporis
1655 2990 1720 3010 non
1747 2982 1857 3011 minus
1884 2982 1988 3020 frugi*

207 3024 270 3052 fere
296 3025 348 3053 hic
374 3024 570 3064 collocasse,
605 3037 702 3068 quam
729 3029 755 3058 si
782 3029 909 3058 interea
935 3029 1023 3058 domi
1050 3028 1248 3065 desedisset,
1283 3028 1348 3056 imo
1382 3029 1408 3057 si
1442 3029 1567 3066 absque
1600 3027 1724 3057 invidia
1758 3027 1789 3057 id
1826 3027 1988 3058 affirmare

212 3068 335 3109 liceret,
360 3071 456 3108 longe
482 3073 610 3106 utilius.
646 3073 718 3112 Quo
745 3076 876 3105 nomine
902 3075 998 3104 ctiam
1025 3077 1094 3112 eius
1120 3074 1307 3113 praesentia
1332 3076 1363 3103 et
1390 3074 1592 3104 conversatio
1618 3074 1699 3103 milri
1716 3074 1878 3114 imprimis
1897 3078 1989 3112 grata

214 3116 342 3146 exstitit
358 3118 526 3160 multoque
545 3120 649 3151 adhue
665 3121 788 3158 gratior
807 3121 928 3164 futura,
948 3122 974 3151 si
994 3120 1105 3152 eadem
1121 3121 1155 3150 in
1173 3122 1341 3162 posterum
1359 3120 1490 3161 saepius
1510 3119 1681 3156 etvdiutius
1701 3120 1836 3152 concedi
1853 3121 1986 3161 pote-rit,
