2177 3408
462 188 702 224 Summarium
725 188 907 225 Historiae
932 189 1182 226 Astronomiae
1209 189 1333 227 seculo
1358 190 1458 229 ΧΠ.
1777 193 1861 239 593

62 303 165 349 1586)
183 303 220 339 in
238 303 383 340 vincula
399 305 584 349 conjectus
602 310 669 342 est.
705 306 806 352 Opus
823 306 975 342 Peuceri
992 307 1286 351 astronomicum,
1308 319 1380 353 quo
1399 308 1617 354 singularem
1635 307 1703 344 sibi
1720 310 1861 354 paravit

57 360 200 407 famam,
226 362 439 408 inscriptum
465 367 520 399 est
542 364 737 400 Elementa
762 364 966 400 Doctrinae
991 365 1035 401 cle
1060 366 1205 402 circulis
1229 368 1439 403 coelestibus
1465 372 1498 404 et
1516 367 1640 413 primo
1665 372 1766 403 motu
1793 367 1861 411 (ed.

57 419 275 464 Vitebergae
304 421 408 466 1551,
442 425 571 466 postea
597 422 742 466 saepius
767 425 967 468 recusum),
1002 424 1176 459 auxilium
1208 424 1313 460 affert
1344 426 1586 461 addiscendae
1618 427 1861 462 astronomiae

57 478 148 513 satis
182 479 426 523 commodum,
458 489 575 523 neque
615 488 700 515 vero
733 479 777 515 ad
812 479 941 516 altiora
976 481 1036 526 qui
1069 481 1166 519 illius
1201 483 1287 517 artis
1329 488 1415 519 sunt
1447 483 1601 519 studiosi
1639 483 1859 528 diriguntur:

65 536 279 579 „Elementa
303 547 370 572 nos
394 537 549 580 tradere,
574 548 647 572 non
673 541 820 573 exactas
847 539 1007 573 omnium
1033 555 1246 582 φαινομενων
1273 551 1400 577 causas
1427 543 1671 587 pervestigare
1688 546 1724 577 et
1743 547 1861 578 osten-

59 595 143 630 dere
169 594 356 639 volumus,
391 596 490 641 quod
521 596 590 631 alio
616 596 808 641 pertinet.“
837 617 879 621 —-
905 598 1185 635 Definitionibus
1210 600 1439 644 geometricis
1465 601 1548 636 inde
1575 601 1620 636 ab
1651 600 1754 635 initio
1781 610 1862 636 con-

53 652 256 697 junguntur
282 653 508 690 definitiones
534 655 816 700 astronomicae3
842 667 877 691 v.
902 667 933 691 c.
961 658 1182 702 quaestioni,
1211 659 1296 702 quid
1322 659 1368 693 sit
1392 663 1568 703 punctum
1594 659 1861 704 geometricum,

58 712 160 748 addit
184 713 450 757 quaestionem,
488 713 573 757 quid
601 714 647 748 sit
681 720 842 749 centrum
869 715 1064 760 sphaerae,
1099 716 1184 761 quid
1210 717 1282 751 sint
1307 717 1404 762 poli‘?
1454 717 1651 761 Postquam
1677 717 1862 762 quaesivit,

58 772 147 816 quid
173 772 220 807 sit
243 771 356 815 linea,
389 771 547 815 quaerit:
581 772 666 815 quid
692 773 739 807 sit
764 774 871 808 axis?
918 773 1077 808 Deinde:
1112 775 1198 819 quid
1224 775 1295 810 sint
1322 786 1490 819 corpora,
1525 774 1611 819 quid
1636 775 1682 810 sit
1707 777 1863 821 sphaera

58 830 280 866 materialis?
306 835 372 865 etc.

195 888 511 934 Deprehendimus
547 888 644 932 apud
669 889 870 924 Peucerum
907 899 1030 926 omnes
1057 901 1213 936 errores,
1249 892 1379 936 quibus
1406 891 1475 928 illis
1500 893 1723 937 temporibus
1749 898 1862 928 astro·

57 947 154 983 nomi
180 947 276 991 capti
300 946 526 992 tenebantur,
551 957 587 981 e.
609 958 641 990 g.
671 947 833 989 „coelum
860 953 916 983 est
933 959 1064 994 corpus
1083 950 1284 985 orbiculare
1311 961 1355 985 ex
1380 952 1530 987 materia
1548 952 1739 996 purissima
1758 953 1863 996 (aqua

60 1006 97 1041 in
121 1004 372 1041 tenuissimum
396 1004 492 1046 fusa)
522 1010 557 1040 et
581 1003 663 1040 luce
688 1005 852 1050 perfusa,
886 1005 1075 1041 densatum
1099 1017 1142 1042 ac
1167 1007 1362 1043 formatum
1395 1009 1555 1044 tornatili
1580 1009 1800 1045 rotunditate
1826 1010 1862 1045 in

59 1074 270 1109 compagem
304 1063 511 1099 solidiorem
544 1063 701 1107 plurium
742 1063 881 1099 orbium
921 1065 1020 1101 velut
1046 1071 1319 1111 excavatorum,
1359 1072 1440 1102 octo
1474 1073 1558 1103 sunt
1590 1068 1716 1103 orbes“
1752 1069 1861 1111 (inter

58 1123 206 1157 Terram
233 1126 269 1157 et
293 1122 419 1157 Lunae
445 1121 566 1157 orbem
600 1126 683 1156 sunt
716 1123 821 1158 orbes
855 1124 967 1169 aeris,
1003 1135 1120 1168 aquae
1146 1131 1181 1160 et
1205 1126 1316 1170 ignis⁷
1349 1125 1457 1170 plane
1484 1130 1524 1161 ut
1555 1127 1651 1170 apud
1679 1126 1861 1162 Geminam

57 1181 242 1225 Frisium).
305 1180 497 1223 „Cometae
530 1179 732 1214 consistunt
766 1181 802 1214 in
834 1181 1044 1217 elementari
1077 1183 1240 1228 regione3
1280 1183 1408 1219 stellae
1440 1188 1525 1219 sunt
1558 1189 1680 1228 partes
1714 1195 1861 1219 suorum

61 1238 222 1283 orbium,
248 1241 437 1273 moventur
460 1247 532 1272 non
556 1237 712 1283 propriis
738 1249 811 1290 per·
830 1249 867 1274 se
892 1240 1068 1286 motibuS,
1095 1242 1158 1276 sed
1186 1241 1451 1277 accidentiariis
1478 1242 1524 1277 ad
1549 1238 1686 1278 motum
1712 1242 1861 1286 orbium,

60 1296 191 1340 quibus
217 1296 424 1340 inhaerent;
457 1295 614 1330 medium
646 1296 769 1331 mundi
803 1303 958 1342 occupat
983 1300 1126 1335 Terra.“
1177 1301 1232 1334 De
1261 1300 1449 1344 Copernici
1474 1301 1614 1335 ratione
1639 1301 1729 1335 haec
1757 1300 1861 1335 affert

55 1355 258 1392 Peueerus:
287 1354 540 1398 „Aristarchus
567 1354 708 1390 Samius
734 1356 883 1391 Terram
907 1357 1026 1392 medio
1052 1357 1176 1393 mundi
1210 1363 1389 1393 exemtam
1415 1362 1451 1393 et
1476 1359 1553 1393 orbi
1578 1358 1785 1403 particulari
1810 1359 1861 1392 in-

56 1414 194 1449 clusam
217 1414 313 1448 intra
337 1413 465 1448 Martis
491 1416 526 1447 et
544 1413 693 1448 Veneris
719 1414 911 1458 sphaeram
937 1414 1136 1459 collocavit,
1164 1420 1200 1450 et
1225 1417 1384 1452 motibus
1417 1417 1610 1461 circumagi
1635 1417 1861 1462 particulari-

54 1472 122 1508 bus
148 1472 242 1508 circa
261 1472 392 1516 Solem,
418 1472 455 1506 in
480 1471 597 1507 medio
622 1472 746 1507 mundi
770 1473 956 1508 immotum
981 1484 1079 1509 more
1107 1474 1302 1520 stellarum,
1329 1475 1450 1521 finxit;
1479 1474 1612 1510 similes
1638 1475 1860 1519 hypotheses

57 1532 287 1577 Copernicus,
313 1531 470 1566 omnium
496 1530 558 1576 qui
581 1535 664 1575 post
689 1531 938 1567 Ptolemaeum
970 1533 1014 1568 de
1037 1532 1199 1569 doctrina
1225 1538 1404 1569 astrorum
1439 1535 1662 1578 scripserunt
1688 1543 1860 1576 summus,

56 1591 103 1626 ad
128 1601 212 1626 suas
238 1589 562 1625 demonstrationes
587 1590 793 1625 assumsit.“
837 1591 1009 1626 Veterum
1034 1602 1118 1626 vero
1150 1592 1308 1628 rationes
1337 1592 1594 1637 praeferendas
1626 1602 1705 1626 esse
1733 1592 1861 1635 (oper-

57 1651 209 1685 nicanae
234 1652 358 1684 censet
375 1648 569 1692 Peucerus,
599 1658 664 1689 „ne
681 1648 843 1683 novitate
867 1649 1125 1694 hypothesium
1154 1649 1385 1685 offendantur
1409 1656 1472 1685 aut
1489 1651 1751 1686 conturbentur
1776 1650 1859 1683 tiro<

57 1711 159 1745 nes“.
185 1728 227 1732 -
253 1707 297 1742 In
321 1706 440 1751 capite
467 1706 511 1741 de
537 1706 733 1752 eclipsibus
760 1706 867 1743 affert
891 1708 1069 1753 quaedam
1095 1708 1139 1743 de
1164 1709 1298 1743 lumine
1324 1713 1360 1743 et
1386 1707 1566 1743 coloribus
1590 1708 1717 1742 Lunae
1743 1706 1860 1748 variis,

56 1777 190 1811 eosque
218 1777 284 1809 „ex
308 1765 482 1801 mixtione
507 1770 660 1800 naturae
685 1765 775 1801 lucis
801 1767 927 1801 Lunae
953 1771 1061 1811 atque
1087 1768 1256 1802 umbrae“
1284 1767 1369 1802 oriri
1393 1771 1529 1803 censet.

192 1824 235 1859 In
259 1824 352 1860 libro
378 1823 422 1858 de
446 1823 684 1859 Dimensz'one
711 1824 842 1860 Terrae
869 1825 984 1869 (1554)
1019 1830 1146 1860 auctor
1180 1826 1246 1860 has
1281 1825 1391 1870 duas,
1425 1826 1462 1859 in
1494 1824 1624 1869 quibus
1656 1824 1769 1858 omnis
1801 1832 1858 1857 res

55 1887 227 1928 vertatur,
252 1883 474 1928 hypotheses
500 1882 603 1927 quasi
627 1882 749 1918 firmas
776 1887 811 1918 et
837 1888 955 1919 certas
980 1884 1198 1928 praemittit:
1228 1886 1258 1920 1.
1285 1885 1397 1918 Terra
1423 1888 1478 1918 est
1502 1883 1654 1927 globosa
1680 1892 1860 1925 unamque

57 1942 244 1979 constituit
270 1946 308 1976 et
331 1940 486 1976 absolvit
512 1951 709 1975 convexam
735 1941 974 1986 superficiem,
1000 1943 1035 1978 2.
1061 1943 1225 1978 acumina
1251 1942 1508 1977 altissimorum
1533 1942 1708 1977 montium
1733 1941 1862 1975 valles-

58 2012 127 2046 que
145 1999 459 2046 profundissimae,
487 2000 516 2034 si
534 1999 580 2034 ad
598 1999 709 2035 totius
729 2000 826 2045 globi
845 2011 889 2035 ex
908 2005 1061 2045 utroque
1081 2001 1257 2036 elemento
1278 2000 1422 2036 conflati
1441 2006 1695 2045 comparentur
1719 1999 1861 2044 molem,

55 2071 123 2096 nec
148 2059 357 2095 lacunosam
382 2068 460 2093 eam
487 2058 578 2093 adeo
605 2063 668 2094 aut
693 2059 959 2094 anfractuosam
984 2059 1153 2103 reddunt,
1181 2063 1221 2094 ut
1246 2058 1506 2094 rotunditatem
1530 2062 1671 2092 mutent
1695 2062 1757 2091 aut
1781 2067 1860 2091 sen-

59 2129 122 2155 sus
147 2118 274 2154 saltem
299 2117 426 2152 vitient
451 2127 493 2152 ac
519 2122 760 2162 corrumpant.
810 2118 979 2153 Pluribus
1005 2118 1134 2152 deinde
1158 2117 1413 2152 Eratosthenis
1440 2116 1614 2151 rationem
1641 2115 1800 2159 explicat
1826 2118 1861 2148 et

59 2177 284 2222 geometricis
320 2175 439 2211 firmat
476 2175 855 2213 demonstrationibus.
917 2177 1098 2212 Locorum
1135 2175 1378 2220 longitudines
1409 2174 1693 2218 latitudinesque
1732 2173 1860 2216 Regio·

62 2241 231 2272 montano
258 2236 348 2271 duce
374 2245 586 2280 aggressus,
618 2236 805 2271 lunaribus
832 2236 945 2271 utitur
969 2235 1183 2280 eclipsibus,
1217 2235 1526 2278 instrumentaque
1554 2232 1722 2268 describit
1748 2237 1861 2266 astro-

60 2294 212 2339 nomica,
238 2294 284 2329 ad
300 2293 374 2338 poli
393 2293 617 2329 altitudinem
635 2294 800 2339 Solisque
826 2295 944 2330 locum
970 2293 1223 2329 inveniendum
1248 2297 1345 2337 apta.
1379 2291 1656 2336 Regiomontani
1674 2295 1709 2325 et
1729 2291 1860 2334 Coper-

65 2353 135 2388 nici
160 2353 273 2388 utitur
297 2353 585 2397 trigonometria,
621 2354 811 2399 perspicue
836 2355 872 2388 in
899 2365 1003 2389 suum
1029 2364 1133 2388 usum
1158 2362 1277 2396 versa,
1305 2362 1376 2396 qua
1402 2350 1527 2385 eadem
1552 2350 1586 2390 ii,
1613 2349 1673 2392 qui
1696 2347 1859 2382 Euclidis

61 2413 294 2458 geometriam
317 2423 388 2447 non
406 2413 550 2457 penitus
576 2413 803 2456 abjecerunt,
830 2413 882 2446 uti
899 2416 1056 2456 possent.
1098 2411 1224 2445 Finem
1250 2410 1358 2454 hujus
1386 2407 1550 2453 opusculi
1573 2407 1660 2441 facit
1677 2406 1859 2440 Peucerus

63 2471 229 2507 addendo
257 2470 535 2516 descriptionem
559 2471 719 2506 locorum
744 2471 878 2506 Terrae
903 2480 1047 2513 sacrae,
1075 2475 1222 2504 auctore
1250 2466 1427 2511 „quodam
1444 2464 1625 2500 Brocardo
1650 2462 1858 2503 monacho&

64 2540 132 2565 nec
155 2540 226 2564 non
255 2529 553 2573 „explicationem
577 2529 716 2574 aliquot
740 2528 902 2564 locorum
925 2528 1129 2572 insignium,
1164 2532 1199 2561 et
1223 2526 1392 2561 historias
1428 2534 1493 2568 per
1517 2523 1583 2557 Ph.
1610 2520 1857 2556 Melanchtho-

61 2590 180 2624 nem“.
215 2586 437 2630 Conscripsit
462 2598 569 2631 porro
587 2587 770 2622 Peucerus
794 2586 831 2620 in
855 2597 961 2621 usum
987 2585 1230 2621 astronomiae
1256 2584 1499 2619 studiosorum
1517 2580 1725 2625 Loyisticen
1742 2582 1858 2613 astro-

59 2648 239 2683 nomicam
265 2646 409 2690 (1556),
442 2646 477 2680 in
503 2656 574 2690 qua
599 2645 750 2681 absolvit
775 2645 1022 2680 arithmeticae
1048 2644 1303 2688 sexagenariae
1330 2642 1484 2687 species,
1512 2637 1674 2674 dilucidis
1702 2635 1858 2679 explica-

0 2693 1 2699 *
58 2705 218 2741 tionibus
251 2708 287 2738 et
318 2703 411 2748 aptis
444 2703 617 2747 exemplis
652 2713 757 2744 usus,
799 2701 1166 2737 demonstrationibus
1204 2706 1325 2737 autem
1356 2699 1456 2742 justo
1489 2694 1731 2739 longioribus,
1765 2703 1858 2737 quae

62 2768 207 2798 nostrae
231 2761 340 2797 aetati
357 2762 473 2796 minus
492 2761 756 2805 probabuntur,
783 2772 862 2795 cum
884 2761 1032 2795 nimium
1049 2760 1193 2794 innixae
1212 2759 1284 2794 sint
1308 2755 1592 2792 theorematibus
1618 2752 1856 2798 geometricis

60 2820 212 2855 Annexa
237 2824 292 2855 est
319 2818 520 2863 „Logistice
544 2817 690 2862 regulae
708 2818 975 2861 Arithmeticae,
1002 2828 1109 2861 quam
1133 2817 1327 2861 Algebram
1353 2819 1388 2848 et
1416 2815 1562 2848 Cossam
1587 2814 1735 2855 vocant,
1763 2820 1856 2845 com—

60 2877 192 2923 pendio
219 2877 433 2922 explicata“.
475 2877 613 2911 Auctor
632 2875 809 2911 Stifelium
836 2876 1013 2920 sequitur,
1040 2885 1157 2919 usque
1181 2875 1227 2909 ad
1251 2873 1401 2917 gradum
1427 2870 1622 2906 secundum
1640 2868 1857 2914 procedens;

63 2937 121 2972 his
146 2936 265 2971 verbis
291 2935 492 2971 concludit:
522 2934 680 2978 „reliqua
703 2934 888 2978 requirant
913 2932 1067 2968 studiosi
1092 2944 1163 2967 una
1189 2943 1269 2966 cum
1288 2931 1448 2966 fontibus
1466 2929 1554 2973 ipsis
1581 2932 1616 2963 et
1635 2928 1856 2962 demonstra-

63 2995 221 3030 tionibus
247 3004 292 3029 ex
311 2992 450 3029 Stifelio
477 2997 513 3028 et
532 2992 685 3028 Cardani
711 2991 1011 3027 commentariis“.
1029 3010 1071 3013 —
1089 2990 1171 3024 Non
1195 2994 1336 3024 tantum
1361 2987 1626 3030 astronomiam,
1654 2984 1718 3020 sed
1742 2987 1856 3019 astro-

61 3053 195 3098 logiam
220 3052 372 3097 quoquel
396 3051 537 3087 colebat
554 3051 751 3096 Peucerus;
786 3049 1013 3085 adumbravit
1038 3048 1198 3083 diversas
1222 3047 1294 3082 illis
1319 3046 1540 3090 temporibus
1565 3045 1717 3079 usitatas
1743 3047 1856 3078 astro-

61 3110 196 3154 logicas
220 3110 376 3145 rationes
401 3109 524 3145 libello
549 3109 742 3154 inscripto:
773 3108 832 3144 De
854 3108 970 3144 variis
994 3107 1262 3142 divinationum
1283 3106 1474 3151 generibus
1499 3103 1628 3147 (1560).
1650 3123 1695 3127 —
1720 3100 1857 3135 Eadem

62 3169 149 3212 fere,
172 3179 266 3214 quae
289 3169 326 3203 in
349 3168 441 3203 libro
467 3168 511 3204 de
535 3167 677 3203 circulis
701 3167 919 3203 coelestibus
944 3164 1258 3210 deprehendimus,
1282 3163 1394 3218 refert
1419 3160 1570 3198 Peuceri
1593 3160 1683 3197 liber
1707 3158 1855 3203 inscripa

132 3228 258 3260 Kepleri
277 3227 376 3260 Opera
390 3227 475 3255 V111.
1538 3219 1580 3255 39
