2157 3398
274 142 357 187 660
678 139 916 177 Summarium
941 139 1121 176 Historiae
1144 139 1396 177 Astronomiae
1420 140 1541 177 seculo
1566 138 1662 177 XVI,

274 259 408 295 debent
433 258 469 293 in
494 258 561 293 hac
586 257 652 301 via,
682 267 726 291 ex
752 262 826 292 tam
853 258 959 293 variis
985 272 1201 299 φαινομενοις
1227 258 1413 293 collecta“.
1448 258 1502 292 De
1527 256 1661 292 circulo
1686 253 1801 291 lacteo
1819 255 1913 290 hanc
1929 254 2066 300 profert

276 317 511 352 sententiam:
538 326 623 359 pars
650 318 706 350 est
729 315 943 351 firmamenti
970 315 1140 350 continua
1166 320 1202 350 et
1227 315 1372 351 densior
1397 314 1476 350 aliis
1502 313 1666 359 partibus
1685 313 1787 358 coeli,
1812 313 1863 347 ita
1880 317 1919 347 ut
1945 313 2066 347 lumen

274 375 368 411 Solis
394 374 552 418 recipere
577 372 706 416 possit3
736 372 828 407 aliae
854 374 980 408 stellae
1007 373 1220 408 firmamenti
1237 374 1347 409 multo
1368 374 1551 408 densiores
1570 375 1654 407 sunt
1680 375 1715 405 et
1740 371 1844 406 aliter
1861 371 1930 405 hoc
1947 370 2066 404 lumen

276 432 465 476 recipiunt.
492 451 533 455 ——
560 431 602 465 In
628 432 878 467 astronomicis
906 432 1063 466 Clavium
1096 436 1255 467 veterum
1281 432 1394 476 magis
1420 442 1527 475 quam
1559 429 1798 465 recentiorum
1824 429 1958 473 placita
1983 439 2066 471 cog-

272 491 415 527 novisse
441 501 484 525 ex
509 491 579 525 hoc
605 490 711 526 ctiam
737 496 905 535 apparet,
932 490 1028 535 quod
1054 501 1147 525 anno
1177 491 1275 526 1605.
1301 490 1480 534 Tychonis
1509 498 1619 533 opera
1646 488 1802 523 nondum
1829 487 1965 531 legerat
1986 485 2066 529 (cfr.

274 549 342 585 vol.
361 549 408 584 ΙΙ.
435 561 469 593 p.
493 549 593 594 427),

408 608 491 642 Pari
526 608 709 653 diligentia
743 619 808 652 qua
846 607 882 642 S.
909 607 1061 640 Boscum
1098 606 1354 650 interpretatus
1387 611 1442 642 est
1478 606 1620 641 (navius
1656 604 1842 639 Euclidem
1870 603 1984 647 (1574,
2011 603 2066 647 89,

278 667 334 710 91)
362 653 397 701 et
422 666 666 701 Theodosium
694 667 821 710 (1586),
849 665 937 699 scite
963 664 1131 698 disseruit
1157 664 1200 698 de
1227 664 1419 699 astrolabio
1439 664 1565 708 (1093)
1593 663 1742 706 ejusque
1767 671 1847 706 usu,
1873 661 2070 696 theorema-

272 724 368 759 tibus
394 723 718 758 demonstrationes
744 727 938 758 annectens
965 723 1033 767 (cfr.
1061 725 1233 755 Delambri
1258 726 1337 759 hist.
1364 730 1444 759 astr.
1471 724 1535 756 vol.
1555 727 1588 757 ἱ).
1616 734 1647 764 p.
1666 725 1709 755 49
1729 721 1803 765 ss);
1829 720 1869 755 in
1893 719 2069 764 Epitoma

273 780 534 817 Aritkmetz‘cae
552 782 740 826 practicae
765 781 891 825 (1583)
923 781 1084 824 regulas,
1122 791 1213 824 quae
1238 782 1371 824 passim
1398 781 1602 824 divulgatae
1636 784 1753 820 erant,
1785 779 1820 812 in
1852 789 1961 813 unum
1987 789 2068 812 con-

273 839 385 885 gessit
410 840 594 880 volumen,
626 839 661 873 in
691 849 793 874 nsum
819 839 1031 873 discentium
1069 840 1330 884 conscriptum;
1369 840 1536 884 algebrae
1560 839 1701 883 regulas
1729 842 1763 872 et
1788 837 1916 881 praxin
1943 837 2068 880 (1608)

272 897 426 932 maxima
460 909 504 933 ex
538 902 641 941 parte
673 897 847 932 desumsit
881 908 924 931 ex
958 897 1087 932 Stifelii
1119 897 1282 942 algebra3
1318 898 1522 934 Geometria
1550 898 1717 942 practica
1744 896 1880 940 (1604),
1912 895 2070 939 undique

273 960 462 1000 congesta,
488 955 707 991 luculentam
732 954 882 999 praebet
906 954 1095 998 imaginem
1123 966 1262 1000 eorum,
1300 967 1391 1000 quae
1416 956 1657 991 mathematici
1684 954 1816 999 passim
1843 953 2071 998 profecerant

274 1015 309 1048 in
340 1015 409 1050 hoc
443 1013 626 1049 doctrinae
658 1024 806 1058 genere:
842 1013 1117 1057 descriptionem
1150 1014 1295 1048 exhibet
1329 1015 1448 1050 circini
1482 1013 1770 1059 proportionalis,
1796 1017 1871 1046 tum
1899 1011 2071 1055 temporis

273 1074 417 1116 inventi,
444 1072 652 1117 quadrantis
672 1072 820 1115 ejusque
840 1071 1033 1115 divisionis,
1060 1072 1222 1115 quadrati
1243 1072 1459 1117 geometrici,
1488 1083 1591 1106 usum
1611 1072 1737 1105 horum
1755 1071 2071 1105 instrumentorum

274 1130 460 1175 permultis
494 1130 665 1174 exemplis
697 1129 933 1172 adumbrans,
966 1130 1095 1174 praxin
1130 1130 1234 1165 docet
1267 1130 1473 1165 dimetiendi
1507 1129 1713 1164 altitudines
1748 1139 1815 1173 ope
1849 1128 2070 1171 angulorum.

276 1189 480 1224 umbrarum
506 1187 561 1222 vel
587 1187 832 1232 speculorum,
860 1191 895 1222 et
919 1187 1159 1231 investigandi
1192 1189 1459 1234 superficierum
1484 1188 1672 1233 planarum
1700 1197 1821 1230 areas,
1855 1198 1883 1219 v.
1912 1197 1940 1222 c.
1966 1186 2072 1220 trian-

275 1246 347 1289 guli
380 1256 424 1280 ex
454 1245 567 1280 tribus
602 1245 775 1280 lateribus
808 1245 1029 1289 (Tartaleam
1061 1247 1257 1290 imitatus);
1294 1248 1467 1282 rationem
1494 1246 1656 1281 diametri
1683 1246 1726 1280 ad
1752 1244 2071 1280 circumferentiam

275 1304 394 1347 prodit
415 1304 454 1339 71
477 1303 522 1338 ad
540 1303 606 1338 ‘293
627 1308 661 1337 et
690 1303 1000 1347 „propinquiorem
1029 1315 1134 1347 quam
1159 1304 1371 1349 Ludolphus
1399 1316 1419 1339 a
1438 1304 1560 1339 Collen
1587 1310 1622 1339 et
1643 1303 1919 1348 Christophorus
1939 1302 2074 1337 (3111011-

276 1364 469 1405 bergerus“
499 1362 514 1394 ’1
538 1361 582 1395 ad
601 1361 631 1405 3,
659 1362 721 1395 ’111
749 1387 757 1395 .
779 1388 785 1395 .
807 1389 814 1396 .
835 1386 844 1396 .
863 1372 974 1406 usque
993 1362 1037 1396 ad
1055 1363 1098 1398 20
1117 1372 1282 1396 numeros
1301 1362 1504 1399 decimales,
1540 1362 1766 1406 (Ludolphus
1791 1362 1963 1395 rationem
1981 1361 2073 1395 hanc

275 1429 367 1453 anno
394 1419 484 1454 1619
511 1419 730 1462 computavit
761 1419 805 1453 ad
831 1419 875 1454 3¹2
901 1419 1117 1464 decimales.)
1147 1440 1183 1445 ——
1212 1421 1427 1455 Immensum
1461 1421 1535 1455 fere
1569 1431 1659 1465 opus
1692 1419 1906 1463 conscripsit
1932 1419 2073 1453 Clavius

277 1478 319 1511 de
351 1477 563 1522 horologiis,
597 1478 807 1522 inscriptum
836 1478 1073 1513 Gnomonzssces
1094 1479 1179 1514 libra·
1213 1479 1326 1513 VIII.
1353 1479 1489 1523 (1581),
1517 1489 1587 1522 quo
1612 1478 1737 1513 eodem
1764 1488 1801 1512 se
1827 1477 1973 1512 exhibet
2000 1486 2073 1511 ver-

276 1541 390 1569 satum
418 1536 703 1580 compilatorem,
737 1536 798 1570 sed
823 1535 1075 1581 loquaciorem,
1103 1546 1208 1580 quam
1238 1536 1411 1580 gravitate
1438 1537 1578 1572 dicendi
1603 1547 1660 1571 res
1686 1535 1936 1570 illustrantem.

413 1593 607 1637 Keplerum
634 1593 743 1628 libros
765 1593 885 1635 Clavii,
913 1604 1002 1636 quos
1021 1593 1125 1628 modo
1155 1594 1318 1638 diximus,
1346 1598 1381 1628 et
1406 1606 1446 1629 ea
1466 1605 1557 1639 quae
1575 1595 1611 1629 in
1630 1593 1941 1629 observationibus
1961 1597 2073 1628 astro-

276 1651 423 1685 nomicis
450 1651 591 1686 Clavius
617 1651 797 1695 praestitit
829 1652 914 1686 satis
950 1656 1118 1686 accurate
1144 1653 1373 1696 cognovisse,
1406 1657 1556 1697 apparet
1589 1663 1633 1687 ex
1658 1652 1720 1694 iis,
1753 1662 1844 1696 quae
1879 1651 2013 1696 passim
2038 1651 2073 1684 111

278 1709 446 1752 operibus
474 1709 547 1744 suis
574 1708 679 1743 affert
704 1709 747 1743 de
775 1710 907 1745 Clavio.
952 1709 1010 1744 Sic
1035 1720 1079 1744 ex
1108 1710 1339 1751 „Geometria‘
1350 1711 1531 1755 11111011οἣιι
1559 1710 1670 1745 refert
1690 1710 1799 1744 Clavii
1817 1709 1961 1744 modum
1979 1720 2074 1744 com-

276 1767 426 1810 putandi
452 1766 612 1811 corporis
637 1771 845 1802 truncorum
871 1768 1074 1802 conicorum
1102 1770 1179 1813 (vol,
1206 1771 1261 1802 IV.
1287 1782 1320 1812 p.
1348 1770 1444 1811 569),
1471 1768 1555 1803 dolii
1581 1770 1639 1811 (11).
1668 1770 1763 1811 603),
1801 1768 2073 1803 demonstratio-

275 1834 354 1857 nem
386 1834 490 1858 areae
527 1825 693 1868 octogoni
719 1825 795 1867 (vol.
825 1829 862 1860 V.
892 1838 920 1867 p.
951 1828 1018 1869 96),
1055 1826 1271 1861 trisectionis
1305 1828 1423 1872 anguli
1453 1828 1510 1869 (ib.
1539 1830 1634 1871 110),
1671 1827 1830 1862 tabulam
1867 1828 2070 1869 .,cubicam“

279 1881 356 1921 (vol,
384 1885 408 1915 1.
434 1894 467 1924 p.
500 1885 562 1915 177
590 1888 620 1915 et
646 1885 686 1916 V.
715 1886 810 1926 606);
845 1893 863 1917 e
891 1884 1150 1919 Commentario
1183 1885 1217 1919 in
1246 1886 1441 1930 Sphaeram
1470 1886 1505 1920 S.
1534 1887 1640 1920 Bosci
1673 1887 1846 1920 rationem
1874 1887 1984 1921 Clavii
2009 1897 2072 1922 ex-

277 1939 378 1973 hibet
401 1939 583 1983 Keplerus
609 1940 809 1975 metiendae
836 1941 1089 1976 semidiametri
1116 1943 1248 1978 Terrae
1276 1945 1352 1987 (vol,
1371 1947 1427 1978 Vl.
1453 1957 1486 1987 p.
1510 1946 1599 1988 133),
1626 1944 1911 1979 observationem
1930 1944 2072 1989 eclipsis

279 1997 405 2032 solaris
442 2009 535 2033 anno
574 1999 672 2034 1567.
705 1998 814 2034 refert
851 2001 915 2033 vol.
942 2003 982 2033 11.
1019 2013 1050 2042 p.
1080 2004 1133 2043 78,
1159 2005 1238 2045 427,
1279 2002 1422 2045 eclipsis
1457 2002 1583 2037 solaris
1617 2002 1739 2036 totalis
1773 2012 1866 2037 anno
1900 2003 1989 2038 1560
2025 2006 2070 2036 ib.

279 2058 343 2088 309
371 2061 436 2090 010.

419 2113 518 2148 Sicut
537 2114 646 2149 Clavii
665 2124 774 2158 opera
790 2115 965 2160 Keplerus
984 2117 1116 2160 passim
1137 2122 1311 2153 memorat
1328 2117 1362 2151 in
1382 2118 1480 2153 libris
1504 2119 1588 2162 suis,
1607 2119 1657 2154 ita
1675 2119 1766 2153 alius
1785 2119 1979 2154 astronomi
1998 2124 2071 2153 tum

288 2172 458 2216 temporis
494 2173 730 2218 celeberrimi,
764 2175 950 2209 Antonii
982 2175 1151 2219 Mag¹ini
1178 2176 1414 2210 Bononiensis
1439 2176 1653 2220 professoris
1679 2177 1812 2221 scripta
1838 2177 1981 2222 saepius
2009 2189 2071 2212 00-

289 2235 436 2265 currunt
469 2232 503 2265 in
530 2234 736 2276 praemissis
770 2233 1019 2269 voluminibus.
1071 2235 1214 2269 Clavius
1245 2235 1397 2278 primum
1424 2236 1455 2269 ei
1480 2235 1597 2270 locum
1629 2235 1754 2270 tribuit
1778 2236 1870 2270 inter
1896 2246 1976 2281 eos,
2012 2236 2072 2281 qui

293 2290 543 2331 „geometriam
566 2291 783 2333 p1·acticam“
813 2296 1024 2334 tractarunt,
1053 2293 1192 2327 dicens:
1223 2293 1303 2336 „qui
1321 2294 1464 2328 tametsi
1482 2298 1621 2328 tantum
1639 2293 1814 2329 linearum
1833 2294 2072 2329 dimensiones

283 2344 405 2382 docuit
437 2347 483 2390 (in
509 2348 593 2380 libro
621 2351 658 2380 de
685 2352 858 2389 triangulis
891 2351 1000 2392 planis
1027 2356 1058 2383 et
1084 2354 1122 2383 dc
1152 2354 1279 2384 ratione
1314 2354 1518 2385 dimetiendi.
1559 2353 1690 2395 1592),
1727 2364 1768 2387 ea
1801 2357 1920 2388 tamen
1955 2354 2070 2398 copia,

283 2404 458 2448 doctrina,
484 2406 742 2449 perspicuitate
769 2412 898 2441 cuncta
923 2408 1087 2452 tradidit,
1115 2412 1153 2443 ut
1177 2409 1293 2443 locum
1319 2420 1394 2444 11011·
1416 2410 1520 2445 modo
1546 2411 1607 2451 iis,
1643 2412 1701 2455 qui
1729 2415 1811 2446 ante
1839 2411 2071 2455 scripserunt.

280 2462 345 2497 sed
371 2473 473 2506 spem
498 2464 654 2508 posteris
680 2465 842 2507 aequalis
869 2465 1014 2510 gloriae,
1041 2466 1172 2501 nedum
1190 2468 1346 2512 majoris,
1374 2468 1550 2504 ademisse
1569 2470 1765 2505 videatur.“
1803 2472 1919 2516 Opera
1937 2471 2071 2515 Magini

280 2521 523 2556 recensuimus
549 2521 619 2557 vol.
640 2523 666 2556 Ι.
693 2533 726 2566 p.
745 2524 824 2567 2517,
852 2534 943 2567 quae
962 2525 1140 2569 Keplerus
1167 2537 1245 2560 cum
1264 2525 1409 2570 Magino
1438 2539 1501 2571 per
1527 2528 1650 2563 literas
1673 2531 1745 2574 egit
1765 2532 1807 2566 de
1825 2531 1953 2565 Martis
1971 2534 2069 2564 motu

285 2584 320 2613 et
348 2579 391 2614 de
416 2580 719 2624 Ephemeridibus
747 2582 915 2625 leguntur
940 2583 1011 2620 vol.
1038 2584 1100 2618 ΙΙΙ.
1127 2596 1161 2628 p.
1190 2587 1233 2619 :⁷⁷37
1261 2595 1320 2629 ss,
1348 2585 1414 2619 494
1442 2596 1500 2621 ss..
1528 2587 1606 2622 VH.
1635 2589 1701 2622 443
1729 2599 1776 2625 ss.
1821 2589 1920 2632 Quae
1940 2591 2070 2633 Coper-

282 2637 383 2672 nicus
409 2637 452 2672 de
478 2639 697 2673 astronomia
733 2641 824 2674 bene
854 2642 997 2686 meruit,
1034 2641 1187 2677 libenter
1221 2643 1383 2687 agnoscit
1417 2644 1584 2688 Maginns
1621 2647 1699 2689 („id
1729 2648 1927 2691 praestitit,
1962 2653 2000 2682 ut
2026 2647 2070 2682 ad

282 2696 537 2730 astronomiam
570 2697 714 2740 penitus
745 2699 997 2742 perficiendam
1023 2699 1092 2735 hoc
1117 2705 1279 2745 tempore
1304 2701 1358 2736 vel
1391 2702 1477 2736 nihil
1511 2704 1652 2739 omnino
1678 2705 1839 2740 videatur
1865 2705 1989 2740 deesse
2015 2706 2069 2740 vel

284 2751 428 2787 minima
454 2752 607 2788 fortasse
636 2756 809 2791 correctio
836 2762 993 2792 motuum
1021 2759 1275 2803 aequaliiin1“),
1303 2760 1444 2795 minime
1470 2773 1552 2796 vero
1578 2762 1613 2796 in
1639 2768 1759 2807 partes
1784 2764 1913 2798 transit
1941 2764 2069 2808 Ceper-

282 2808 361 2843 nici.
412 2811 471 2855 Iis,
498 2822 589 2855 quac
614 2813 682 2847 vol.
709 2814 735 2848 I.
761 2825 794 2857 p.
822 2815 889 2850 284
922 2826 965 2849 ex
993 2816 1138 2859 Magino
1165 2817 1419 2862 desumsimus,
1455 2821 1544 2855 haec
1576 2821 1748 2856 addimus.
1802 2821 1909 2862 „Cum
1937 2823 2067 2867 001101-

283 2866 383 2902 nicus
408 2868 626 2913 hypotheses
655 2872 929 2915 excogitaverit,
963 2885 1054 2918 quae
1086 2874 1170 2910 licet
1196 2877 1240 2910 ab
1275 2876 1353 2920 ipsa
1387 2877 1492 2912 etiam
1526 2879 1718 2915 deflectant
1750 2880 2066 2925 verisimilitudine,

284 2924 434 2959 maxime
460 2930 577 2961 tamen
603 2929 859 2972 phaenomenis
885 2933 1124 2976 respondent,
1154 2934 1244 2968 nihil
1269 2946 1339 2969 non
1368 2942 1464 2969 recte
1492 2936 1738 2981 deprehendit,
1766 2937 1862 2980 quod
1887 2938 1931 2973 ad
1950 2945 2066 2976 motus

284 2987 320 3015 et
345 2984 569 3025 apparentias
596 2996 756 3030 quasque
789 2989 979 3024 salvandas
1006 2991 1099 3026 foret
1125 2995 1379 3028 necessarium.
1422 2995 1587 3030 Ceterum
1612 2995 1695 3040 quia
1719 2996 1775 3030 vel
1799 2996 1930 3041 ingenii
1949 3004 2065 3035 osten-

285 3040 383 3075 tandi
408 3041 544 3083 studio,
570 3043 623 3077 vel
652 3044 724 3078 suis
748 3046 798 3079 ita
822 3047 1021 3083 rationibus
1048 3049 1216 3085 inductus
1243 3051 1379 3095 Niceti,
1406 3052 1603 3090 Aristarchi
1628 3058 1664 3089 et
1688 3054 1837 3090 aliorum
1864 3057 1908 3091 de
1933 3058 2066 3097 Terrae
