2126 3388
192 179 277 222 822
870 171 953 205 Vita
976 170 1128 206 Joannis
1154 170 1311 215 Kepleri.

188 293 312 334 defuit,
335 293 409 336 jam
436 294 556 325 tamen
581 299 602 323 a
619 286 770 322 Platelio
797 286 832 321 in
858 285 1005 320 crastini
1031 285 1100 321 diei
1126 285 1330 321 necessaria
1357 284 1446 320 duos
1472 285 1628 320 florenos
1655 285 1798 321 sumsi.“
1836 285 1984 320 ‘Literae

190 351 321 394 Ursini,
349 358 439 393 quae
457 346 674 390 praemissas
692 347 839 379 secutae
865 347 960 386 sunt,
988 342 1094 378 datae
1120 349 1204 378 sunt
1231 343 1262 378 d.
1285 344 1336 378 14.
1355 343 1444 377 Dec.
1471 342 1723 388 Sobieslaviae,
1749 344 1811 378 ubi
1835 354 1899 387 per
1925 354 1985 377 an-

190 420 272 444 num
299 405 519 447 versabatur,
545 403 629 437 inde
654 401 861 436 Berolinum
887 400 1029 434 transiit
1056 401 1378 444 ,‚mathematicus“·
1401 400 1568 436 electoris
1593 400 1963 444 Brandenburgensis.
1999 400 2002 402 ’

326 461 450 496 Edidit
476 460 654 504 Keplerus
680 459 751 494 11οο
775 469 868 492 anno
894 457 1024 491 librum
1051 459 1293 502 germanicum
1326 458 1415 493 Vom
1442 458 1682 502 Geburtsjczhr
1708 457 1855 500 Christi,
1882 470 1985 503 quem

189 521 371 565 inscripsit
397 518 605 563 imperatori
630 516 820 557 Matthiae,
848 515 961 549 Lincii
989 515 1021 550 d.
1050 515 1106 550 25.
1132 516 1266 550 Martii.
1303 516 1524 560 Conscripsit
1540 517 1827 561 Responsionem
1843 518 1892 552 ad
1911 518 1987 553 Cal-

187 581 326 619 visium,
352 589 458 623 quam
485 579 515 612 ἴ).
535 578 642 612 Febr.
663 575 751 610 1614
777 573 926 617 WelsiO,
953 573 1015 608 ubi
1040 584 1104 617 per
1122 574 1260 618 aliquas
1280 574 1498 617 septimanas
1517 573 1734 617 morabatur,
1759 574 1987 619 Berneggero

188 639 467 680 Argentoratum
492 634 605 678 misit,
640 637 680 668 ut
709 633 843 677 „primo
880 642 1023 676 quoque
1057 637 1217 676 tempore
1243 632 1478 677 excudatur“,
1505 632 1661 667 addens:
1700 631 1878 667 Nundinis
1905 633 1987 667 Lin-

191 694 303 730 cianis
328 703 393 738 per
418 698 636 727 mercatores
662 691 800 726 mittam
827 691 872 725 ad
899 690 1164 734 typographum
1182 691 1341 736 Ecloyas
1361 691 1560 726 chronicas
1584 701 1663 724 cum
1689 690 1799 724 latino
1826 690 1989 734 exemplo

189 750 454 786 informationis
488 750 531 784 de
568 760 661 784 anno
696 748 828 784 Christi
867 747 991 782 natali.
1051 748 1092 782 In
1131 747 1315 783 codicibus
1349 748 1649 782 Pulkoviensibus
1689 748 1989 791 deprehendimus

192 810 431 852 fragmentum
455 806 696 851 inquisitionis
724 806 978 850 geometricae,
1014 805 1169 849 scriptae
1203 805 1235 840 d.
1262 807 1295 842 4.
1320 806 1530 840 Decembris
1558 806 1622 847 „de
1648 806 1837 848 triangulis
1863 807 1989 850 sphae-

191 867 294 902 ricis“
323 873 365 906 (v.
385 878 412 900 3.
429 878 464 909 p.
486 870 575 910 196),
604 876 710 908 quam
736 864 900 908 sequitur
926 863 956 897 d.
976 863 1116 898 7.·Dec.
1143 868 1358 908 conspectus
1384 863 1565 897 divisionis
1591 863 1729 898 numeri
1754 864 1798 899 60
1814 863 1849 899 in
1868 868 1989 907 partes

189 936 273 960 suas
309 935 389 959 cum
422 923 767 958 denominationibus
808 922 960 956 illarum.
1020 920 1313 957 Stereometriam
1346 921 1543 956 Doliorum
1583 921 1654 956 fine
1695 921 1778 956 anni
1811 922 1989 966 inceptam

192 993 282 1027 esse,
309 986 462 1027 apparet
488 992 532 1015 ex
558 981 613 1015 his
640 979 789 1024 Kepleri
820 979 937 1014 verbis
966 979 1037 1022 (16.
1064 979 1145 1013 Jan.
1173 980 1297 1023 tem:
1317 976 1413 1013 Cum
1429 978 1615 1025 superiori
1631 976 1841 1014 Novembri
1855 989 1989 1015 mense

193 1051 336 1077 novam
377 1043 535 1087 nuptam
579 1037 734 1075 domum
769 1035 1014 1073 deduxissem
1047 1039 1217 1083 tempore
1258 1034 1349 1081 tali,
1392 1035 1547 1083 quando
1581 1034 1763 1080 Austria‚
1797 1035 1991 1073 vindemia

194 1100 353 1147 copiosa
374 1108 444 1134 nec
465 1097 591 1132 minus
614 1105 803 1144 generosa
825 1093 1008 1137 collecta,
1042 1091 1215 1140 plurimis
1249 1093 1431 1129 onerariis
1463 1092 1627 1129 adverso
1650 1093 1832 1130 Danubio
1865 1095 1991 1130 missis

194 1168 286 1205 opes
310 1166 400 1192 suas
422 1154 563 1191 Norico
595 1158 726 1190 nostro
760 1151 959 1188 dividebat
989 1149 1158 1198 litusque
1183 1161 1294 1187 omne
1327 1150 1553 1187 Lincianum
1576 1152 1679 1190 vasis
1711 1152 1868 1188 vinariis
1891 1151 1991 1189 tole-

192 1214 305 1251 rabili
327 1213 449 1262 pretio
475 1211 678 1249 venalibus
701 1211 941 1248 obstructum
965 1207 1185 1245 videbatur:
1209 1209 1443 1246 conveniens
1466 1214 1547 1246 erat
1579 1208 1704 1246 officio
1728 1210 1852 1246 mariti
1875 1209 1990 1246 boni-

192 1283 266 1321 que
288 1272 406 1320 patris
428 1268 607 1315 familias,
641 1274 683 1306 ut
706 1268 836 1306 domui
857 1278 965 1304 meae
990 1265 1035 1303 de
1058 1268 1275 1304 necessaiio
1298 1271 1390 1315 potu
1412 1268 1682 1315 pimospicerem
1724 1267 1851 1304 Doliis
1873 1268 1989 1316 igitur

192 1331 341 1378 aliquot
373 1327 528 1365 domum
560 1327 676 1364 illatis
709 1332 747 1364 et
778 1325 954 1371 conditis,
988 1331 1076 1372 post
1109 1324 1190 1362 dies
1223 1330 1388 1373 quatuor
1421 1326 1527 1362 venit
1565 1325 1741 1362 vendito}
1773 1336 1858 1363 cum
1880 1327 1990 1374 virga

192 1388 406 1433 mensoria,
451 1397 527 1434 qua
566 1396 642 1423 una
675 1389 713 1422 et
744 1384 878 1421 eadem
922 1381 1038 1420 cados
1070 1375 1287 1430 promiscue
1320 1394 1452 1420 omnes
1485 1382 1702 1431 explolavit
1739 1385 1821 1421 sine
1854 1383 1990 1421 discri-

192 1448 306 1492 mine,
339 1445 422 1482 sine
454 1448 632 1492 respectu
666 1443 824 1491 figurae,
858 1442 940 1479 sine
973 1441 1268 1478 ratiocinatione
1301 1440 1363 1478 vel
1396 1441 1545 1478 calculo
1550 1470 1690 1481 .....
1742 1441 1838 1479 Cum
1870 1443 1987 1490 igitur

196 1504 438 1547 didicissem,
484 1513 596 1538 usum
629 1501 731 1538 hunc
763 1502 897 1547 virgae
930 1498 1200 1536 transversalis
1232 1499 1389 1548 publica
1420 1499 1483 1536 hic
1515 1500 1746 1537 auctoritate
1777 1500 1992 1538 stabilitum

194 1569 232 1601 et
259 1562 430 1610 juratam
469 1559 524 1596 illi
567 1570 785 1596 mensorum
828 1557 962 1604 fidem,
1010 1556 1134 1594 visum
1175 1562 1233 1594 est
1270 1559 1660 1595 non·inconveniens
1703 1568 1805 1595 novo
1838 1556 1987 1605 marito,

193 1631 337 1658 novum
369 1617 732 1655 mathematicorum
763 1616 938 1653 laborum
970 1615 1212 1664 principium,
1247 1615 1514 1652 certitudinem
1547 1615 1662 1664 hujus
1694 1616 1991 1664 compendiosae

194 1683 230 1716 et
262 1677 311 1715 ad
343 1688 422 1714 rem
453 1675 684 1713 familiarem
716 1674 1028 1724 pernecessariae
1061 1673 1313 1711 dimensionis
1345 1673 1394 1710 ad
1426 1673 1533 1722 leges
1564 1675 1821 1722 geometricas
1855 1674 1991 1724 explo-

193 1747 275 1774 rare
306 1733 646 1781 fundamentaque,
679 1735 712 1770 si
746 1744 845 1781 quae
878 1736 1018 1776 essent,
1052 1732 1090 1769 in
1122 1732 1247 1769 lucem
1279 1732 1456 1780 proferre.

330 1796 395 1830 His
422 1794 521 1829 addit
545 1793 726 1838 Keplerus
752 1793 849 1828 ι111110
880 1793 983 1828 1615:
1021 1792 1119 1830 Cum
1149 1788 1306 1827 libellus
1339 1791 1411 1827 iste
1443 1790 1727 1839 manuscriptus
1749 1801 1818 1838 per
1839 1801 1990 1828 meuses

197 1858 245 1891 1ss
280 1852 383 1902 apud
414 1851 615 1888 libraiium
648 1851 921 1899 Augustanum
967 1849 1205 1894 delituisset,
1249 1847 1540 1885 commendatus
1572 1847 1628 1884 illi
1661 1860 1683 1885 a
1713 1847 1846 1885 Marco
1880 1849 1992 1886 Wel-

195 1922 294 1958 sero,
326 1921 452 1958 neque
484 1914 613 1946 tamen
648 1910 750 1958 typis
783 1907 1048 1955 excuderetur,
1082 1909 1146 1944 vix
1170 1905 1337 1953 tandem,
1370 1906 1582 1944 Welser'o
1568 1918 1649 1954 Jam
1670 1892 1785 1943 rebus
1815 1896 1994 1944 humanis

196 1973 359 2015 exemto,
394 1966 569 2005 libellum
603 1978 728 2004 meum
763 1967 904 2003 extorsi
939 1965 1128 2005 detentori
1159 1963 1476 2013 postliminioque
1505 1965 1646 2013 r.ecepi
1681 1967 1885 2011 (Welserus
1904 1978 1992 2003 nun-

195 2030 265 2064 ciat
289 2027 447 2072 Keplero
475 2028 550 2071 (11.
577 2027 719 2069 Febr.J):
758 2027 952 2071 „proximis
987 2026 1233 2071 superioribus
1261 2026 1407 2061 diebusst
1437 2035 1475 2060 se
1501 2026 1683 2070 accepisse
1717 2025 1847 2061 librum
1872 2037 1994 2062 manu-

196 2089 378 2131 scriptum,
406 2085 506 2129 nulla
532 2095 616 2119 vero
643 2085 783 2119 ratione
811 2095 848 2120 se
874 2085 1093 2130 bibliopolae
1118 2084 1337 2128 persuadere
1356 2084 1529 2127 potuisse,
1557 2088 1597 2117 ut
1623 2083 1812 2118 editionem
1838 2085 1993 2128 propriis

197 2145 372 2182 sumtibus
404 2144 439 2178 in
466 2154 505 2178 se
538 2143 755 2188 susciperet;
789 2144 879 2187 „etsi
906 2144 999 2178 enim
1025 2143 1179 2187 fatetur,
1214 2143 1353 2177 illustre
1380 2141 1475 2185 apud
1501 2152 1623 2176 omnes
1656 2141 1819 2177 literatos
1846 2143 1994 2187 Kepleri

197 2215 326 2239 nomen
351 2202 496 2247 haberi,
522 2203 681 2246 negabat
705 2206 825 2236 tamen
851 2205 1101 2244 argumentum
1128 2200 1210 2235 libri
1235 2199 1426 2245 plausibile
1453 2203 1488 2233 et
1512 2199 1691 2235 vendibile
1717 2200 1846 2246 videri,
1881 2201 1993 2236 latina

197 2262 408 2308 praesertim
433 2261 591 2305 lingua“.
2030 2248 2033 2252 ’

337 2320 481 2354 Paucae
507 2321 702 2362 supersunt
727 2317 902 2362 epistolae
929 2317 1075 2362 Kepleri
1100 2317 1170 2351 hoc
1196 2327 1289 2351 anno
1308 2315 1352 2349 ad
1371 2316 1504 2350 amieos
1532 2315 1650 2351 datae.
1686 2317 1744 2351 Ex
1770 2327 1892 2352 eorum
1909 2327 1992 2352 vero

204 2376 511 2423 responsionibus,
541 2387 630 2420 quas
655 2376 713 2410 1110
740 2375 1002 2418 subjungimus,
1030 2379 1206 2419 apparent
1231 2384 1284 2418 ea,
1311 2383 1402 2418 quae
1429 2384 1509 2407 cum
1535 2373 1605 2408 illis
1633 2373 1716 2419 egit.

337 2434 531 2479 Keplerum
565 2434 780 2469 sententiam
812 2444 912 2467 suam
947 2434 990 2468 de
1023 2434 1071 2468 M.
1104 2432 1260 2467 Antonio
1297 2432 1340 2466 de
1372 2431 1533 2466 Dominis
1569 2432 1650 2475 (cfr.
1689 2432 1759 2467 vol.
1785 2434 1812 2467 I.
1845 2444 1880 2477 p.
1909 2434 1993 2477 659)

200 2492 468 2537 conscripsisse,
494 2491 562 2525 hae
590 2495 771 2525 testantur
796 2491 976 2525 Erasmi
1002 2501 1022 2524 a
1048 2490 1385 2533 Stahremberg
1416 2489 1560 2524 literae:
1600 2490 1821 2531 „Admodum
1853 2502 1909 2526 me
1935 2492 1994 2526 de-

199 2553 379 2588 lectarunt
403 2550 529 2584 literae
547 2552 640 2590 tuae,
665 2549 820 2592 chlere
840 2549 1053 2584 amicissime
1072 2553 1107 2583 et
1127 2548 1350 2592 doctissime3
1377 2547 1479 2581 video
1506 2547 1598 2582 enim
1623 2552 1658 2582 te
1683 2553 1723 2583 ut
1740 2549 1994 2593 philosophum

199 2610 307 2646 animi
331 2607 567 2644 constantiam
593 2611 628 2641 et
652 2606 908 2642 firmitudinem
945 2607 1051 2642 etiam
1077 2607 1113 2641 in
1140 2607 1264 2642 aulicis
1297 2606 1467 2651 procellis
1500 2605 1759 2641 fluctuantibus
1792 2606 1992 2648 retinuisse,

200 2678 317 2713 neque
350 2667 419 2701 mei
449 2665 653 2700 memoriam
678 2665 784 2709 plane
817 2665 1006 2709 abjecisse.
1056 2666 1171 2709 Perge
1196 2666 1232 2700 in
1256 2669 1442 2709 posterum
1467 2675 1532 2699 nos
1567 2675 1702 2709 amare,
1737 2664 1830 2699 idem
1862 2665 1905 2698 de
1938 2675 1993 2698 me

202 2736 345 2772 quoque
371 2724 435 2760 tibi
461 2723 666 2768 pollicearis
692 2733 809 2767 neque
846 2723 1035 2767 quiequam
1073 2724 1116 2758 de
1141 2734 1221 2758 meo
1247 2724 1283 2757 in
1309 2727 1344 2758 te
1371 2733 1492 2758 amore
1518 2722 1672 2757 dubites.
1720 2723 1791 2767 Ea,
1829 2733 1920 2766 quae
1954 2722 1996 2757 de

202 2784 485 2828 Archiepiscopo
512 2781 715 2825 Spalatensi
740 2781 879 2825 innuis,
914 2781 1115 2824 gratissima
1146 2781 1310 2826 fuerunt3
1345 2781 1508 2825 pervenit
1541 2791 1628 2816 sane
1659 2785 1764 2815 antea
1796 2781 1841 2815 ad
1866 2791 1993 2816 manus

203 2842 358 2887 epistola
387 2841 482 2875 illius
516 2839 620 2874 valde
650 2838 727 2884 pia,
761 2839 991 2874 memoranda
1025 2843 1060 2873 et
1086 2840 1191 2875 docta
1197 2865 1313 2875 .....
1364 2840 1421 2874 En
1446 2850 1553 2884 quam
1587 2838 1764 2873 mirabilia
1788 2838 1860 2873 sint
1885 2848 1994 2882 opera

204 2900 281 2942 Dei,
307 2900 343 2933 in
367 2899 565 2934 meditullio
592 2903 626 2933 et
652 2898 847 2933 visceribus
874 2898 1018 2943 Italiae,
1056 2909 1174 2933 coram
1200 2898 1291 2933 facie
1319 2898 1504 2934 Pontificis
1529 2899 1626 2934 nasci
1651 2902 1686 2933 et
1711 2891 1842 2931 exoriri
1864 2908 1994 2932 novum

206 2958 304 2992 sidus
332 2962 367 2992 et
390 2958 510 2992 lumen
535 2957 741 3001 Evangelii,
776 2958 871 3002 quod
896 2958 933 2992 in
959 2958 1150 3001 Germania
1175 2958 1310 3001 origine
1337 2962 1477 3002 natum,
1504 2967 1578 3002 per·
1594 2955 1834 2991 dissensiones
1860 2960 1896 2990 et
1920 2955 1993 2990 fac-

207 3015 323 3050 tiones
349 3015 581 3059 curiosarum,
609 3015 653 3050 ad
679 3015 832 3050 salutem
857 3015 973 3050 minus
998 3016 1284 3054 necessariarum
1309 3016 1570 3060 quaestionum,
1594 3013 1747 3049 nubibus
1767 3013 1994 3049 obscuratum

208 3075 244 3106 et
268 3072 369 3115 quasi
394 3073 625 3117 exstinctum,
660 3073 696 3106 in
732 3073 811 3117 ipsa
834 3073 940 3108 Italia
972 3073 1068 3108 faces
1094 3073 1203 3118 hujus
1230 3073 1457 3118 evangelicae
1493 3073 1582 3108 lucis
1608 3076 1644 3106 et
1667 3073 1825 3108 veritatis
1850 3076 1994 3117 aposto-

209 3128 299 3164 licae
323 3130 450 3164 iterum
475 3130 622 3166 accendi
647 3131 813 3176 viamque
839 3131 967 3166 harum
994 3131 1256 3168 dissensionum
1282 3130 1609 3178 componendarum
1635 3131 1807 3167 ostendi.“
1850 3131 1915 3167 His
1933 3130 1994 3166 ad-
