2126 3388
831 180 886 216 De
911 180 1059 227 Kepleri
1084 180 1231 218 familia.
1846 180 1928 226 935

135 300 282 347 manni,
316 301 382 349 qui
412 301 450 337 in
483 300 661 351 Eltingae
693 312 794 352 pago
826 312 943 352 prope
975 301 1200 352 Leobergae
1231 302 1365 340 urbem
1394 302 1468 340 sito
1501 311 1716 352 cauponam
1747 299 1848 339 idem
1892 307 1931 340 et

135 358 412 408 praefecturam
455 359 604 398 habuit.
664 359 897 398 Praesertim
937 360 1112 409 conjugis
1153 360 1242 398 dote
1286 360 1441 409 adjutus
1481 359 1670 398 Henricus
1705 358 1928 408 Leobergae

137 423 173 454 et
206 416 360 454 domum
394 422 431 455 et
462 429 574 466 agros
606 418 679 455 sibi
713 419 912 467 paravisse
945 419 1117 466 videtur,
1151 429 1248 467 quos
1279 425 1429 456 mortuo
1451 420 1588 455 marito
1621 423 1658 455 et
1689 423 1811 456 mater
1844 419 1929 467 ipsa

141 474 259 512 coluit
290 481 327 512 et
359 475 499 514 liberos
532 487 687 524 quoque
719 475 1046 526 (Margaretham,
1079 476 1291 524 Joannem,
1326 476 1556 522 Henricum,
1590 473 1928 529 Christophorum)

130 533 211 581 jam
244 533 331 570 inde
365 546 386 570 a
418 534 546 583 pueris
579 534 836 581 agriculturae
868 535 1087 572 assuefecit.
1131 535 1247 572 Pater
1278 536 1390 581 enim,
1423 534 1532 583 cujus
1554 535 1723 571 animum
1745 538 1928 584 paternae

133 591 355 639 opulentiae
387 598 646 642 paternaeque
679 594 716 628 in
740 592 868 630 Wilae
893 593 985 631 urbe
1019 594 1262 630 auctoritatis
1284 594 1469 631 memoria
1501 592 1661 642 subiret,
1693 603 1778 630 cum
1801 603 1927 641 neque

132 649 272 692 Wilae,
307 661 383 698 qua
407 652 457 686 rin
474 650 565 688 urbe
590 652 834 687 matrimonio
856 653 950 688 inito
973 650 1215 700 aliquantum
1248 653 1430 701 temporis
1462 650 1665 696 habitavit,
1698 662 1822 699 neque
1855 663 1930 701 po-·

133 713 216 745 stea
250 707 492 756 Leobergae,
534 719 659 755 neque
693 708 991 757 Elmeudingae,
1037 720 1114 757 quo
1156 709 1259 746 facta
1300 710 1446 757 maj0re
1490 708 1667 746 fortunae
1694 709 1847 757 jactura
1879 720 1925 746 ex

133 765 335 813 Leoberga
366 765 551 803 familiam
583 766 851 813 transtulerat,
894 769 930 802 in
962 778 1118 804 suarum
1156 778 1281 804 rerum
1321 767 1511 816 angustiis
1543 771 1580 804 et
1613 767 1824 815 exiguitate
1856 778 1925 805 ac-

133 825 330 872 quiescere
363 830 512 873 posset,
544 824 707 873 primum
740 836 770 861 c.
802 837 837 862 a.
874 828 982 862 1574
1018 824 1279 874 Hispanorum
1313 829 1349 862 et
1380 825 1672 862 Austriacorum
1705 830 1830 862 castra
1862 837 1926 864 se-

133 887 243 919 cutus
275 887 343 919 est.
406 882 618 930 Postquam
651 887 781 920 autem
814 895 847 919 a.
877 886 982 921 1579
1018 882 1174 919 domum
1206 884 1375 929 revertit,
1408 882 1508 920 adeo
1540 893 1617 920 uon
1649 887 1751 920 sorte
1784 894 1855 920 sua
1887 889 1925 921 et

132 940 245 977 rebus
277 939 498 977 domesticis
531 946 733 978 contentus
778 945 876 986 erat,
920 946 961 977 ut
1002 942 1073 978 sub
1106 952 1248 977 annum
1284 944 1390 979 1589
1431 942 1567 977 iterum
1606 941 1769 990 patriam
1807 940 1926 978 relin-

132 1003 265 1046 queret
296 999 378 1036 sine
420 997 557 1036 reditu.
621 998 741 1046 Cujus
774 998 821 1036 de
852 999 1005 1036 fortuna
1042 1000 1253 1048 posteriore
1285 1011 1331 1036 ex
1364 1000 1482 1036 variis
1519 998 1664 1035 tabulis
1705 998 1923 1046 gentiliciis‚

131 1068 232 1104 quae
263 1057 376 1093 nobis
407 1056 535 1093 aditae
567 1062 667 1101 sunt,
702 1056 794 1092 nihil
829 1062 1064 1106 compertum
1097 1062 1167 1094 est.
1208 1056 1321 1094 Hanc
1344 1063 1541 1107 paternam
1564 1068 1688 1105 vagae
1709 1057 1924 1094 liberioris-

135 1126 210 1162 que
242 1116 347 1152 vitae
379 1114 598 1164 cupidinem
630 1114 822 1152 Henricus
854 1115 955 1152 filius
988 1120 1119 1165 (natus
1155 1117 1283 1163 1573)
1323 1127 1345 1152 a
1377 1120 1483 1164 patre
1526 1116 1722 1164 accepisse
1756 1115 1918 1161 videtur,

131 1179 168 1209 et
201 1172 291 1220 quid
324 1172 516 1222 Keplerus
558 1174 639 1221 ipse
672 1172 718 1210 de
749 1173 874 1210 fratris
906 1175 987 1210 vita
1019 1178 1055 1211 et
1094 1174 1247 1210 fortuna
1279 1172 1436 1219 dixerit,
1476 1172 1556 1221 jam
1598 1184 1713 1222 supra
1748 1175 1802 1219 (p.
1834 1175 1919 1219 828)

131 1230 344 1268 retulimus.
398 1231 532 1278 (Hunc
572 1231 782 1269 Henricum
819 1231 1021 1279 reliquisse
1066 1230 1160 1268 duas
1199 1230 1360 1277 filiolas,
1404 1231 1545 1279 quibus
1577 1230 1751 1268 Joannes
1794 1237 1924 1269 noster

133 1294 318 1336 quantum
361 1290 488 1338 potuit
527 1289 713 1326 auxilium
754 1290 918 1336 ferebat,
962 1291 998 1326 in
1039 1289 1202 1327 historia
1242 1288 1402 1341 „judicii
1440 1289 1597 1327 matris“
1646 1289 1789 1326 dictum
1835 1291 1925 1338 est.)

132 1346 275 1384 Contra
309 1347 573 1396 Christophori
604 1348 730 1384 fratris
761 1353 898 1385 natura
929 1359 975 1385 ex
1008 1350 1196 1394 omnium,
1237 1359 1333 1396 quos
1366 1347 1412 1385 de
1444 1359 1489 1385 eo
1523 1347 1729 1393 habemus,
1762 1348 1926 1384 nuncio-

131 1416 214 1442 rum
246 1416 434 1443 consensu
466 1417 489 1443 a
519 1411 646 1454 patre,
691 1406 805 1443 fratre
848 1406 1095 1445 alienissima.
1156 1406 1370 1443 Bractearii
1411 1398 1526 1443 enim'
1552 1404 1755 1443 artificium
1789 1405 1924 1443 doctus

135 1475 221 1500 cum
253 1463 398 1501 diutius
430 1475 497 1512 per
529 1463 777 1501 Germaniam
808 1465 1013 1512 migrasset
1045 1470 1082 1501 et
1113 1465 1152 1501 in
1184 1463 1536 1512 Wiirttembergico
1569 1474 1724 1512 quoque
1756 1466 1925 1501 exercitu

134 1521 350 1567 militasset,
384 1521 621 1570 Leobergae,
656 1528 697 1559 ut
730 1522 892 1560 eandem
925 1527 1118 1560 exerceret
1149 1526 1292 1568 artem,
1331 1522 1504 1560 consedit
1536 1522 1666 1570 ibique
1700 1521 1924 1559 vexillario-

130 1592 213 1617 rum
244 1581 427 1629 magister
457 1581 582 1618 factus
615 1588 683 1618 est.
744 1580 996 1630 Margaretha
1028 1579 1165 1618 deinde
1198 1591 1305 1618 soror
1337 1578 1443 1632 (nata
1465 1592 1500 1619 a.
1528 1577 1664 1630 1584),
1698 1591 1797 1628 quae
1821 1579 1924 1617 domi

130 1638 313 1676 manebat
345 1650 467 1687 usque
499 1638 548 1676 ad
572 1646 607 1677 a.
633 1642 754 1685 1608,
789 1651 811 1676 a
832 1643 951 1676 matre
984 1638 1256 1677 honestissime
1289 1638 1453 1676 educata
1487 1650 1570 1676 esse
1603 1636 1766 1676 videtur.
1815 1636 1924 1685 Qua-

130 1708 215 1734 cum
250 1696 423 1734 Joannes
456 1699 685 1745 commercia
716 1696 854 1734 habuit
884 1697 1051 1734 fraterna
1093 1696 1326 1746 eademque,
1372 1708 1457 1734 cum
1485 1697 1565 1745 jam
1599 1695 1754 1734 adultae
1788 1695 1924 1733 condi-

129 1757 272 1793 tionem
304 1755 421 1792 frater
460 1760 661 1803 quaereret
700 1755 926 1802 honestam,
967 1754 1101 1792 eodem
1145 1766 1246 1793 anno
1277 1756 1522 1793 matrimonio
1562 1754 1696 1802 juncta
1737 1758 1796 1791 est
1839 1765 1924 1791 cum

132 1812 303 1861 Georgio
336 1811 517 1860 Bindero,
551 1813 780 1851 Heumaden
815 1815 889 1851 vici
920 1819 1088 1862 pastore,
1123 1813 1232 1861 cujus
1259 1813 1470 1862 permultos
1493 1824 1616 1850 annos
1638 1813 1923 1850 matrimonium

129 1873 254 1909 tenuit
287 1870 564 1911 felicissimum.
619 1871 727 1909 Alios
761 1871 927 1920 denique
959 1871 1117 1920 Kepleri
1149 1871 1285 1909 fratres
1318 1876 1392 1909 tres
1424 1871 1641 1909 invenimus
1674 1875 1822 1908 mature
1856 1869 1924 1910 de-

128 1930 304 1967 functos:
337 1929 547 1967 Sedaldum
580 1928 674 1981 (nat.
712 1931 864 1977 1576),
905 1929 1100 1967 Joannem
1132 1929 1370 1968 Fridericum
1403 1929 1455 1978 (u.
1493 1927 1618 1976 1579)
1660 1933 1697 1966 et
1728 1927 1923 1967 Bernhar-

130 1988 218 2025 dum
253 1994 309 2033 (n.
347 1987 486 2034 1589).
519 2009 573 2015 ——

267 2045 405 2083 Matris
437 2057 530 2083 suae
562 2057 688 2084 mores
720 2045 896 2083 Joannes
928 2047 1010 2094 ipse
1043 2044 1148 2082 hisce
1182 2046 1309 2083 verbis
1343 2045 1545 2083 describit:
1584 2044 1773 2095 „Femina
1804 2045 1922 2081 mori-

128 2105 200 2141 bus
232 2116 380 2153 aspera,
415 2106 669 2149 contentiosa,
704 2105 985 2152 inquietissimo
1018 2105 1196 2152 ingenio,
1229 2116 1304 2153 quo
1337 2109 1461 2142 totum
1503 2102 1632 2140 turbat
1671 2103 1923 2151 municipium

128 2174 240 2200 suum
273 2163 424 2210 sibique
457 2168 590 2200 auctor
621 2167 679 2200 est
709 2163 886 2200 miseriae
920 2161 1193 2209 deplorandae.
1227 2165 1275 2207 (v.
1311 2175 1337 2198 s.
1370 2176 1406 2208 p.
1435 2163 1530 2206 361.)

275 2220 318 2257 In
350 2222 482 2258 rustici
514 2220 594 2257 filia
624 2220 739 2257 XVI.
772 2220 903 2258 seculo
942 2219 1058 2257 aliam
1096 2220 1242 2268 ingenii
1283 2219 1540 2256 conditionem
1574 2224 1611 2257 et
1643 2219 1923 2256 institutionem

131 2278 311 2324 infuisse,
347 2290 461 2326 quam
496 2290 595 2327 quac
628 2278 678 2315 ad
710 2290 769 2316 res
801 2277 1052 2323 domesticas,
1094 2289 1211 2326 opera
1242 2279 1384 2315 rustica
1424 2281 1491 2314 aut
1522 2276 1571 2314 ad
1604 2288 1660 2323 ea,
1694 2287 1793 2324 quae
1827 2287 1922 2314 cau-

128 2348 255 2385 ponae
287 2339 505 2374 rusticanae
537 2342 637 2384 sunt,
662 2337 826 2384 'negotia
846 2337 1064 2374 necessaria
1087 2341 1157 2382 est,
1191 2336 1277 2384 quis
1299 2334 1458 2373 credat?
1510 2334 1671 2372 Liberos
1703 2335 1846 2382 itaque,
1879 2339 1921 2371 ut

124 2396 204 2443 jam
237 2406 354 2443 supra
385 2394 528 2432 dictum
561 2400 638 2441 est,
680 2395 939 2444 agriculturae
971 2394 1197 2441 assuefecit,
1244 2396 1378 2431 ceteris
1410 2395 1448 2429 in
1479 2393 1592 2430 rebus
1635 2397 1811 2430 naturam
1842 2403 1919 2429 non

130 2459 293 2490 morata.
356 2452 532 2490 Joannes
565 2463 732 2501 quoque,
766 2454 945 2500 quamvis
978 2463 1136 2500 corpore
1169 2457 1270 2489 esset
1303 2451 1488 2497 invalido,
1523 2451 1748 2499 saepissime
1779 2450 1922 2487 morbis

129 2507 287 2556 vexato,
321 2510 449 2558 quoad
472 2510 729 2548 imbecillibus
750 2511 898 2547 viribus
929 2509 1008 2547 fieri
1031 2511 1169 2558 potuit,
1203 2521 1300 2558 opus
1332 2510 1423 2547 fecit
1454 2510 1492 2545 in
1524 2511 1638 2558 agris.
1680 2508 1759 2546 Nec
1789 2513 1919 2545 tamen
1971 2505 1975 2508 ’

130 2581 153 2605 a
183 2574 305 2606 matre
335 2568 554 2616 prohibitus
587 2574 663 2615 est,
707 2570 799 2616 quin
832 2567 1108 2616 Elmendingae
1141 2572 1179 2605 et
1210 2567 1435 2616 Leobergae
1474 2568 1511 2603 in
1544 2566 1676 2604 ludum
1712 2565 1922 2603 literarium

131 2629 202 2664 iret
232 2627 364 2673 ibique
396 2632 462 2663 aut
495 2639 518 2663 a
548 2627 800 2675 grammatico
832 2632 899 2663 aut
929 2638 952 2662 a
983 2631 1138 2673 pastore
1169 2626 1365 2674 singulare
1404 2627 1511 2674 pueri
1551 2625 1746 2672 ingenium
1789 2625 1923 2672 cogni—

130 2690 211 2722 tum
243 2696 327 2721 esse
360 2683 528 2731 videtur,
571 2684 736 2721 eundem
767 2685 865 2721 enim
897 2695 1057 2732 puerum
1089 2684 1211 2731 primo
1244 2695 1348 2729 eum,
1393 2684 1457 2731 qui
1490 2681 1660 2720 discendi
1691 2680 1800 2718 latini
1839 2692 1921 2719 ser-

131 2744 255 2780 monis
288 2753 406 2779 causa
437 2749 512 2787 est,
556 2741 690 2778 ludum
721 2742 1009 2790 frequentasse,
1050 2746 1187 2789 postea
1223 2741 1260 2776 in
1300 2740 1463 2786 scholis,
1507 2752 1607 2789 quae
1639 2739 1923 2777 Wtirttember-

131 2802 219 2849 gica
249 2802 287 2837 in
320 2801 477 2838 civitate
510 2798 815 2837 adolescentium
846 2798 896 2836 ad
927 2798 1144 2836 sacerdotia
1175 2797 1468 2836 erudiendorum
1511 2809 1628 2836 causa
1666 2798 1922 2835 monasterio-

131 2870 213 2895 rum
246 2860 283 2894 in
315 2858 445 2896 locum
485 2858 718 2894 constitutae
761 2862 889 2903 erant,
932 2855 1088 2904 publice
1127 2857 1343 2892 institutum
1377 2862 1414 2894 et
1445 2855 1494 2893 ad
1526 2854 1764 2893 academiam
1807 2866 1922 2904 prae-

132 2922 312 2965 paratum
344 2927 427 2953 esse
460 2914 656 2961 videmus,
696 2916 735 2950 in
768 2925 883 2962 quam
913 2918 1113 2962 promotus
1145 2924 1246 2950 anno
1282 2917 1403 2951 1589.
1442 2913 1496 2951 ibi
1527 2924 1681 2962 quoque
1713 2914 1852 2961 partim
1883 2914 1921 2950 in

133 2975 339 3012 seminario
362 2974 601 3021 Tubingensi
635 2971 790 3022 publica
819 2973 985 3020 pecunia
1016 2975 1266 3018 sustentatus,
1301 2973 1438 3020 partim
1469 2973 1616 3020 patriae
1648 2971 1752 3008 urbis
1785 2971 1922 3009 annuis

133 3032 330 3070 beneficiis
374 3031 530 3080 adjutus
574 3034 646 3069 est.
707 3028 912 3067 Studiosus
953 3027 1128 3066 Joannes
1169 3035 1235 3066 aut
1276 3030 1358 3078 ipse
1390 3040 1456 3077 per
1487 3040 1547 3076 se,
1590 3033 1657 3066 aut
1693 3040 1762 3078 per
1791 3028 1922 3067 literas

77 3106 80 3110 ·
135 3100 221 3127 cum
251 3094 393 3136 matre,
433 3089 570 3135 fratre,
612 3098 742 3125 sorore
774 3088 1002 3125 commercia
1031 3086 1168 3124 habuit
1198 3097 1342 3135 eosque
1373 3088 1540 3125 maxima
1583 3087 1741 3125 caritate
1773 3085 1918 3125 dilexit.

135 3147 212 3186 Sed
243 3159 331 3186 cum
361 3151 495 3195 mater,
528 3147 616 3196 ipsa
646 3145 814 3195 legendi,
846 3143 1037 3184 scribendi
1058 3145 1206 3194 ignara,
1240 3146 1278 3187 in
1297 3144 1482 3195 legendis,
1514 3144 1726 3185 scribendis
1748 3144 1921 3196 epistolis
