2126 3388
937 173 1041 212 1620.
1798 169 1882 215 875

81 288 266 325 Invenisse
293 300 343 333 se,
369 290 479 335 addit,
506 290 603 336 apud
627 288 860 336 bibliopolam
885 291 956 326 tria
982 289 1202 336 exemplaria
1219 292 1395 325 tractatus
1412 289 1595 334 Cometici,
1623 288 1683 334 qui
1704 288 1746 324 18
1772 287 1885 323 cruci-

82 348 176 393 geris
209 347 394 384 vendatur.
446 349 535 384 Inde
561 348 804 393 Gringalletus
835 359 901 393 per
923 349 1090 394 -L'lmam,
1127 349 1187 384 ubi
1219 348 1526 384 Hebenstreitium
1561 348 1704 383 nomine
1737 347 1884 392 Kepleri

83 406 270 447 salutavit,
297 408 497 450 Tubingam
522 407 707 453 profectus
736 412 807 451 est3
845 407 914 443 iter
940 408 1110 443 describit
1142 408 1178 442 in
1203 407 1316 442 literis
1344 406 1377 443 d.
1405 407 1626 451 Argentinae
1652 406 1685 441 d.
1713 407 1768 443 1⁶2.
1794 406 1885 449 Oct,

82 474 102 499 e
126 464 256 510 quibus
289 466 380 501 haec
411 467 665 502 desumsimus:
701 466 791 508 „Vix
824 476 914 510 opus
948 475 1028 501 esse
1062 471 1167 510 puto,
1200 470 1240 500 ut
1269 465 1393 500 multis
1428 470 1463 501 te
1497 465 1664 510 alloquar
1690 465 1733 500 de
1759 464 1886 499 itinere

83 534 172 568 meo,
200 535 280 559 cum
305 529 346 559 tu
371 525 459 559 mihi
485 535 626 569 semper
652 535 822 569 praesens
847 524 969 568 fueris,
996 535 1075 558 cum
1103 528 1138 559 te
1163 523 1323 558 humeris
1349 523 1426 569 ipse
1445 524 1657 567 gestaverim
1677 523 1776 567 (dicit
1796 523 1888 565 „ico-

82 585 185 617 nem“
213 582 386 627 Kepleri).
434 583 725 618 Hebenstreitius
751 584 963 618 monstravit
979 582 1067 616 mihi
1092 582 1215 616 literas
1235 593 1253 616 a
1274 586 1321 624 te,
1347 582 1384 616 ni
1410 581 1526 626 fallor,
1552 582 1724 626 Esslinga
1747 582 1886 625 missas,

82 641 212 685 quibus
239 646 274 676 et
299 641 432 676 differri
457 642 726 685 impressionem
754 641 1004 686 Ephemeridis
1030 640 1254 686 Ingolstadii.
1283 645 1318 676 et
1342 641 1594 675 maturandum
1620 640 1683 674 tibi
1710 640 1888 684 stuttgar-

83 699 169 734 tiam
194 699 328 744 ajebas.
360 700 564 743 ‘Tuhingae
589 700 742 744 primum
767 700 999 735 Maestlinum
1026 699 1258 734 salutandum
1287 699 1499 734 existimavi.
1550 699 1621 734 Sed
1648 699 1733 743 quid
1753 698 1887 733 evenit!

84 759 170 793 Cum
197 758 242 793 ad
266 758 362 793 fores
388 757 528 792 aedium
554 757 630 801 ejus
656 757 856 802 pulsarem,
891 758 1027 792 exserit
1050 757 1128 801 ipse
1154 762 1259 802 caput
1289 768 1307 791 e
1341 757 1498 792 fenestra
1530 757 1727 802 vidensque
1762 757 1889 792 adesse

85 816 240 860 aliquem
265 817 412 851 militari
445 816 611 851 indutum
646 820 763 858 veste,
795 816 900 859 jubet
927 826 1076 850 uxorem
1107 816 1194 850 mihi
1228 816 1373 850 obolum
1400 815 1443 850 de
1475 815 1636 850 fenestra
1662 815 1809 857 offerre3
1845 815 1890 851 ad

85 885 191 919 quam
217 885 303 920 ego:
330 874 516 910 mendicus
541 885 612 909 non
639 885 728 917 sum,
754 874 818 909 sed
845 874 1042 917 studiosus2
1071 875 1131 918 qui
1154 885 1233 909 cum
1261 874 1305 908 D.
1324 873 1500 918 Magistro
1526 873 1624 918 loqui
1648 879 1743 918 opto.
1780 873 1891 917 Urget

82 933 156 978 illa,
184 944 265 968 eum
292 933 385 968 domi
411 945 482 968 non
508 943 598 974 esse,
624 933 709 967 mihi
728 943 798 966 non
816 943 895 968 esse
915 933 1048 968 diutius
1074 931 1371 977 exspectandum.
1406 932 1591 976 Exspecto
1610 936 1727 966 tamen
1746 931 1890 965 iterum-

86 1003 156 1036 que
186 992 315 1037 pulso:
354 992 416 1027 illa
447 992 547 1027 velut
578 994 670 1027 irata
703 1002 828 1026 rursus
859 996 968 1035 negat
998 990 1118 1026 mariti
1150 990 1410 1035 praesentiam,
1446 989 1569 1034 fugam
1605 990 1690 1024 mihi
1723 990 1890 1024 suadens.

83 1051 225 1095 Agnovi
254 1051 374 1086 statim
407 1051 469 1085 ubi
499 1050 667 1085 haereret
699 1049 831 1093 nodus;
867 1050 988 1093 itaque
1020 1049 1054 1082 in
1089 1048 1284 1092 hospitium
1323 1058 1489 1083 reversus
1528 1048 1754 1083 chartaceum
1790 1047 1892 1082 mitto

84 1108 275 1154 famulum,
301 1109 362 1154 qui
388 1113 424 1143 et
449 1113 623 1154 exceptus
650 1116 685 1143 et
710 1109 825 1143 lectus
851 1108 1045 1143 maximum
1071 1106 1264 1142 Maestlino
1290 1106 1441 1141 inc-ussit
1466 1106 1648 1151 pudorem.
1695 1105 1810 1151 Igitur
1836 1116 1892 1141 ac-

86 1178 235 1203 currens
263 1168 306 1202 ad
333 1168 529 1212 hospitium
548 1178 676 1211 meum,
703 1167 772 1202 dici
797 1177 868 1201 non
886 1171 1008 1211 potest
1031 1165 1174 1209 quantis
1200 1165 1345 1209 quantis
1372 1165 1432 1200 ille
1455 1175 1492 1199 se
1511 1165 1628 1200 verbis
1656 1164 1892 1209 excusaverit,

90 1225 229 1261 veniam
254 1226 341 1261 facti
369 1227 578 1271 deprecans.
618 1227 749 1260 Potum
773 1225 870 1261 illico
899 1225 1032 1259 adferri
1054 1224 1175 1268 jubeo,
1204 1225 1260 1258 cui
1287 1223 1370 1258 dum
1397 1223 1582 1258 studemus
1608 1224 1703 1257 varia
1731 1222 1775 1257 de
1800 1233 1894 1258 com-

85 1284 253 1319 munibus
272 1284 404 1319 nostris
423 1284 550 1320 studiis
569 1285 652 1319 hinc
669 1285 751 1320 inde
766 1284 1029 1319 disseruimtis.“
1058 1282 1197 1318 Deinde
1210 1282 1320 1317 refert
1339 1281 1592 1326 Gringalletus,
1609 1281 1840 1316 Maestlinum
1859 1285 1894 1316 et

88 1341 179 1376 alios
206 1343 381 1386 quosdam
406 1343 629 1387 professores
655 1344 770 1388 ipsum
797 1342 1071 1387 philosophicae
1103 1341 1284 1376 facultatis
1319 1340 1462 1374 nomine
1489 1340 1532 1375 ad
1560 1339 1788 1385 splendidum
1813 1350 1896 1374 con-

89 1400 220 1435 vivium
245 1401 416 1436 invitasse
443 1406 479 1437 et
505 1412 610 1446 quam
643 1402 703 1437 diu
729 1402 915 1446 Tubingae
939 1401 1112 1435 manserit
1139 1399 1406 1445 ‚,asymbolum“
1434 1398 1596 1433 habitum
1622 1409 1712 1434 esse.
1762 1400 1896 1441 Argen-

88 1459 197 1494 torati
220 1458 414 1494 >advenisse
448 1470 486 1495 se
519 1461 552 1495 d.
585 1461 618 1496 8.
646 1459 722 1495 Oct.
762 1465 797 1494 et
827 1459 984 1505 effigiem
1016 1458 1162 1503 Kepleri
1193 1458 1386 1492 tradidisse
1418 1458 1662 1503 Berneggero,
1697 1456 1758 1501 qui
1788 1456 1896 1491 istam

90 1517 268 1562 sculptori
293 1518 522 1553 commiserit.
549 1539 592 1543 —
618 1518 812 1563 Imaginem
839 1523 947 1562 tuam,
975 1517 1119 1562 scripsit
1144 1517 1394 1560 Berneggerus
1419 1526 1512 1551 anno
1542 1516 1644 1557 1621,
1672 1515 1851 1559 quondam
1877 1524 1897 1548 a

92 1575 314 1619 Gringalleto
349 1582 472 1611 nostro
504 1577 591 1611 milii
616 1577 800 1622 donatam,
835 1577 869 1611 in
897 1576 1044 1622 publica
1069 1574 1274 1609 academiae
1299 1578 1445 1609 nostrae
1477 1573 1696 1609 bibliotheca
1721 1573 1896 1608 dedicavi.

91 1633 224 1669 Vident
248 1632 346 1668 illam
373 1635 545 1679 quotidie,
572 1635 633 1680 qui
657 1635 773 1671 istam.
808 1636 914 1670 Vitae
940 1635 1167 1678 curriculum,
1194 1638 1235 1668 ut
1261 1632 1359 1667 oravi
1385 1632 1540 1677 saepius,
1569 1633 1697 1666 iterum
1721 1641 1783 1666 oro
1804 1642 1916 1682 com-¹

92 1693 265 1728 munices.
317 1693 348 1727 F.
375 1693 518 1738 scriptis
551 1694 622 1728 tuis
646 1694 682 1728 id
709 1694 851 1739 quidem
877 1693 1106 1738 aliquatenus
1135 1696 1189 1727 est
1215 1691 1402 1736 colligere,
1435 1701 1558 1724 verum
1590 1690 1633 1724 da
1658 1690 1728 1724 hoc
1761 1699 1896 1734 quaeso

92 1750 297 1785 curiositati
322 1761 435 1794 meae,
461 1751 533 1786 imo
560 1752 605 1786 da
630 1752 844 1797 posteritati,
871 1758 909 1786 ut
936 1753 1000 1786 abs
1027 1756 1062 1786 te
1088 1751 1131 1785 de
1158 1755 1194 1784 te
1220 1749 1363 1794 plenius
1390 1747 1524 1792 aliquid
1550 1748 1758 1783 habeamus.

225 1809 258 1844 E
284 1809 433 1854 Kepleri
457 1810 695 1854 responsione
731 1810 785 1854 (d.
811 1810 939 1845 Ulmae
974 1812 1005 1845 ss.
1033 1811 1121 1854 Apr.
1151 1809 1268 1852 1627.)
1305 1812 1470 1852 apparet,
1504 1807 1573 1851 ipsi
1608 1818 1679 1841 non
1713 1806 1896 1852 placuisse

92 1868 303 1912 imaginem,
340 1878 420 1903 cum
454 1868 608 1903 scribat:
649 1865 762 1915 Quod
794 1867 906 1916 tetigi
938 1881 1006 1904 τοι»
1034 1867 1186 1914 μελιτος
1217 1860 1334 1915 εἶμεν,
1376 1864 1413 1901 id
1447 1866 1551 1901 vitae
1582 1875 1692 1902 meae
1724 1863 1897 1913 descrip-

96 1925 242 1962 tionem
275 1925 426 1962 attinet.
478 1924 705 1962 Ludibrium
736 1937 865 1963 meum
897 1937 919 1962 a
952 1936 1013 1962 me
1044 1935 1092 1961 ne
1122 1925 1291 1973 petieris.
1347 1921 1479 1970 Quid?
1511 1929 1551 1959 tu
1583 1934 1716 1960 omnes
1748 1933 1794 1960 ex
1827 1927 1895 1959 tuo

94 1983 320 2022 aestimabis
362 1984 518 2032 ingenio
560 1990 706 2033 tuaque
744 1985 783 2020 in
824 1995 884 2021 me
935 1982 1212 2021 benevolentia
1255 1988 1291 2020 et
1332 1993 1474 2019 amore.
1543 1980 1672 2018 Velim
1714 1979 1895 2029 equidem

97 2043 307 2091 imaginem
338 2054 464 2080 meam
498 2043 546 2080 ab
581 2042 645 2079 illo
678 2042 766 2080 loco
797 2041 955 2092 publico
988 2042 1138 2089 abesse,
1171 2042 1397 2091 praesertim
1432 2051 1517 2077 cum
1549 2051 1683 2088 parum
1718 2040 1791 2077 mei
1826 2038 1898 2076 ha-

95 2101 198 2139 beat.
261 2099 433 2139 Obsecro
466 2100 561 2138 illud
592 2101 764 2150 plagium
797 2100 847 2138 ad
878 2112 938 2138 me
970 2102 1155 2140 remittas,
1208 2104 1336 2139 Utrum
1371 2103 1441 2137 hoc
1480 2102 1652 2145 judicium
1688 2111 1810 2135 verum
1849 2100 1895 2134 sit

95 2172 219 2202 necne,
244 2161 435 2197 nescimus.
470 2162 580 2196 Forte
606 2161 764 2207 Keplero
789 2167 873 2206 post
899 2162 918 2196 7
939 2172 1051 2196 annos
1071 2171 1128 2195 res
1154 2161 1233 2205 ipsa
1252 2171 1270 2194 e
1289 2160 1459 2195 memoria
1479 2159 1622 2203 excidit,
1651 2163 1686 2192 et
1714 2158 1894 2201 „iconem“

96 2231 203 2265 quam
218 2219 446 2267 Berneggero
466 2220 559 2255 dono
579 2221 735 2263 dederat,
763 2219 925 2255 confudit
952 2230 1032 2254 cum
1051 2219 1165 2263 figura
1183 2230 1311 2261 aenea,
1339 2218 1382 2255 de
1409 2229 1478 2263 qua
1506 2218 1615 2263 paulo
1640 2221 1722 2262 post
1739 2227 1895 2262 agemus.

97 2279 215 2323 Certo,
241 2282 282 2312 ut
306 2282 383 2312 erat
406 2278 460 2312 vir
485 2289 597 2313 vanae
622 2279 758 2323 gloriae
776 2278 918 2313 minime
943 2278 1107 2323 cupidus,
1134 2278 1296 2312 minuere
1315 2278 1427 2313 voluit
1445 2277 1759 2321 exaggerationem
1777 2275 1893 2320 amici,

95 2337 285 2381 imaginem
320 2336 435 2381 ipsam
470 2337 656 2382 abjiciens.
704 2338 952 2382 Berneggerus
987 2349 1059 2372 non
1092 2337 1288 2372 obsecutus
1323 2335 1471 2380 Kepleri
1501 2336 1685 2380 petitioni,
1719 2334 1799 2370 loco
1833 2346 1896 2369 suo

96 2395 243 2440 reliquit
272 2396 462 2441 imaginem
497 2396 706 2442 (pigmentis
741 2396 868 2431 oleatis
901 2396 1052 2441 pictam)
1087 2406 1198 2441 eaque
1231 2405 1346 2439 usque
1380 2395 1417 2430 in
1455 2407 1587 2430 annum
1625 2396 1724 2431 1870.
1757 2405 1897 2429 conser-

95 2459 177 2490 vata
203 2458 258 2489 est
281 2454 500 2499 Argentinae
534 2455 570 2489 in
608 2454 691 2490 aula
725 2455 947 2498 academiae,
983 2455 1038 2489 his
1075 2465 1160 2489 auro
1199 2454 1305 2498 pictis
1341 2454 1478 2489 verbis:
1525 2454 1687 2489 Joamzz's
1722 2453 1899 2498 Keppleri

96 2514 215 2550 Math.
243 2513 413 2549 Caesarea·
448 2514 542 2549 hanc
572 2514 766 2559 imagyinem
790 2514 1093 2560 Aryentoratenst
1117 2512 1369 2549 Bibliothecae
1404 2523 1561 2548 consecr.
1594 2512 1776 2546 Matthias
1808 2511 1898 2545 Ber-

94 2582 262 2607 neccerus
302 2572 388 2607 Kal.
427 2573 518 2608 Jan.
555 2584 654 2608 anno
693 2572 776 2609 Cler.
814 2572 1113 2608 MDCXXVII.
1161 2573 1236 2607 Nos
1262 2571 1356 2605 hanc
1388 2570 1594 2614 imaginem,
1630 2568 1898 2603 accuratissime

97 2629 333 2674 descriptam,
375 2629 459 2666 huic
484 2631 655 2666 volumini
684 2631 944 2676 praemisimus.
993 2631 1182 2675 Rationes,
1209 2631 1340 2676 quibus
1365 2631 1453 2665 moti
1482 2631 1748 2673 Berneggerum
1781 2637 1898 2671 neque

97 2699 181 2724 vero
207 2687 404 2733 Keplerum
437 2690 553 2724 secuti
577 2689 766 2732 fuerimus,
802 2690 870 2724 hae
897 2694 992 2725 sunt.
1046 2690 1163 2734 Supra
1195 2690 1369 2734 diximus,
1405 2688 1603 2732 Keplerum
1629 2687 1722 2722 forte
1748 2685 1898 2721 oblitum

98 2758 179 2783 esse
205 2748 361 2792 speciem
386 2746 480 2782 illius
505 2748 685 2793 imaginis,
713 2758 817 2792 quam
842 2748 1070 2793 Berneggero
1097 2748 1262 2791 miserat;
1289 2752 1386 2782 certe
1419 2747 1449 2781 si
1477 2757 1624 2791 „Parum
1651 2744 1727 2780 sui“
1754 2743 1898 2778 habuis-

99 2811 165 2851 set,
190 2807 286 2841 illam
306 2805 527 2850 Gringalleto
553 2816 625 2840 non
643 2807 921 2851 Argentoratum
940 2806 1123 2841 ferendam
1151 2806 1399 2841 commisisset.
1433 2805 1571 2840 Deinde
1589 2804 1726 2838 nullum
1754 2802 1898 2837 dubium

100 2870 165 2908 est,
195 2865 280 2909 quin
305 2865 552 2909 Berneggerus
580 2864 769 2907 imaginem
796 2864 904 2909 illam,
934 2866 966 2899 si
993 2864 1100 2909 plane
1130 2864 1379 2899 abhorruisset
1406 2874 1427 2898 a
1449 2863 1618 2906 veritate,
1644 2861 1790 2906 publico
1818 2860 1897 2895 loco

99 2929 135 2960 et
159 2934 224 2959 suo
248 2923 455 2968 insignitam
478 2923 620 2958 nomine
645 2922 888 2958 collocaturus
912 2922 1032 2958 fuerit.
1077 2921 1198 2956 Tertio
1217 2921 1434 2956 describitur
1464 2930 1595 2964 corpus
1619 2918 1766 2963 Keplori
1792 2917 1898 2970 molle

101 2987 138 3017 et
152 2993 313 3027 parvum,
339 2987 459 3024 tenue,
478 2981 610 3026 gracile
629 2982 674 3025 (v.
693 2982 751 3025 s.);
778 2982 956 3016 Martinus
975 2981 1122 3015 Crusius
1149 2984 1299 3015 annotat
1316 2980 1352 3013 in
1374 2978 1559 3021 „Diario‘·:
1588 2977 1689 3013 1596.
1716 2978 1823 3012 Mart.
1845 2978 1898 3012 12.

103 3051 237 3083 „coena
262 3040 461 3085 excipimus
486 3041 522 3075 in
549 3040 653 3075 domo
680 3039 864 3075 facultatis
889 3044 1036 3074 nostrae
1062 3040 1111 3074 M.
1138 3038 1171 3072 J.
1191 3038 1399 3082 Keplerum,
1427 3036 1567 3072 Graecii
1594 3035 1898 3079 mathematicum,

102 3099 162 3142 qui
187 3110 280 3134 nova
305 3099 482 3143 quaedam
506 3099 542 3133 in
567 3097 816 3133 astronomicis
842 3097 1038 3141 invenerat,
1065 3097 1122 3130 hic
1142 3095 1354 3131 excudenda
1379 3095 1553 3137 (Pulcher
1563 3094 1759 3138 javeniso.
1793 3093 1895 3129 Haec

100 3155 219 3191 omnia
235 3166 315 3191 cum
332 3156 487 3202 imagine
499 3156 797 3201 Argentoratensi
810 3159 1022 3199 congruunt.
1050 3154 1183 3189 Contra
1201 3163 1323 3188 omnes
1341 3153 1376 3188 in
1391 3162 1433 3187 eo
1451 3152 1694 3196 consentiunt,
1709 3151 1898 3197 imaginem
