2126 3388
200 141 285 188 826
871 143 954 179 Vita
977 141 1126 180 Joannis
1150 142 1308 189 Kepleri.

202 264 302 311 Sole,
338 265 381 300 de
406 264 477 300 illis
502 263 681 299 referens:
714 261 891 301 Servient
923 264 1194 309 (observationi)
1227 266 1265 301 et
1302 262 1451 301 clericis
1491 261 1636 311 templa
1676 273 1766 310 sua,
1809 263 1842 300 si
1884 273 1981 311 quos

201 322 294 360 ordo
325 322 389 359 ille
421 320 538 358 habet
571 321 663 358 artis
695 320 902 359 studiosos.
953 319 1046 358 Vidi
1078 322 1178 358 enim
1210 332 1311 358 anno
1348 324 1468 358 1613.
1502 319 1742 357 Ratisbonae
1774 320 1981 370 intemplo

200 379 412 417 cathedra-li
442 379 733 427 monstravique
768 378 1012 416 adstantibus
1045 379 1145 416 notis
1176 377 1414 416 macularum
1446 377 1546 415 Solis
1589 379 1755 426 vestigia
1785 379 1824 414 in
1856 380 1982 416 omni-

201 438 270 475 bus
302 436 418 474 radiis
448 435 632 484 rotundis,
665 448 732 485 per
763 436 1013 475 fenestrarum
1045 438 1158 474 rimas
1192 448 1237 474 ex
1270 436 1349 474 alto
1382 435 1562 484 delapsis.
1614 434 1666 473 Ut
1696 435 1791 472 nihil
1824 435 1869 474 de
1901 438 1982 473 rui-

199 506 294 532 nosa
323 493 388 531 illa
420 495 598 542 intusque
631 506 766 536 vacua,
787 498 824 531 et
854 496 1027 543 spatiosa
1058 493 1172 531 domo
1205 493 1349 540 dicam,
1382 495 1419 530 in
1452 505 1528 542 qua
1558 493 1708 542 Pragae
1739 505 1838 531 anno
1874 498 1979 532 1607

199 553 346 589 radium
378 551 480 590 Solis
512 553 652 601 insigni
683 551 836 590 macula
868 554 1026 590 tinctum
1061 563 1146 589 cum
1180 551 1535 601 deprehendissem,
1568 550 1800 590 Mercurium
1833 552 1870 588 in
1893 551 1982 590 Sole

198 611 321 646 visum
344 609 474 647 libello
497 615 533 647 et
551 610 781 648 carminibus
798 610 952 658 publice
970 609 1081 648 editis
1100 611 1183 656 (vol.
1210 612 1256 646 ΙΙ.
1283 612 1351 648 804
1370 608 1646 662 33.),30(113130
1667 610 1916 659 proclamavi.
1932 633 1981 638 —-

199 670 431 715 Quaej00ans
450 681 527 705 cum
539 670 703 706 Fabricio
722 670 979 715 egitKeplerus
1000 670 1042 705 de
1059 670 1126 705 1130
1145 669 1237 718 13133
1257 669 1693 714 observatione,leguntur
1707 669 1774 705 vol.
1792 670 1836 705 11.
1852 681 1886 714 p.
1907 671 1985 705 110.

333 729 388 763 De
414 728 582 773 operibus
610 729 757 774 Kepleri
783 733 818 763 et
843 729 886 763 de
918 728 1067 763 maculis
1099 727 1276 762 solaribus
1301 728 1444 762 Jesuita
1479 727 1571 762 Odo
1605 727 1860 762 Malcotius
1895 727 1985 762 haec

197 786 341 831 scripsit
365 787 540 831 Keplero:
577 787 772 823 Notissima
796 786 883 821 mihi
908 790 991 820 sunt
1017 795 1125 830 opera
1151 790 1223 829 tua,
1250 786 1450 830 Dioptrice,
1476 785 1546 821 Nix
1574 785 1783 829 sexangula,
1808 785 1985 819 Disserta-

197 844 359 880 tiuncula
385 856 464 880 cum
491 845 660 889 Galilaeo,
689 850 726 880 at
750 855 835 889 prae
861 845 988 880 ceteris
1016 855 1106 888 opus
1134 844 1177 879 de
1204 844 1311 879 stella
1335 843 1475 879 Martis.
1517 843 1615 876 Deus
1642 843 1746 886 bone,
1774 852 1879 886 quam
1904 843 1986 878 sub-

199 903 298 938 limia
324 907 358 937 et
384 903 472 937 mira
497 904 532 938 111
559 903 619 937 1110
646 903 760 938 1310111
786 905 912 947 opere!
947 904 995 937 Et
1022 913 1128 947 quam
1153 902 1245 938 bene
1270 912 1341 936 non
1366 900 1471 938 modo
1500 901 1543 936 de
1563 900 1771 945 Copernico,
1799 900 1861 935 sed
1878 901 1985 936 etiam

197 960 241 995 de
267 961 439 1006 Tychone
466 965 501 995 et
526 961 731 996 Ptolemaeo
759 971 953 1005 eorumque
979 961 1126 997 asseclis
1153 961 1317 996 mereris!
1370 960 1439 994 Sed
1465 959 1599 994 nihilne
1634 960 1716 994 novi
1742 960 1987 995 Dominationi

197 1019 296 1054 Tuae
323 1019 417 1055 circa
441 1024 575 1055 motum
601 1019 700 1054 illum
729 1019 821 1054 Solis
847 1019 882 1054 in
908 1024 1030 1054 centro
1057 1030 1121 1054 suo
1153 1019 1317 1054 maculae
1348 1018 1431 1053 illae
1464 1019 1600 1054 solares
1628 1021 1875 1064 aperuerunt?
1895 1048 1902 1055 .
1923 1049 1931 1056 .
1951 1047 1957 1054 .
1978 1047 1985 1054 .

197 1077 321 1119 Miror,
349 1077 458 1113 hasce
482 1078 642 1113 maculas
667 1089 738 1112 non
755 1087 942 1113 recurrere
961 1077 1086 1113 eodem
1105 1078 1176 1112 situ
1195 1081 1230 1112 et
1255 1077 1389 1120 ordine,
1416 1077 1444 1111 si
1462 1080 1561 1111 motu
1577 1081 1766 1111 moventur
1783 1077 1986 1123 epicyclico‚

196 1146 276 1169 cum
301 1139 419 1170 tamen
445 1135 510 1170 sub
536 1136 617 1171 Sole
643 1136 687 1170 ad
707 1136 926 1171 occidentem
952 1136 1077 1170 eadem
1102 1135 1292 1170 velocitate
1318 1134 1464 1169 tendere
1490 1134 1691 1170 videantur.
1727 1134 1867 1178 Quaeso
1886 1135 1927 1169 D.
1947 1135 1986 1169 T.

196 1193 280 1238 quid
306 1193 431 1238 denhis
457 1195 590 1231 sentiat
615 1199 651 1231 et
676 1196 705 1230 si
732 1195 816 1240 quid
841 1194 938 1229 aliud
971 1194 1053 1229 novi
1080 1198 1263 1236 occurrat,
1300 1193 1407 1228 verbo
1433 1204 1503 1228 uno
1527 1194 1572 1230 D.
1601 1193 1773 1229 Schillero
1806 1195 1987 1229 insinuare

198 1251 374 1296 dignetur.

333 1310 482 1355 Kepleri
499 1312 781 1355 responsionem,
802 1311 920 1346 datam
938 1310 1054 1352 Lincii
1072 1309 1105 1345 d.
1125 1310 1179 1345 18.
1197 1309 1397 1350 ι1111111613,
1417 1310 1646 1345 exhibuimus
1664 1310 1914 1356 vol.11.p.782
1926 1322 1986 1356 ss.,

198 1370 308 1412 quare
335 1379 471 1404 summa
501 1380 620 1404 rerum
651 1370 686 1403 in
721 1369 775 1402 his
807 1368 920 1403 literis
956 1371 1206 1403 contentarum
1239 1366 1298 1401 hic
1333 1366 1500 1404 sufficiet.
1552 1367 1745 1412 Scripsisse
1780 1379 1818 1403 se
1847 1369 1896 1403 ait
1921 1369 1986 1404 sub

197 1426 303 1460 finem
328 1427 412 1462 anni
440 1428 537 1471 1611,
565 1428 650 1471 quid
677 1427 719 1461 de
746 1428 803 1461 his
829 1426 976 1461 maculis
1003 1425 1162 1461 sentiret.
1214 1426 1319 1469 (Num
1345 1426 1415 1460 hoc
1439 1426 1592 1470 publicis
1629 1426 1741 1462 literis
1768 1438 1813 1462 an
1838 1427 2005 1472 privatis¹

196 1483 330 1519 factum
356 1483 474 1529 1110111,
500 1485 688 1519 nescimus.
736 1483 1047 1528 Deprehendimus
1079 1484 1223 1528 quidem
1249 1483 1285 1518 in
1312 1484 1485 1528 catalogis
1519 1484 1691 1519 librorum
1716 1484 1926 1530 Moguntiae
1951 1489 1987 1519 et

196 1543 392 1587 Hamburgi
417 1543 545 1578 librum
564 1543 711 1588 Kepleri
737 1543 877 1577 nomine
904 1542 1121 1586 insignitum,
1149 1542 1284 1577 editum
1303 1553 1395 1577 311110
1415 1544 1502 1579 1611
1534 1543 1600 1585 „de
1618 1544 1767 1579 maculis
1786 1544 1984 1579 solaribus“

195 1599 428 1644 inscriptum,
461 1600 539 1644 ipse
564 1612 646 1636 vero
673 1601 764 1636 liber
790 1601 1031 1645 desideratur,
1065 1611 1131 1635 nec
1161 1600 1197 1634 in
1223 1600 1293 1635 alia
1327 1601 1546 1636 bibliotheca
1579 1601 1639 1636 ille
1672 1602 1774 1637 nobis
1802 1601 1986 1647 occurrit.)

194 1658 418 1693 Macularum
450 1664 573 1694 censet
608 1659 793 1694 materiam
829 1669 907 1693 esse
932 1658 1004 1693 tale
1032 1658 1136 1702 quid,
1170 1659 1276 1702 quale
1309 1663 1393 1694 sunt
1425 1659 1538 1694 nubes
1566 1664 1602 1694 et
1626 1660 1779 1695 nebulae
1804 1660 1841 1694 in
1866 1659 1988 1695 Terra.

199 1716 274 1758 „An
301 1721 418 1751 autem
445 1728 488 1751 ex
515 1717 728 1761 ignitissimo
755 1717 816 1752 illo
850 1716 977 1752 solaris
1010 1716 1170 1760 corporis
1201 1717 1327 1752 titione
1360 1717 1545 1762 exspirent
1576 1722 1675 1753 atrae
1707 1708 1783 1753 hae¹
1808 1717 1987 1762 fuligines,

196 1775 292 1809 Deus
318 1776 428 1819 novit,
455 1786 536 1809 nam
563 1776 727 1820 analogia
752 1775 903 1810 ulterius
936 1771 1008 1810 non
1035 1779 1114 1809 tuto
1141 1775 1285 1810 extendi
1320 1778 1475 1820 1101031.ιι
1528 1776 1601 1811 Sub
1627 1775 1734 1811 finem
1758 1776 1885 1810 harum
1910 1775 1988 1810 lite-

195 1843 316 1866 rarum
348 1834 439 1877 petit
465 1833 642 1878 Keplerus
669 1844 690 1868 a
713 1833 903 1878 Malcotio,
940 1837 979 1867 ut
1011 1833 1077 1867 sibi
1112 1838 1296 1877 comparet
1327 1833 1521 1868 editionem
1546 1832 1745 1869 Ptolemaei
1778 1845 1860 1868 cum
1894 1833 1987 1868 notis

195 1892 378 1936 Montani,
404 1892 598 1937 interprete
625 1893 837 1928 Mercatore.
887 1892 1078 1927 Malcotius
1104 1893 1240 1927 Romae
1266 1896 1342 1926 tum
1369 1892 1500 1937 degens
1527 1891 1713 1937 respondit
1737 1892 1786 1936 (a.
1813 1892 1933 1936 1614),
1960 1892 1990 1926 si

197 1950 319 1984 literas
345 1949 494 1994 Kepleri
519 1951 747 1994 Antwerpiae
773 1949 983 1994 accepisset,
1011 1960 1048 1984 se
1074 1949 1319 1984 Ptolemaeum
1347 1951 1390 1985 ab
1418 1950 1530 1985 amico
1556 1949 1666 1994 Italo,
1692 1950 1834 1984 nomine
1860 1949 1987 1985 Octa-

197 2007 270 2041 vio
297 2008 462 2048 Pisani,
491 2009 573 2052 „qui
599 2013 702 2042 vacat
719 2008 947 2052 Antwerpiae
973 2007 1121 2052 privatis
1149 2008 1222 2042 suis
1242 2008 1405 2052 st.udiis“,
1431 2008 1536 2042 130110
1562 2009 1835 2052 impetraturum
1860 2006 1984 2044 fuisse.

199 2066 257 2107 „Si
280 2071 420 2111 poterO,
446 2066 599 2101 efficiam
618 2066 714 2111 apud
733 2078 824 2111 eum,
851 2072 891 2101 ut
915 2066 970 2100 vel
999 2077 1101 2100 suum
1119 2065 1175 2100 vel
1193 2065 1290 2100 aliud
1317 2065 1429 2100 simile
1449 2066 1633 2111 exemplar
1651 2066 1730 2100 Tibi
1748 2070 1849 2102 curet
1873 2070 1988 2101 trans-

196 2124 321 2159 mitti.“
373 2125 472 2159 Idem
498 2125 650 2160 Pisanus
678 2135 769 2159 anno
798 2125 885 2160 1613
920 2125 1063 2168 saepius
1089 2124 1285 2168 Keplerum
1317 2124 1403 2159 adiit
1428 2134 1493 2168 per
1518 2124 1657 2168 literas,
1693 2124 1737 2158 ad
1765 2124 1989 2169 problemata

197 2183 316 2226 optica
338 2184 514 2228 judicium
540 2188 714 2229 expetens
742 2183 901 2228 Kepleri.
951 2183 1025 2218 Has
1052 2183 1174 2216 literas
1200 2193 1280 2216 cum
1305 2182 1538 2226 responsione
1564 2182 1708 2227 Kepleri
1734 2183 1988 2228 proposuimus

196 2241 266 2276 vol.
294 2243 338 2277 ΙΙ.
367 2254 403 2286 p.
429 2243 508 2285 482,
537 2253 671 2286 easque
695 2243 751 2277 his
778 2241 998 2286 supplemus,
1048 2240 1200 2274 Pisanus
1227 2239 1316 2274 haec
1341 2239 1451 2274 refert
1469 2239 1645 2284 Keplero:
1679 2241 1778 2283 „Ego
1805 2241 1989 2275 construxi

200 2310 330 2334 novum
357 2300 501 2334 modum
528 2301 730 2336 delineandi
755 2305 870 2335 totum
897 2299 1042 2344 globum
1067 2298 1102 2332 in
1127 2298 1234 2342 plano
1261 2297 1296 2331 in
1323 2308 1392 2332 uno
1421 2298 1554 2332 circulo
1582 2302 1617 2332 et
1643 2298 1693 2332 sic
1718 2299 1880 2339 chartam
1900 2295 1986 2334 'cos—

196 2359 463 2402 mographicam
491 2359 674 2394 construxi
692 2369 819 2394 novam
839 2368 878 2392 30
897 2357 985 2392 1111111
1011 2362 1094 2391 31110
1120 2357 1240 2390 visam.
1277 2356 1389 2391 Velim
1409 2356 1500 2391 scire
1525 2360 1622 2390 tuam
1642 2356 1855 2401 opinionem,
1882 2367 1987 2401 quam

198 2420 236 2451 ut
267 2417 474 2460 magistram
509 2418 760 2452 correctricem
795 2420 978 2460 exspecto,
1038 2414 1231 2450 Construxi
1265 2414 1498 2460 astrologiam
1535 2414 1880 2460 planisphaericam,
1916 2426 1987 2459 qua

199 2485 320 2509 omnes
348 2481 465 2510 motus
490 2481 566 2510 tum
592 2476 626 2510 in
652 2474 874 2519 longitudine
901 2479 975 2508 tum
1001 2473 1036 2508 in
1061 2473 1252 2508 latitudine
1279 2473 1384 2508 simul
1412 2473 1571 2518 deline05
1604 2474 1718 2508 simile
1743 2485 1833 2518 opus
1858 2474 1987 2509 Petrus

195 2533 356 2577 Api-anus
383 2534 519 2569 Carolo.
537 2535 578 2568 V.
603 2533 819 2578 inscripsit.“
870 2533 934 2567 His
960 2532 994 2567 d,
1024 2534 1056 2568 5.
1076 2532 1153 2567 Oct.
1180 2532 1322 2576 scriptis
1350 2532 1382 2567 d.
1407 2532 1464 2568 23.
1486 2532 1563 2567 Oct.
1590 2532 1679 2567 haec
1704 2532 1820 2581 addit:
1858 2533 1987 2574 „Tanti

197 2597 251 2626 est
267 2596 329 2626 tua
346 2591 452 2636 fama,
478 2592 569 2626 tanti
587 2597 670 2626 sunt
688 2596 750 2626 tua
769 2591 911 2635 scripta,
939 2595 978 2626 ut
1002 2591 1196 2635 quemlibet
1213 2590 1354 2625 virtutis
1373 2590 1571 2626 studiosum
1589 2601 1661 2624 non
1686 2590 1790 2625 modo
1816 2589 1986 2632 alliciant,

196 2661 316 2684 verum
342 2651 449 2685 etiam
475 2650 694 2684 inflamment
719 2649 770 2684 tui
797 2648 984 2684 desiderio.
1028 2649 1168 2693 Scripta
1192 2653 1255 2683 tua
1280 2648 1323 2683 de
1348 2653 1448 2683 motu
1466 2649 1592 2683 Martis
1617 2644 1807 2694 perlegens
1829 2649 1986 2684 maxima

197 2708 429 2743 admiratione
461 2718 587 2751 vagor:
624 2708 784 2752 captivus
813 2707 910 2742 enim
936 2707 1014 2751 ipse
1044 2712 1125 2742 tuas
1156 2717 1283 2741 manus
1318 2717 1388 2740 non
1414 2706 1519 2741 modo
1547 2707 1725 2751 queritur,
1759 2707 1820 2741 sed
1846 2707 1986 2751 quaerit

198 2766 314 2801 etiam.
363 2766 455 2800 Vere
482 2765 607 2811 dicam,
634 2771 732 2800 tuam
758 2766 827 2799 vim
853 2765 1090 2810 magneticam
1111 2765 1289 2800 sideribus
1307 2765 1426 2799 inesse
1443 2764 1669 2809 suppositam
1687 2765 1805 2809 miror,
1832 2764 1987 2800 admiror

198 2829 233 2858 et
257 2824 377 2859 laudo.
426 2825 504 2868 Ego
530 2828 649 2861 autem
674 2825 787 2859 instar
811 2823 889 2868 apis
916 2834 987 2857 non
1012 2834 1082 2868 quo
1107 2827 1147 2858 tu
1175 2824 1294 2868 Cygne
1319 2823 1431 2867 volas,
1459 2822 1522 2857 sed
1549 2823 1681 2858 circum
1705 2822 1852 2857 frutices
1871 2822 1984 2857 Hora-

197 2883 293 2918 tiano
318 2893 415 2917 more
440 2883 597 2927 vagabor
622 2887 657 2917 01
681 2883 716 2917 111
742 2882 809 2916 1130
826 2882 1017 2927 vagatione
1036 2894 1165 2918 novum
1184 2883 1329 2917 modum
1352 2882 1471 2916 inveni
1491 2880 1692 2916 delineandi
1708 2883 1822 2914 totum
1841 2880 1985 2923 globum

197 2940 233 2973 in
257 2940 364 2984 plano
389 2940 425 2974 in
451 2952 521 2975 uno
549 2940 694 2976 circulo.
743 2942 834 2975 Nam
860 2941 917 2976 alii
944 2941 1080 2985 quadra
1104 2942 1230 2986 figura,
1258 2941 1319 2976 alii
1344 2940 1484 2975 duobus
1502 2938 1790 2984 planisphaeriis,
1816 2938 1876 2974 alii
1893 2939 2000 2978 ovali,

197 2997 327 3039 figura,
360 2997 477 3033 nullus
502 3002 620 3033 tamen
640 2999 860 3036 unocirculo
882 2999 1146 3035 similitudinem
1171 3004 1386 3043 assequutus
1403 2999 1555 3033 videtur.
1605 2997 1773 3040 Quaesivi
1799 2997 1858 3032 diu
1882 3001 1982 3032 tuum

200 3054 409 3098 Mysterium
436 3057 792 3102 Cosmographicum;
819 3069 891 3093 non
917 3058 1045 3094 inveni.
1100 3058 1218 3102 Quare
1243 3062 1345 3108 tuum
1366 3057 1543 3103 judicium
1563 3061 1738 3100 exspecto
1765 3060 1835 3093 etc.

337 3113 392 3147 Ad
417 3114 506 3150 hacc
531 3115 708 3160 Keplerus
743 3117 928 3162 respondit
961 3117 996 3154 d.
1023 3118 1078 3153 16.
1104 3117 1329 3153 Decembris:
1362 3115 1481 3153 Binas
1513 3112 1583 3150 abs
1615 3116 1652 3151 te
1683 3111 1815 3151 literas
1837 3115 1981 3164 accepi,
