2177 3408
521 148 759 188 Summarium
783 149 965 187 Historiae
990 149 1242 186 Astronomiae
1267 150 1390 187 seculo
1414 152 1508 188 XVI.
1838 150 1920 198 649

126 270 362 316 revolverem,
388 270 523 305 nullam
549 279 593 304 ex
620 267 782 303 omnibus
807 267 946 313 inveni,
978 278 1071 312 quae
1097 269 1337 314 qualicunque
1369 270 1510 306 ratione
1535 272 1695 305 cometae
1720 269 1829 314 hujus
1845 280 1922 304 mo-

125 334 202 365 tum
229 330 402 373 salvaret,
437 329 480 363 iis
516 327 684 373 sepositis
709 326 754 361 ad
781 326 1047 371 Copernici,
1074 333 1157 373 post
1181 329 1427 364 Ptolemaeum
1452 329 1692 365 astronomiae
1717 339 1800 364 vere
1824 328 1922 373 prin-

127 389 234 434 cipis,
267 388 415 423 mundi
447 385 756 434 symmetriam
786 395 853 420 me
885 386 1072 431 recepi.“
1123 387 1182 422 Ex
1206 387 1296 423 libro
1323 388 1383 423 VI.
1410 399 1486 433 cap.
1518 391 1548 424 1.
1583 387 1703 432 operis
1730 386 1919 431 Copernici

126 447 408 492 deprehendisse
439 457 477 482 se
510 446 577 489 ait,
615 443 756 480 collatis
783 443 857 479 suis
882 444 1209 491 observationibus,
1245 451 1420 481 cometam
1454 446 1635 481 exstitisse
1667 445 1762 480 circa
1799 444 1920 479 orbem

124 506 283 541 Veneris.
332 506 410 540 Hoc
428 503 534 540 latius
559 503 790 541 demonstrat,
815 501 904 537 haec
931 514 1013 538 vero
1039 505 1255 548 praemittit:
1285 504 1436 547 „invitus
1462 503 1623 548 profecto
1650 502 1766 538 defeci
1784 513 1804 537 a
1828 513 1921 536 com-

124 564 220 599 muni
247 564 414 609 opinione
441 562 483 597 de
509 561 744 606 sphaerarum
768 560 892 595 mundi
918 561 1187 607 distributione;
1222 563 1285 598 sed
1318 562 1402 607 quid
1436 572 1596 607 agerem¹
1632 560 1921 606 quandoquidem

122 622 184 658 illa
209 633 277 657 usu
302 626 453 666 recepta
475 620 594 665 opinio
621 631 641 654 a
666 619 816 654 veritate
841 619 980 663 deficit,
1018 631 1083 656 nec
1109 621 1202 656 enim
1226 622 1305 667 ipsa
1330 620 1386 656 vel
1412 621 1504 657 Solis
1538 620 1595 655 vel
1620 621 1772 656 fixarum
1797 619 1920 655 stella-

123 693 202 717 rum
227 686 389 717 motuum
416 678 762 715 demonstrationum
787 676 963 723 ἀκριβειαν
989 679 1061 714 11110
1080 680 1185 715 111οά0
1203 685 1324 725 potest
1340 679 1444 724 ferre,
1471 691 1551 715 cum
1569 679 1709 714 interim
1726 679 1788 714 illa
1806 681 1921 714 altera

123 741 179 775 his
213 739 378 775 omnibus
413 738 630 780 satisfaciat,
667 742 702 772 et
727 736 868 780 egregie
893 737 990 771 miris
1015 737 1129 772 modis
1154 738 1407 782 aequalitatem
1433 748 1606 773 summam
1632 749 1710 772 cum
1734 738 1922 783 apparenti

123 799 232 843 hujus
259 802 420 832 cometae
437 795 694 840 inaequalitate
714 795 892 830 conciliat.
933 795 1046 830 Malui
1072 806 1158 840 ergo
1182 797 1219 832 in
1243 797 1395 832 aliorum
1413 807 1600 832 censuram
1618 796 1784 840 incidere,
1813 806 1920 840 quam

121 856 264 891 veritati
288 855 534 891 testimonium
560 864 632 889 non
657 853 857 898 perhibere.
909 853 945 887 Si
970 859 1089 889 tamen
1126 854 1205 899 quis
1231 854 1380 889 meliora
1405 854 1615 899 protulerit,
1648 855 1754 889 certis
1780 865 1920 900 geome-

120 915 210 950 triae
237 912 603 950 demonstrationibus
629 911 780 956 inclusa,
806 912 842 946 in
868 912 961 946 viam
985 922 1041 946 me
1066 912 1188 947 reduci
1214 917 1316 957 grato
1343 913 1462 947 animo
1488 914 1638 958 patiar-‚⁴⁴

257 975 361 1008 Anno
383 972 473 1007 1580
490 971 582 1007 alius
608 971 777 1016 apparuit
803 975 955 1015 cometa,
982 981 1087 1016 quem
1105 971 1322 1006 Maestlinus
1348 982 1368 1005 a
1395 971 1451 1006 die
1477 972 1510 1008 2.
1530 971 1694 1007 Octobris
1721 971 1757 1005 in
1778 971 1830 1007 12.
1849 972 1918 1006 De-

120 1030 297 1066 cembrem
329 1030 533 1066 observavit
567 1029 910 1072 observationesque
953 1040 1036 1064 suas
1068 1029 1331 1074 Heidelbergae
1363 1041 1457 1065 anno
1492 1031 1580 1066 1581
1618 1030 1789 1074 vulgavit.
1849 1030 1918 1065 Hic

120 1100 263 1135 quoque
288 1088 504 1124 Maestlinus
531 1087 845 1122 Aristotelicorum
871 1087 1078 1122 auctoritati
1104 1098 1142 1122 se
1168 1089 1318 1133 opponit
1348 1087 1456 1133 idque
1489 1088 1648 1133 apertius
1675 1099 1781 1133 quam
1806 1089 1918 1134 prius,

123 1149 245 1183 dicens
274 1148 385 1191 „haec
417 1146 486 1182 tria
512 1146 580 1180 hoc
613 1145 778 1180 octennio
805 1155 898 1180 nova
923 1149 958 1180 et
982 1145 1127 1181 insolita
1152 1147 1188 1181 in
1223 1147 1371 1182 aethere
1404 1152 1598 1192 conspecta
1631 1152 1729 1182 astra
1754 1157 1810 1182 me
1835 1157 1917 1182 con-

118 1207 297 1250 vicerunt,
331 1210 370 1239 ut
397 1214 631 1250 quaecunque
656 1203 979 1248 peripateticorum
1005 1204 1073 1240 fuit
1099 1206 1279 1240 sententia
1305 1205 1349 1241 de
1374 1206 1542 1251 cometis,
1580 1206 1622 1241 de
1648 1206 1738 1241 aeris
1765 1210 1802 1241 et
1825 1205 1918 1250 ignis

118 1262 324 1307 regionibus
351 1261 597 1306 superioribus
624 1265 690 1296 etc.
726 1261 813 1295 mihi
838 1266 1008 1306 suspecta
1040 1263 1104 1308 sit,
1140 1263 1235 1308 quod
1261 1263 1323 1299 illa
1354 1274 1399 1299 ex
1422 1263 1581 1309 physicis
1617 1265 1674 1299 vel
1701 1274 1745 1298 ex
1770 1262 1916 1297 cerebro

119 1332 183 1356 suo
209 1319 372 1355 collectis
399 1319 615 1363 conjecturis
633 1318 766 1363 potius,
794 1330 900 1364 quam
918 1320 1120 1355 rationibus
1140 1322 1430 1366 comprobantur,
1457 1322 1546 1357 haec
1565 1333 1649 1357 vero
1667 1322 1918 1367 phaenomena

119 1391 164 1415 ex
187 1384 339 1415 naturae
370 1378 620 1424 penetralibus
653 1389 719 1423 per
752 1378 1007 1422 certissimam,
1037 1390 1143 1424 quam
1168 1379 1293 1415 fallere
1319 1392 1428 1424 posse
1455 1381 1678 1426 impossibile
1703 1386 1776 1425 est,
1802 1380 1918 1425 paral-

116 1438 241 1473 laxeos
269 1438 467 1473 doctrinam
493 1437 642 1472 eruditis
670 1437 1038 1474 demonstrationibus
1066 1439 1284 1474 contrarium
1310 1450 1375 1474 nos
1402 1440 1568 1476 docent“.
1617 1440 1840 1485 Quamquam
1857 1439 1918 1474 hic

116 1497 331 1533 Maestlinus
357 1498 471 1533 virum
497 1508 535 1532 se
559 1496 709 1542 praebet
733 1496 913 1532 liberioris
934 1497 1081 1541 judicii,
1115 1498 1152 1532 in
1183 1498 1263 1533 aliis
1289 1504 1410 1533 tamen
1441 1498 1613 1543 temporis
1648 1504 1684 1533 et
1712 1497 1917 1542 aequalium

117 1556 382 1600 superstitionis
416 1556 593 1591 rationem
625 1555 754 1598 habet,
788 1565 982 1591 recensens
1011 1556 1206 1598 „terribilia
1239 1556 1378 1602 aliquot
1402 1562 1438 1593 et
1469 1561 1682 1601 portentosa
1707 1557 1914 1592 chasmata“

121 1615 260 1660 (irides,
286 1614 456 1658 halones,
491 1625 658 1649 auroram
684 1613 886 1656 borealem,
926 1615 1047 1651 lances
1073 1620 1109 1651 et
1133 1626 1237 1651 enses
1264 1617 1370 1661 etc),
1411 1626 1524 1662 „quae
1548 1627 1677 1661 magno
1703 1627 1782 1651 cum
1808 1627 1917 1651 mem-

114 1674 258 1709 brorum
294 1676 469 1708 tremore“
496 1673 725 1716 intuebatur,
761 1683 854 1717 quae
891 1673 1016 1718 „longe
1041 1674 1258 1709 terribiliora
1283 1674 1448 1719 fuerunt,
1483 1686 1588 1719 quam
1614 1686 1705 1720 quae
1730 1674 1814 1710 ullis
1839 1686 1915 1710 ver-

114 1731 169 1765 bis
195 1730 369 1775 explicari
393 1730 568 1775 possint“,
599 1730 751 1774 „quibus
777 1732 955 1766 cernimus
980 1733 1048 1767 Dei
1073 1733 1163 1768 iram
1187 1744 1398 1769 succensam
1422 1734 1649 1779 gladiumque
1673 1734 1786 1778 ipsius
1813 1733 1916 1768 stric-

116 1795 192 1824 tum
219 1800 310 1833 esse,
337 1801 406 1834 quo
432 1789 540 1824 feriat
567 1799 691 1824 omnes
715 1789 989 1833 longanimitate
1015 1791 1093 1835 ejus
1118 1795 1221 1826 tanto
1247 1796 1410 1836 tempore
1436 1794 1662 1828 abutentes&
1712 1792 1770 1828 Sic
1795 1802 1914 1827 come-

114 1853 230 1883 tarum
257 1847 538 1891 significationes
573 1857 765 1892 aggressus
797 1847 955 1883 affirmat
988 1848 1150 1894 quidem,
1187 1859 1225 1884 se
1251 1851 1492 1886 astronomiae
1518 1851 1638 1896 potius
1665 1861 1772 1895 quam
1799 1854 1912 1885 astro-

114 1906 231 1951 logiae
250 1906 368 1941 studia
387 1916 452 1941 sua
472 1916 716 1950 consecrasse,
745 1906 1002 1950 astrologicum
1022 1907 1197 1952 judicium
1216 1908 1356 1943 nullum
1375 1908 1444 1943 sibi
1462 1919 1627 1952 arrogare
1644 1918 1763 1953 posse,
1789 1912 1915 1943 contra

118 1975 184 2007 „ex
209 1965 395 2009 praesenti
419 1974 538 1999 rerum
564 1969 663 1999 statu
690 1970 725 2000 et
750 1965 923 2010 prodigiis
951 1966 1050 2000 aliis“
1079 1967 1312 2011 vaticinatur,
1351 1968 1479 2011 „longe
1511 1967 1746 2002 maximarum
1771 1966 1914 2001 calami-

114 2027 241 2066 tatum,
268 2023 448 2068 prioribus
474 2034 547 2058 non
573 2023 914 2068 comparandarum,
940 2024 1086 2068 longum
1111 2035 1244 2060 nexum
1271 2031 1446 2061 cometam
1472 2027 1568 2061 hunc
1593 2025 1845 2070 portendere“.
1870 2046 1913 2050 —

115 2081 394 2116 Observationes
420 2081 528 2126 hujus
557 2087 718 2116 cometae
742 2092 814 2116 non
840 2092 882 2117 ea
908 2082 1108 2117 subtilitate
1135 2094 1206 2128 qua
1231 2083 1360 2128 prioris
1387 2084 1654 2119 observationes
1680 2084 1797 2119 factae
1818 2088 1912 2128 sunt,

113 2151 193 2175 cum
220 2139 276 2175 die
302 2141 332 2174 3.
359 2139 447 2174 Nov.
473 2145 619 2175 coactus
647 2140 694 2175 sit
717 2140 800 2176 illas
824 2142 954 2186 partim
985 2146 1156 2186 „propter
1188 2142 1350 2187 conjugis
1384 2149 1419 2178 et
1444 2143 1576 2179 filiolae
1609 2144 1912 2189 periculosissime

115 2198 403 2233 decumbentium
429 2198 616 2233 adversam
642 2198 899 2245 valetudinem,
932 2201 1064 2244 partim
1088 2204 1237 2245 propter
1263 2201 1406 2236 crebras
1432 2202 1516 2236 hinc
1547 2202 1629 2237 inde
1654 2202 1909 2247 profectiones,

115 2257 269 2292 maxime
293 2267 378 2293 vero
404 2257 500 2301 quod
526 2258 571 2293 ad
597 2257 759 2292 scholam
785 2258 1128 2302 Heidelbergensem
1152 2259 1238 2293 mihi
1263 2259 1565 2304 proficiscendum
1590 2260 1674 2302 fuit,
1711 2266 1750 2295 ut
1775 2261 1804 2295 si
1830 2272 1910 2295 aca-

116 2319 251 2354 demiae
277 2319 356 2363 ejus
383 2323 499 2355 status
526 2319 668 2364 locique
695 2319 969 2354 commoditates
994 2319 1080 2354 mihi
1104 2318 1355 2364 probarentur.
1381 2321 1539 2355 oblatam
1557 2321 1813 2356 mathematum
1830 2333 1911 2366 pro-

111 2377 307 2413 fessionem
331 2378 563 2423 reciperem&
612 2379 680 2413 Die
699 2378 754 2413 23.
775 2379 865 2414 Nov.
894 2388 938 2412 ex
963 2378 1207 2422 Heidelberga
1233 2377 1422 2415 discedens
1456 2381 1585 2415 iterum
1611 2381 1698 2416 vidit
1724 2384 1910 2422 cometam,

111 2436 302 2481 peregrino
327 2437 406 2472 loco
429 2442 665 2482 pernoctans,
698 2436 782 2471 inde
815 2447 930 2481 usque
956 2436 1002 2471 ad
1028 2438 1058 2472 5.
1084 2437 1172 2472 Dec.
1209 2437 1254 2471 ob
1281 2437 1374 2472 aeris
1400 2437 1647 2482 intemperiem
1673 2442 1812 2472 cometa
1836 2448 1908 2473 non

113 2493 273 2538 conspici
297 2494 432 2539 potuit3
462 2495 608 2529 ultimae
634 2494 904 2530 observationes
931 2495 1050 2531 factae
1077 2499 1161 2529 sunt
1187 2494 1313 2529 diebus
1341 2495 1370 2530 6.
1399 2499 1434 2529 et
1463 2496 1515 2531 12.
1542 2497 1627 2531 Dec.
1654 2495 1907 2541 Backnangae,

115 2563 217 2593 „cum
243 2552 336 2586 enim
361 2553 528 2596 sequenti
552 2553 663 2589 biduo
689 2553 726 2587 in
750 2553 904 2598 patriam
929 2563 1043 2588 meam
1063 2553 1323 2597 (Goppingam)
1350 2552 1433 2587 mihi
1461 2553 1675 2594 abeundum,
1700 2553 1907 2598 priusquam

111 2610 385 2655 Heidelbergam
419 2612 708 2656 commigrarem,
744 2617 779 2646 et
812 2616 895 2656 post
929 2612 1082 2647 reditum
1116 2611 1238 2646 itineri
1265 2622 1321 2647 me
1354 2611 1596 2656 accingerem,
1632 2622 1711 2645 cum
1735 2611 1819 2645 item
1846 2615 1908 2647 aer

111 2668 226 2703 minus
254 2668 410 2704 clemens
444 2673 522 2703 tota
546 2668 769 2714 profectione
804 2680 870 2705 nec
900 2681 973 2705 non
1007 2670 1145 2714 aliquot
1177 2669 1303 2707 diebus
1336 2674 1418 2714 post
1451 2669 1658 2704 occasiones
1695 2669 1907 2705 observandi

112 2726 347 2772 praeriperet,
375 2727 492 2761 evenit
516 2732 556 2762 ut
581 2727 624 2761 ab
652 2738 694 2761 ea
721 2728 778 2763 die
802 2736 964 2765 cometae
990 2731 1145 2774 positum
1172 2740 1244 2765 non
1269 2727 1421 2773 amplius
1448 2732 1574 2761 notare
1600 2727 1812 2771 potuerim“.

246 2784 352 2819 Anno
379 2785 480 2819 1580.
511 2785 724 2829 prodierunt
759 2786 946 2830 Tubingae
981 2788 1303 2832 Epkemeridcs
1340 2797 1493 2822 novae
1528 2788 1573 2821 ab
1609 2797 1707 2822 anno
1742 2791 1820 2821 1577
1857 2790 1906 2825 ad

114 2853 252 2877 armum
278 2846 370 2886 1590,
397 2847 619 2887 supputatae
645 2854 688 2878 eoe
716 2844 864 2880 Tabulis
886 2845 1097 2880 Prutenicis
1115 2856 1183 2890 per
1209 2846 1263 2879 M.
1291 2845 1345 2879 M.
1373 2845 1634 2888 Μαεετῐίηιινης
1665 2847 1714 2881 ad
1736 2844 1904 2883 horizon-

111 2904 179 2935 tem
206 2900 481 2946 Tubinqensem,
521 2899 624 2944 cujus
656 2901 844 2946 lonqitudo
870 2906 921 2937 est
945 2904 1004 2935 29⁰
1025 2906 1093 2945 45¹,
1128 2901 1285 2938 latitudo
1316 2912 1399 2935 vero
1426 2903 1487 2933 48⁰
1511 2904 1576 2936 24¹.
1635 2903 1692 2938 Ex
1716 2905 1902 2949 privilegio

111 2958 274 2993 Caesaris
299 2957 501 3002 Rudolphi,
527 2958 612 2992 huic
637 2958 729 2993 libro
754 2960 969 3004 praemisso,
1007 2964 1176 3004 apparet,
1211 2959 1441 2994 Maestlinum
1466 2960 1691 3004 propositum
1721 2962 1901 3008 habuisse,

110 3016 175 3050 hos
202 3015 307 3051 edere
325 3027 433 3060 porro
451 3016 578 3051 libros:
609 3017 856 3061 compendium
876 3018 1164 3060 astronomicum,
1191 3018 1484 3052 commentarium
1501 3018 1537 3053 in
1555 3017 1754 3054 doctrinam
1773 3021 1900 3064 sphae-

109 3073 229 3118 ricam,
256 3073 528 3117 arithmeticam,
556 3074 751 3110 doctrinam
769 3076 1040 3120 triangulorum,
1066 3075 1357 3110 commentarium
1374 3075 1410 3110 in
1431 3075 1655 3111 Cleomedem
1682 3078 1768 3112 etin
1788 3079 1901 3114 Theo-

109 3131 200 3168 dosii
215 3131 326 3168 libros
345 3132 389 3168 de
408 3132 572 3177 sphaera,
600 3132 710 3168 libros
729 3134 772 3170 de
789 3133 977 3171 scioterica
1003 3139 1038 3173 et
1063 3133 1142 3171 aliis
1167 3133 1412 3172 instrumentis
1438 3134 1484 3172 ad
1502 3136 1770 3173 observationes
1789 3141 1900 3173 astro-
