2126 3388
219 216 305 263 836
897 216 983 251 Vita
1007 214 1160 251 Joannis
1184 215 1345 260 Kepleri.

361 331 536 377 Georgius
566 331 742 367 Erasmus
766 331 809 368 L.
835 331 874 366 B.
901 330 946 366 de
972 331 1330 367 Tschernembel
1356 330 1612 378 (Tzernemel),
1648 342 1754 377 quem
1786 333 1952 371 visitasse
1982 345 2021 371 se

220 393 306 429 dicit
329 390 519 435 Keplerus,
545 389 590 425 ab
615 400 707 426 anno
734 391 837 426 1595.
863 390 900 425 in
925 390 1089 425 notitiam
1123 394 1271 425 venerat
1296 389 1463 434 Kepleri,
1499 395 1628 435 petens
1661 395 1702 426 ut
1732 391 1899 428 conficiat
1921 393 2022 428 tabu-

216 451 289 486 lam
313 448 588 494 geographicam
612 447 790 483 inferioris
814 448 983 483 Austriae
1010 449 1080 492 (cfr.
1106 449 1171 484 vol.
1197 452 1222 482 Ι.
1248 461 1283 492 p.
1309 448 1387 492 19),
1419 447 1529 493 paulo
1554 452 1638 493 post
1664 448 1764 492 (Nov.
1791 450 1859 494 95.)
1885 451 1976 495 petit
2001 460 2022 484 a

218 507 393 552 Keplero,
427 510 468 542 ut
492 506 717 542 nativitatem
751 516 852 541 suam
885 506 1065 542 describat
1099 506 1317 550 astrologice
1343 507 1487 550 („natus
1514 517 1593 541 sum
1621 506 1721 544 1567.
1746 507 1828 542 Jan.
1855 507 1888 543 d.
1914 508 2020 552 26.“).

219 565 342 610 Tycho
377 564 526 600 nunciat
550 564 710 609 Keplero
737 565 863 609 (1600)
896 564 1092 610 „Dominus
1120 575 1141 599 a
1166 563 1394 608 Tzernemel,
1432 564 1493 608 qui
1524 564 1590 600 tibi
1620 563 1706 599 fecit
1737 575 1838 610 spem
1863 564 2020 611 aliquam

216 626 299 658 ante
317 622 613 667 quinquennium,
639 621 699 657 hic
715 621 855 666 Pragae
875 627 941 668 est,
968 632 989 657 a
1008 623 1162 658 Caesare
1180 622 1322 667 citatus,
1350 626 1386 657 et
1403 621 1496 657 forte
1521 621 1740 666 aliquamdiu
1764 622 1824 658 hic
1848 623 2019 667 manebit,

217 681 314 726 quod
349 679 584 715 indicandum
622 679 729 724 duxi,
765 691 810 715 ne
842 680 977 716 frustra
1012 681 1098 716 alibi
1130 681 1175 715 ab
1208 691 1250 716 eo
1283 690 1388 725 opem
1423 684 1458 714 et
1493 681 1757 726 promotionem
1796 687 2018 727 exspectes.“

220 739 478 775 Tschernemel
504 739 597 774 inter
623 744 912 784 propugnatores
940 740 1072 775 dicitur
1088 739 1361 774 Austriacorum
1386 738 1470 773 fidei
1485 739 1638 774 Lutheri
1663 739 1900 784 addictorum,
1927 751 2020 776 anno

217 798 322 834 1608.
342 798 498 842 Posonii,
519 809 588 842 quo
605 797 781 832 Matthias
800 798 843 832 ad
863 797 1111 842 accipiendum
1138 797 1301 832 diadema
1317 796 1564 842 Hungaricum
1581 801 1737 842 venerat,
1754 802 1790 831 et
1807 801 1899 832 anno
1919 798 2020 833 1609.

215 857 253 892 in
278 861 457 892 conventu
484 867 564 891 cum
581 856 757 892 Matthiae
782 854 912 901 legatis
939 856 1099 890 Viennae
1123 855 1259 898 habito,
1287 853 1337 889 sic
1363 865 1457 889 anno
1486 854 1578 890 1610
1603 854 1775 889 Olomutii
1800 854 1896 899 apud
1929 855 2021 890 ordi—

217 925 281 951 nes
306 914 564 959 Moravienscs,
600 914 657 950 cui
682 914 743 949 alii
770 924 913 959 quoque
939 913 1099 948 fautores
1125 913 1276 958 Kepleri
1309 912 1516 957 (Jorgerus‚
1553 912 1880 957 Stahrembergius)
1911 913 2020 949 inter-

217 972 329 1018 fuere,
356 973 567 1008 acerrimum
593 983 632 1007 30
660 972 887 1007 defensorem
911 971 1078 1016 praebuit
1099 971 1191 1014 juris
1210 971 1396 1016 praecipui
1415 971 1579 1005 ordinum
1597 971 1868 1007 Austriacorum
1887 974 1921 1006 et
1936 967 2021 1007 fidei

216 1031 460 1067 Lutheranae.
509 1034 614 1066 Anno
641 1032 741 1067 1620.
771 1030 950 1065 Genevam
986 1028 1130 1064 transiit
1160 1029 1282 1073 ibique
1313 1033 1478 1064 mortuus
1514 1034 1568 1064 est
1593 1040 1686 1065 anno
1712 1030 1817 1066 1626.
1843 1051 1887 1056 -
1913 1030 2020 1068 Sche-

220 1089 305 1124 dula
330 1092 452 1124 exstat
478 1088 554 1124 sine
580 1088 726 1123 nomine
754 1088 838 1123 data
860 1088 1012 1131 jubente
1037 1087 1197 1131 Keplero
1233 1087 1279 1122 ad
1305 1098 1456 1122 uxorem
1483 1088 1578 1122 Stira
1605 1088 1638 1123 (1.
1666 1089 1720 1124 20.
1746 1088 1830 1124 Jan.
1858 1090 1958 1131 1616,
1982 1088 2020 1123 111

219 1157 291 1191 qua
316 1146 407 1181 haec
432 1146 478 1181 ad
502 1146 571 1181 iter
596 1145 746 1190 Kepleri
776 1146 995 1190 pertinentia
1027 1145 1197 1190 legimus:
1236 1146 1377 1188 „Meine
1410 1145 1614 1180 vnbekante
1646 1146 1764 1181 (1101131
1788 1146 1859 1181 vnd
1885 1146 2020 1182 Gruess

217 1215 334 1240 zuvor.
386 1205 497 1240 Liebe
523 1205 619 1239 Frau
645 1204 855 1249 Kepplerin.
906 1204 957 1238 Es
984 1203 1063 1239 hatt
1087 1204 1182 1239 mich
1208 1214 1300 1239 ewer
1325 1204 1565 1239 Hausswiirth
1590 1204 1772 1249 gebetten,
1797 1204 1889 1240 euch
1914 1215 2020 1240 anzu-

217 1263 354 1310 wigen,
381 1263 445 1299 das
473 1273 510 1298 er
534 1262 608 1298 biss
633 1262 749 1308 heutt‚
777 1262 996 1306 donnerstag
1022 1273 1078 1296 am
1105 1263 1255 1307 Morgen
1281 1262 1376 1297 alhie
1401 1275 1446 1298 zu
1472 1263 1580 1299 Steur
1605 1262 1803 1308 verpliben,
1828 1263 1899 1298 vnd
1920 1263 2019 1308 jetzo

218 1333 288 1358 von
313 1322 448 1356 hinnen
472 1333 516 1357 zu
541 1321 642 1356 suess
667 1320 732 1355 mit
757 1321 825 1355 eim
843 1322 976 1357 Botten
995 1320 1088 1356 nach
1105 1321 1184 1356 ΕΠΖ
1209 1321 1280 1356 vnd
1298 1321 1567 1366 Schweiwberg
1585 1321 1691 1366 raise,
1717 1322 1915 1365 vermuthe,
1940 1332 2017 1358 wan

218 1380 281 1416 der
305 1381 400 1416 Herr
424 1391 495 1416 von
520 1379 776 1415 Tschernemel
803 1378 1011 1422 daheimen‚
1047 1379 1165 1415 werde
1192 1389 1231 1414 er
1254 1389 1318 1414 vor
1342 1380 1494 1425 Montag
1519 1380 1574 1415 nit
1597 1380 1690 1415 nach
1715 1380 1835 1416 Hauss
1861 1380 2018 1416 khomen

215 1440 393 1477 khonen.“

354 1499 544 1534 Actionem
564 1497 756 1544 juridicam
785 1500 910 1531 contra
935 1499 1085 1530 matrem
1110 1494 1260 1539 Kepleri
1284 1495 1477 1539 integram,
1512 1497 1655 1541 qualem
1680 1496 1826 1533 tabulae
1850 1496 2017 1542 publicae

218 1556 459 1601 Stuttgartiae
484 1560 717 1591 conservatae
744 1554 925 1596 exhibent,
952 1552 1214 1597 praemisimus,
1243 1564 1354 1597 quare
1379 1554 1470 1591 haec
1495 1560 1637 1591 tantum
1656 1567 1700 1592 ex
1722 1556 1785 1591 illa
1809 1556 2017 1600 repetimus.

214 1616 373 1653 Primum
405 1614 576 1650 nuncium
610 1613 662 1648 rei
699 1613 839 1658 accepit
871 1611 1051 1656 Keplerus
1084 1610 1118 1646 d.
1151 1610 1209 1646 29.
1253 1612 1342 1647 Dec.
1369 1613 1476 1659 1615,
1521 1615 1609 1650 adiit
1638 1615 1888 1660 magistratum
1925 1616 2016 1651 Leo-

215 1674 428 1717 bergensem
449 1673 483 1709 d.
502 1673 533 1707 2.
552 1672 632 1707 Jan.
653 1672 743 1707 1616
768 1676 975 1716 protestans
1001 1675 1127 1706 contra
1151 1670 1221 1705 vim
1247 1676 1282 1706 et
1308 1670 1487 1715 injuriam.
1532 1673 1574 1708 In
1600 1672 1774 1708 auxilium
1793 1677 1899 1709 vocat
1915 1673 2017 1708 Vice-

215 1731 471 1767 cancellarium
497 1730 865 1775 Wurttembergicum
883 1730 1012 1773 Faber,
1041 1729 1098 1765 cui
1123 1729 1283 1771 nunciat,
1309 1734 1458 1764 matrem
1483 1731 1528 1766 ad
1554 1741 1592 1766 se
1619 1742 1699 1766 cum
1726 1731 1837 1766 fratre
1860 1731 2017 1767 Christo-

212 1791 328 1836 phoro
354 1790 515 1835 venisse,
547 1788 611 1824 filii
637 1789 810 1824 auxilium
842 1789 1074 1834 imploratum
1106 1787 1138 1823 d.
1169 1788 1220 1823 13.
1246 1789 1332 1823 Ι)00.
1363 1789 1462 1824 1616.
1514 1789 1665 1826 Aestate
1691 1791 1775 1825 anni
1804 1791 1895 1826 1617
1927 1789 2016 1824 abiit

208 1845 394 1895 'Keplerus
421 1859 501 1884 011111
526 1853 639 1883 matre
657 1847 782 1883 Lincio
809 1847 846 1882 in
862 1845 1189 1890 Wiirtembergiam
1214 1845 1335 1890 ibique
1362 1848 1529 1883 manebat
1553 1858 1669 1892 usque
1695 1848 1731 1883 111
1757 1852 1980 1884 autumnum.

353 1908 412 1943 Ex
438 1906 601 1952 epistolis
627 1916 721 1941 anno
750 1905 838 1941 1616
866 1905 958 1940 datis
986 1905 1219 1950 acceptisque
1251 1904 1343 1940 haec
1370 1906 1620 1941 desumsimus.
1662 1906 1825 1941 Petrus
1853 1906 2016 1951 Criige-

217 1978 295 2003 rus
319 1966 492 2011 Dantisco
518 1965 666 2000 nunciat
691 1963 849 2008 Keplero
875 1963 1008 2008 Aprili,
1042 1964 1176 2007 gratias
1211 1973 1321 2008 agens
1352 1975 1419 2008 pro
1454 1965 1609 2007 „donato
1642 1963 1840 2009 exemplari
1875 1964 2016 1999 Stereo-

215 2026 404 2060 metriae“:
425 2024 490 2067 „de
508 2023 741 2059 distractione
759 2023 1018 2068 exemplarium
1035 2022 1145 2057 verba
1162 2022 1232 2057 feci
1250 2023 1295 2057 ad
1313 2023 1527 2068 bibliopolas
1544 2028 1699 2068 nostros,
1714 2023 1777 2058 sed
1795 2032 1866 2057 non
1883 2021 2017 2057 audent

216 2089 336 2121 tecum
360 2082 523 2128 mercari,
552 2081 649 2126 quod
673 2082 781 2126 pauci
808 2082 896 2127 sint,
936 2081 1067 2126 quibus
1093 2081 1248 2116 vendere
1274 2080 1362 2116 talia
1386 2081 1538 2126 possint.
1588 2082 1637 2116 Et
1662 2091 1787 2116 verum
1812 2084 1882 2126 est,
1910 2090 2016 2125 quae-

216 2153 356 2188 cunque
391 2142 428 2176 in
458 2140 718 2177 mathematicis
751 2140 884 2185 scripta
920 2139 1092 2175 solidiora
1126 2139 1301 2182 eduntur,
1338 2140 1368 2174 si
1403 2151 1513 2174 unum
1540 2139 1724 2184 exemplar
1747 2138 1857 2174 habet
1881 2138 2045 2180 mathes

214 2203 367 2237 maticus
393 2201 648 2244 Dantiscanus‚
676 2200 828 2235 alterum
848 2198 1167 2243 Regiomontanus,
1194 2198 1339 2233 tertium
1357 2197 1578 2233 bibliotheca
1596 2197 1891 2242 Regiomontana,
1913 2208 2016 2242 quar-

214 2264 290 2295 tum
315 2259 446 2295 nobilis
471 2259 616 2304 quidam
641 2260 822 2293 Borussus
848 2256 1170 2301 Niewieschinsky,
1197 2260 1386 2300 praeterea
1412 2255 1550 2291 nullum
1576 2256 1761 2301 exemplar
1785 2257 1822 2290 in
1846 2260 1924 2291 tota
1947 2256 2016 2291 Bo-

214 2319 332 2355 russia
358 2319 571 2354 divenditur.
606 2317 810 2362 Bibliopola
835 2320 959 2351 noster
983 2315 1178 2359 praeterito
1205 2319 1377 2350 autumno
1404 2315 1547 2350 unicum
1566 2314 1750 2359 exemplar
1773 2318 1857 2349 tuae
1876 2314 2017 2349 stereo-

216 2378 366 2412 metriae
397 2376 638 2411 Francofurto
672 2375 829 2420 accepit,
869 2374 964 2418 quod
1003 2374 1086 2417 quia
1119 2383 1185 2418 ego
1221 2384 1292 2408 non
1325 2373 1487 2419 emerim,
1522 2373 1641 2408 adhuc
1674 2372 1828 2408 vendere
1855 2372 2014 2417 nequit.“

213 2436 366 2481 Reliqua
384 2446 475 2481 quae
499 2435 621 2470 insunt
645 2433 700 2469 his
718 2433 842 2477 literis,
870 2433 962 2468 sicut
988 2432 1093 2467 etiam
1111 2431 1261 2476 Kepleri
1278 2431 1549 2477 responsionem
1577 2431 1610 2468 d.
1631 2432 1686 2468 17.
1706 2430 1805 2466 Junii
1829 2429 2014 2475 praemisi-

216 2505 295 2531 mus
320 2493 367 2530 ad
392 2504 524 2529 annum
549 2493 649 2528 1615.

354 2553 413 2587 Ex
439 2550 592 2597 epistola
616 2551 657 2586 L.
684 2551 726 2586 Β.
752 2550 894 2585 Erasmi
918 2559 939 2584 a
966 2549 1300 2594 Stahremberg,
1329 2548 1362 2585 d.
1389 2550 1442 2586 16.
1462 2548 1570 2592 Maji:
1598 2547 1702 2591 Quod
1728 2547 1842 2583 serius
1866 2558 2014 2592 respon·

217 2611 319 2647 deam
344 2610 389 2646 ad
415 2610 518 2645 binas
545 2613 638 2653 tuas,
664 2609 701 2643 id
727 2608 1026 2653 occupationibus
1052 2607 1254 2642 solennium
1277 2607 1508 2652 baptismatis
1533 2606 1629 2641 filiae
1654 2616 1780 2641 1000113
1806 2610 1912 2642 natae
1936 2616 2014 2650 per-

213 2670 361 2715 agendis
386 2668 538 2704 tribuas.
587 2669 632 2703 D.
659 2667 808 2702 Aulberi
838 2667 923 2702 novi
954 2667 1116 2711 egregias
1149 2666 1251 2702 dotes
1277 2670 1312 2701 et
1338 2666 1424 2701 satis
1451 2666 1596 2711 dignum
1631 2676 1711 2700 eum
1737 2664 1878 2710 judico,
1910 2664 2012 2708 cujus

215 2739 324 2764 curae
350 2732 388 2764 et
411 2727 625 2772 prudentiae
641 2725 780 2768 nobiles
799 2725 1049 2761 adolescentes
1068 2724 1299 2760 committam.
1333 2723 1480 2758 Memini
1498 2735 1570 2758 non
1592 2723 1643 2758 ita
1659 2723 1798 2769 pridem
1815 2722 2012 2757 Tscherne-

218 2787 363 2822 melium
388 2785 537 2821 Aulberi
562 2784 870 2820 conversationem
897 2787 932 2819 et
956 2783 1237 2819 familiaritatem
1262 2782 1459 2828 flagitasse,
1486 2781 1738 2826 proculdubio
1762 2781 1836 2816 filio
1855 2780 1898 2815 de
1914 2780 2013 2816 fideli

217 2849 254 2879 et
279 2845 367 2880 satis
392 2844 523 2880 idoneo
549 2854 688 2878 morum
714 2847 750 2879 et
775 2843 869 2878 vitae
895 2842 1136 2887 gubernatore
1170 2841 1372 2877 sollicitum.
1421 2840 1515 2884 Quid
1539 2845 1665 2875 autem
1692 2850 1787 2875 nunc
1811 2839 1940 2874 mentis
1967 2836 2013 2874 sit

215 2902 529 2938 Tschernemelius
555 2902 693 2947 ignoro.
742 2902 798 2936 De
822 2900 1046 2946 patruelibus
1073 2905 1109 2936 et
1134 2911 1177 2935 ex
1204 2899 1313 2934 fratre
1338 2899 1548 2944 nepotibus,
1575 2909 1726 2944 quorum
1750 2896 1926 2932 adventus
1951 2906 2011 2931 ex-

215 2964 408 3006 spectatur,
435 2961 523 2995 certi
548 2960 637 2995 nihil
662 2963 822 2995 statuere
846 2971 1014 3005 possum,
1041 2963 1251 2994 excusatum
1277 2958 1386 3002 igitur
1411 2968 1467 2992 me
1494 2956 1662 3001 habebis,
1688 2954 1784 3000 quod
1808 2954 1897 2989 nihil
1922 2955 2010 2990 certi

213 3019 377 3063 polliceri
401 3030 498 3054 nunc
523 3018 677 3054 audeam
702 3023 738 3054 et
763 3019 960 3054 Aulberum
986 3029 1065 3053 meo
1091 3018 1234 3053 nomine
1260 3016 1456 3060 salutabis,
1480 3027 1585 3062 quem
1610 3015 1697 3050 alias
1722 3018 1764 3049 ut
1787 3014 1900 3050 virum
1927 3014 2009 3051 doc—

214 3083 290 3113 tum
315 3082 350 3114 et
374 3079 560 3124 politicum
585 3090 664 3114 amo
692 3079 853 3123 satisque
879 3078 1024 3122 dignum
1044 3076 1169 3121 judico
1194 3076 1240 3111 ad
1265 3075 1439 3120 ejusmodi
1465 3075 1692 3111 functionem.
1734 3073 1824 3110 Vale
1848 3074 1896 3109 mi
1913 3074 2008 3119 Kep-

213 3134 287 3171 lere
313 3141 348 3171 et
371 3137 525 3172 reditum
550 3137 691 3172 felicem
717 3141 752 3172 et
776 3136 934 3172 faustum
959 3148 1004 3172 ex
1031 3136 1148 3171 animo
1173 3145 1312 3180 precor.

352 3194 510 3231 Primum
534 3194 604 3231 hoc
630 3205 722 3232 anno
748 3196 872 3232 literas
899 3195 998 3231 dedit
1023 3194 1204 3240 Keplerus
1221 3193 1472 3233 Vincentio
1495 3191 1704 3230 Blancho
1723 3192 1810 3238 (Vol.
1829 3194 1868 3229 V.
1887 3203 1919 3236 p,
1937 3192 2008 3238 58),
