2126 3388
566 199 714 246 Kepleri
737 199 921 237 literarum
947 201 1067 238 studia
1093 205 1128 237 et
1154 202 1328 240 doctrina.
1766 205 1849 251 997

53 319 237 369 moribus,
269 320 319 359 ob
351 331 450 370 quos
480 321 520 359 in
550 320 683 370 aliquo
716 331 832 359 censu
865 327 934 368 est,
969 321 1186 370 cujusmodi
1218 328 1309 361 sunt
1341 324 1529 374 probitas,
1563 325 1711 375 religio,
1743 325 1851 375 fides,

56 378 252 427 honestas,
286 379 492 428 elegantia.
555 379 758 417 Laudatus
790 383 848 417 est
880 379 929 417 ob
961 379 1130 418 indolem
1170 382 1311 419 bonam
1344 384 1381 420 in
1415 384 1579 433 pueritia
1611 396 1634 422 a
1664 395 1852 435 praecep-

54 437 222 485 toribus,
266 438 445 487 quamvis
477 443 557 476 tum
590 439 843 487 pessimorum
876 444 978 476 esset
1010 450 1159 476 morum
1198 441 1296 477 inter
1334 442 1533 490 aequales.
1594 442 1742 480 Adulta
1768 443 1851 492 jam

53 495 260 544 juventute
292 498 512 546 opinionem
545 496 664 534 habet
695 497 863 546 pietatis,
895 496 1182 544 moderationis,
1217 498 1440 546 industriae,
1474 500 1522 537 ob
1546 512 1661 549 quam
1692 501 1784 539 boni
1818 502 1853 539 ei

53 554 195 593 favent.
258 554 327 592 Est
368 554 433 592 ille
475 553 631 603 quidem
672 565 737 603 per
779 566 819 592 se
861 555 1066 604 religiosus
1109 555 1158 593 ad
1199 558 1511 606 superstitionem
1553 570 1688 607 usque.
1749 558 1854 597 Puer

55 611 186 650 decem
206 624 404 660 annorum,
438 624 523 650 cum
547 613 710 662 primum
732 611 860 661 legere
881 624 990 651 sacra
1014 615 1152 663 potuit,
1187 615 1405 664 exemplum
1428 614 1568 653 Jacobi
1593 622 1630 654 et
1650 616 1852 655 Rebeccae

54 671 128 707 sibi
159 671 198 706 in
228 670 396 708 ineundo
429 671 610 719 conjugio
642 672 855 720 proposuit,
887 670 984 719 legis
1016 677 1222 721 praecepta
1254 684 1408 710 servare
1443 673 1577 720 voluit,
1611 674 1745 722 doluit,
1777 676 1853 713 sibi

55 728 103 766 ob
130 728 213 777 jam
245 728 455 766 admissam
485 730 589 766 vitae
620 730 879 778 impuritatem
910 737 1093 778 negatum
1126 741 1209 767 esse
1241 731 1466 780 prophetiae
1497 731 1694 770 honorem.
1757 732 1854 771 Cum

54 785 147 836 quid
179 786 332 825 sceleris
364 787 544 836 patravit,
577 787 797 836 expiatione
830 791 933 824 certa
963 798 1057 824 usus
1090 793 1159 833 est,
1194 799 1270 836 qua
1300 790 1370 826 rite
1392 789 1661 828 administrata
1693 791 1866 829 credidit·

55 855 96 882 se
126 846 262 895 poenis
295 845 426 892 eximi3
462 850 542 882 erat
574 849 703 882 autem
735 844 976 893 quarundam
1013 847 1240 883 concionum
1272 847 1462 885 recitatio.
1515 847 1653 886 Preces
1693 860 1854 899 vesper—

59 904 161 940 tinas
192 905 225 940 si
256 908 372 941 noctu
404 914 540 940 somno
572 909 804 952 praeventus
837 904 1051 950 omisisset,
1084 915 1197 941 mane
1230 915 1315 941 cum
1347 906 1547 942 matutinis
1580 906 1853 956 conjungebat.

59 961 91 998 A
123 961 208 998 Deo
240 955 407 999 maizima
440 967 477 999 ct
508 963 654 1011 optima
693 972 870 1010 quaeque
914 967 1042 1011 petere
1076 962 1258 1008 instituit,
1302 964 1357 1000 uti
1401 963 1602 1013 temporali
1633 976 1674 1002 se
1706 966 1853 1002 auxilio

56 1019 310 1069 patefaceret,
354 1030 430 1068 quo
472 1024 670 1057 aeternum
709 1018 895 1056 auxilium
936 1018 1089 1057 credere
1129 1022 1263 1069 possit.
1326 1021 1385 1058 De
1424 1021 1610 1070 religione
1648 1022 1785 1073 cupide
1816 1024 1855 1060 in

55 1077 197 1126 vulgus
229 1077 393 1116 disserit.
435 1077 533 1115 Tum
566 1081 695 1116 autem
729 1078 880 1115 virtutis
911 1077 1218 1115 studiosissimus
1251 1083 1328 1124 est,
1360 1080 1491 1128 itaque
1524 1081 1605 1118 vita
1636 1080 1719 1129 ejus
1752 1086 1856 1120 caret

57 1136 274 1184 insignibus
306 1135 480 1183 maculis,
513 1136 586 1173 nisi
610 1146 710 1185 quae
733 1147 779 1173 ex
811 1137 866 1172 ira
887 1140 926 1173 et
956 1135 1127 1183 lascivis,
1161 1138 1292 1185 itaque
1315 1137 1608 1176 inconsideratis
1637 1139 1736 1188 jocis
1761 1151 1854 1188 pro-

55 1195 235 1242 veniunt,
270 1196 362 1243 quia
392 1193 461 1231 illa
491 1193 619 1232 adhuc
649 1199 812 1240 regnant
843 1193 947 1244 apud
979 1195 1117 1244 ipsum.
1181 1194 1300 1232 Senes
1333 1201 1437 1232 amat
1469 1201 1506 1233 et
1537 1196 1644 1243 colit,
1687 1199 1854 1246 gratitu-

59 1251 185 1291 dinem
217 1253 346 1290 verbis
379 1258 416 1290 et
448 1263 562 1302 opere
595 1257 746 1290 exercet
786 1256 903 1301 atque
944 1253 1059 1290 etiam
1099 1257 1279 1293 ostentat.
1341 1253 1620 1292 Moderationis
1654 1255 1853 1293 studiosus

56 1316 132 1359 est,
175 1312 267 1360 quia
299 1322 436 1348 causas
478 1322 603 1349 rerum
636 1309 842 1359 diligenter
882 1309 1076 1359 expendit.
1139 1310 1237 1348 Nam
1270 1311 1373 1360 quod
1405 1323 1479 1350 non
1519 1313 1678 1362 probat,
1721 1313 1774 1351 ibi
1816 1318 1854 1351 et

54 1370 137 1418 ipse
169 1381 275 1407 arma
308 1374 449 1418 crepat.
510 1369 568 1406 Ex
602 1379 647 1406 eo
680 1367 734 1415 fit,
767 1373 809 1405 ut
840 1380 888 1406 ne
910 1368 1037 1406 Deum
1071 1368 1229 1417 quidem
1262 1371 1454 1408 existimet
1484 1371 1710 1420 simpliciter
1741 1371 1854 1409 dam-

53 1432 232 1465 naturum
263 1433 398 1477 gentes
431 1426 584 1465 Christo
616 1438 692 1464 non
725 1426 935 1473 credentes,
969 1439 1014 1465 ex
1047 1438 1092 1465 eo
1124 1439 1260 1476 pacem
1293 1429 1391 1466 inter
1424 1428 1666 1467 Lutheranos
1699 1434 1736 1467 et
1760 1429 1853 1467 Cal-

55 1487 219 1523 vinistas
251 1485 409 1532 suadet,
450 1497 541 1534 erga
572 1485 752 1534 Papistas
793 1496 941 1533 aequus
985 1490 1043 1523 est
1075 1491 1112 1523 et
1144 1488 1382 1534 aequitatem
1418 1498 1502 1525 eam
1535 1488 1714 1525 omnibus
1747 1499 1855 1526 com-

54 1544 222 1583 mendat.
244 1566 299 1572 —
321 1543 434 1582 Unde
466 1543 568 1581 ista‘?
601 1542 711 1581 Unde
733 1544 807 1580 nisi
828 1555 875 1581 ex
897 1542 1001 1581 Jove
1034 1548 1070 1581 et
1093 1544 1244 1582 Venere
1277 1556 1363 1582 eum
1385 1544 1476 1583 Sole
1504 1545 1744 1583 corinexis‘?“
1780 1550 1853 1584 etc.

191 1602 294 1640 Huic
325 1601 484 1651 Kepleri
520 1601 669 1650 judicio
715 1601 762 1640 de
796 1602 951 1651 ingenio
983 1612 1054 1639 suo
1089 1608 1126 1640 et
1157 1603 1328 1640 moribus
1372 1602 1620 1652 adjungenda
1661 1609 1719 1642 est
1759 1615 1854 1642 con-

55 1660 170 1698 fessio
209 1662 331 1710 ipsius
362 1672 438 1698 non
471 1659 726 1709 astrologica,
765 1660 834 1697 sed
877 1659 993 1709 plane
1033 1661 1219 1698 naturalis
1263 1666 1300 1698 et
1341 1662 1509 1709 sincera,
1557 1673 1673 1710 quarn
1716 1666 1854 1711 postea

54 1721 174 1768 (anno
211 1721 340 1767 1619)
383 1718 432 1756 ad
472 1719 720 1756 Vincentium
753 1717 941 1756 Blancum
985 1720 1157 1768 scripsit:
1205 1718 1316 1767 „Non
1361 1721 1490 1757 omnia
1527 1731 1733 1769 possumus
1767 1731 1853 1757 om-

54 1789 132 1817 nes.
191 1777 326 1826 Neque
359 1788 431 1825 ego
465 1776 637 1815 ordinem
669 1781 799 1813 tenere
830 1787 1010 1825 possum:
1054 1782 1375 1826 extemporaneas
1407 1790 1491 1815 sum
1524 1790 1617 1827 ego,
1657 1778 1851 1827 confusus,

53 1837 84 1873 si
118 1835 210 1884 quid
243 1835 460 1873 ordinatum
494 1847 517 1872 a
547 1847 608 1873 me
640 1834 908 1884 proficiscitur,
943 1834 1070 1873 decies
1103 1835 1142 1872 id
1174 1837 1379 1884 repetitum
1412 1841 1483 1874 est.
1526 1836 1723 1874 Interdum
1747 1848 1853 1875 error

53 1893 191 1932 calculi
224 1906 270 1932 ex
301 1895 572 1943 properatione
606 1893 833 1930 commissus
865 1892 1093 1942 longissimo
1125 1899 1298 1943 tempore
1320 1905 1380 1932 me
1412 1899 1636 1932 remoratur.
1689 1894 1852 1933 Possem

52 1964 145 1990 sane
166 1952 316 1990 infinita
338 1952 543 1999 effundere,
576 1962 666 1988 nam
688 1952 760 1988 etsi
782 1950 890 1989 deest
911 1951 1038 1999 lectio,
1071 1959 1247 2001 superest
1270 1954 1521 2001 imaginati03
1555 1958 1594 1990 at
1615 1964 1691 1990 non
1712 1952 1850 2002 placeo

52 2010 145 2047 mihi
177 2012 215 2047 in
248 2010 493 2048 consusaneis
524 2009 688 2055 talibus,
732 2008 862 2048 taedet
894 2011 1100 2058 pigetque3
1144 2022 1267 2059 eoque
1307 2010 1369 2048 vel
1402 2011 1543 2059 abjicio
1583 2010 1647 2048 vel
1677 2022 1850 2061 reservo,

55 2069 180 2107 donec
211 2068 422 2116 revideam,
455 2067 494 2105 id
527 2072 585 2106 est
616 2067 738 2105 donec
769 2079 873 2105 nova
905 2069 1082 2115 scribam,
1117 2068 1221 2117 quod
1251 2069 1479 2118 plerumque
1513 2070 1565 2106 fit.
1611 2069 1709 2106 Peto
1733 2070 1851 2107 etiam

51 2139 74 2165 a
104 2127 217 2165 vobis
249 2128 396 2174 amicis,
429 2138 475 2164 ne
507 2137 567 2164 me
599 2130 723 2163 totum
755 2125 944 2163 damnetis
976 2127 1013 2163 in
1046 2127 1251 2175 pistrinum
1274 2127 1574 2165 calculationum
1595 2127 1846 2165 mathemati-

51 2197 192 2233 carum‚
226 2190 378 2235 tempus
410 2184 503 2222 mihi
535 2184 584 2222 ad
615 2183 902 2233 speculationes
934 2184 1226 2233 philosophicas
1259 2185 1512 2234 indulgeatis,
1546 2184 1706 2223 delicias
1737 2197 1846 2224 meas

50 2245 198 2284 unicas,
259 2243 380 2282 Suum
415 2244 553 2291 cuique
586 2241 806 2291 pulchrum:
840 2241 903 2279 alii
936 2242 1091 2280 tabulae
1124 2247 1162 2280 et
1191 2245 1353 2281 materia
1383 2244 1604 2293 genesium,
1646 2243 1742 2281 mihi
1773 2243 1845 2281 flos

50 2303 324 2349 astronomiae,
357 2301 496 2351 politia
526 2306 700 2338 motuum
733 2306 770 2338 et
801 2305 959 2338 ornatus
991 2300 1185 2350 placent.“
1220 2323 1275 2329 —

189 2360 324 2407 Liber,
358 2371 435 2408 quo
469 2359 572 2397 edito
603 2357 796 2407 Keplerus
829 2360 865 2395 in
900 2360 1246 2397 astronomicorum
1287 2360 1514 2408 scriptorum
1547 2358 1718 2397 ordinem
1749 2358 1847 2406 iniit,

51 2418 354 2457 Prodromus
401 2422 459 2455 est
504 2417 912 2454 dissertationum
961 2417 1514 2466 cosmographicarum,
1563 2419 1847 2455 continens

52 2476 361 2527 Mysterium
395 2474 873 2523 cosmographicum.
938 2474 1059 2523 Cujus
1100 2475 1188 2512 libri
1221 2475 1471 2514 Maestlinum
1509 2477 1736 2524 magistrum
1765 2476 1847 2524 Jam

51 2547 167 2584 supra
199 2535 343 2573 dictum
375 2539 434 2571 est
455 2533 628 2582 aliquam
650 2532 834 2571 habuisse
857 2538 1017 2581 partem,
1052 2533 1294 2582 eundemque
1317 2533 1478 2571 editioni
1502 2533 1645 2571 codicis
1667 2545 1690 2571 a
1712 2533 1847 2571 Gratio

53 2594 102 2631 ad
135 2604 222 2631 eum
254 2592 360 2631 missi
392 2592 630 2640 praefuisse,
662 2592 814 2628 senatui
846 2591 1088 2639 Tubingensi
1119 2591 1260 2629 librum
1294 2591 1585 2629 commendasse
1617 2596 1654 2629 et
1684 2592 1850 2629 tironem

52 2651 290 2701 praefatione
313 2662 383 2687 sua
406 2647 725 2687 commendaticia
748 2647 796 2686 ad
819 2648 953 2686 doctos
977 2648 1247 2687 introduxisse.
1288 2649 1418 2698 Hujus
1440 2655 1569 2687 autem
1591 2648 1678 2686 libri
1699 2649 1851 2686 Maest-

54 2710 154 2747 linus
186 2710 242 2747 ita
273 2705 400 2746 socius
434 2712 516 2758 erat
547 2713 583 2744 et
614 2707 820 2755 particeps,
853 2710 894 2743 ut
926 2718 1106 2744 numeros
1140 2718 1183 2744 ex
1217 2707 1430 2757 Copernico
1463 2712 1500 2745 et
1523 2707 1686 2744 Tabulis
1708 2707 1850 2760 Prute-

54 2769 150 2805 uicis
180 2772 218 2805 et
261 2765 448 2804 conferret
480 2770 517 2802 et
551 2765 791 2811 restitueret,
834 2764 1040 2801 nonnullas
1086 2775 1241 2813 quoque
1279 2765 1423 2814 figuras
1455 2777 1478 2802 a
1508 2764 1678 2813 Keplero
1720 2765 1847 2802 minus

53 2827 151 2864 bene
183 2825 397 2873 descriptas
429 2823 651 2871 corrigeret3
686 2826 813 2859 cetera
844 2823 965 2871 ipsius
996 2821 1157 2870 Kepleri
1189 2826 1290 2860 sunt.
1332 2822 1422 2860 Jarn
1455 2822 1659 2871 Tubingae
1691 2821 1848 2860 adoles-

53 2895 142 2922 cens
172 2884 397 2932 ingeniosus
419 2880 488 2918 illa
509 2879 868 2929 Pythagoraeorum
892 2880 1128 2927 cogitatione
1153 2879 1265 2917 valde
1290 2879 1504 2918 delectatus
1527 2885 1595 2926 est,
1630 2891 1706 2928 qua
1731 2880 1848 2928 hujus

53 2941 186 2980 mundi
218 2946 256 2979 et
288 2939 380 2979 ordo
415 2944 452 2977 et
483 2939 632 2988 species
664 2938 833 2975 numeris
866 2942 904 2975 et
934 2938 1066 2974 formis
1100 2936 1393 2975 describeretur.
1444 2938 1498 2975 Iis
1531 2942 1672 2983 autem,
1707 2949 1806 2986 quae
1829 2950 1852 2976 a

54 3000 261 3038 Maestlino
295 2998 471 3036 audierat
503 2996 548 3033 de
581 2995 818 3044 Copernico,
863 2995 995 3032 statim
1026 2997 1062 3031 in
1096 2994 1342 3033 adolescente
1385 2997 1553 3033 excitata
1593 2996 1777 3044 cogitatio
1811 3001 1849 3034 et

55 3057 248 3107 cupiditas
280 3062 358 3103 est,
393 3055 605 3093 doctrinam
638 3052 966 3102 Copernicanam,
1008 3064 1108 3101 quae
1143 3054 1177 3090 ei
1209 3055 1337 3090 statim
1373 3055 1484 3091 unice
1517 3065 1609 3091 vera
1639 3052 1846 3101 videretur,

0 3118 1 3123 ’
55 3127 142 3154 cum
172 3115 249 3152 illis
282 3114 641 3165 Pythagoraeorum
674 3111 976 3159 cogitationibus
1009 3111 1273 3149 connectendi.
1337 3111 1473 3163 „Adeo
1515 3111 1728 3149 delectatus
1760 3123 1846 3149 sum

56 3174 283 3226 Copernico,
315 3176 358 3214 ut
388 3182 465 3211 non
495 3175 646 3209 tantum
667 3169 799 3208 crebro
833 3168 916 3218 ejus
947 3168 1092 3220 placita
1123 3170 1161 3207 in
1192 3169 1363 3222 physicis
1395 3169 1722 3223 disputationibus
1754 3181 1848 3211 can-
