2157 3398
198 153 281 197 654
609 152 845 187 Summarium
869 151 1050 187 Historiae
1077 152 1328 189 Astronomiae
1353 153 1474 189 seculo
1499 154 1595 192 XVI.

198 274 306 313 atque
336 269 403 304 hos
442 268 611 304 terminos
643 268 832 312 paschales
874 268 1012 303 concilii
1048 267 1197 303 Nicaeni
1235 269 1450 304 auctoritate
1487 269 1703 305 constitutos
1741 269 1982 313 accepimus.“

202 327 339 370 „Quum
365 332 484 362 autem
509 325 772 369 aequinoctium
807 337 952 361 vernum
979 330 1061 360 ante
1093 326 1350 361 correctionem
1376 327 1570 362 calendarii
1604 338 1675 362 non
1707 327 1833 362 iisdem
1860 327 1985 362 diebus

198 384 398 428 contigerit,
424 384 552 427 quibus
578 388 739 426 tempore
765 384 904 418 concilii
931 383 1080 418 Nicaeni
1112 382 1242 426 fiebat,
1274 386 1370 419 unde
1394 384 1509 419 multa
1535 385 1760 420 incommoda
1785 389 1864 419 orta
1889 389 1984 426 sunt,

202 441 441 476 necessarium
468 440 609 474 0111111110
636 440 719 485 fuit,
752 445 791 475 ut
825 441 1091 485 aequinoctium
1125 451 1272 477 vernum
1297 444 1332 477 in
1358 442 1543 486 pristinam
1578 443 1697 477 sedem
1724 442 1985 486 restitueretur,

199 510 264 533 1100
290 499 404 533 11111103
431 498 632 533 necessaria
659 502 736 532 erat
755 500 928 534 correctio
947 499 1154 535 calendarii.
1195 501 1361 535 Exemtio
1389 501 1527 535 dierum
1554 501 1597 535 ‘10
1613 500 1768 544 primum
1792 499 1988 534 constituta

197 557 266 592 fuit
290 562 372 600 post
397 557 430 591 4.
456 555 546 590 diem
574 555 738 590 Octobris
764 557 846 590 anni
872 557 972 601 1582,
1000 557 1084 600 quia
1107 567 1191 592 vero
1218 557 1413 592 nonnullae
1441 557 1646 602 provinciae
1672 568 1716 591 ex
1733 557 1879 592 Octobri
1904 557 1988 591 anni

200 615 297 650 1582.
325 614 481 649 nondum
509 614 630 648 decem
657 613 730 648 dies
750 619 967 657 exemerant,
994 613 1089 658 quod
1117 615 1162 649 ad
1187 625 1247 649 eas
1273 620 1345 649 tam
1372 616 1441 650 cito
1461 615 1677 659 exemplaria
1695 615 1777 650 novi
1795 614 1986 650 calendarii

197 671 346 716 perferri
378 682 450 706 non
480 676 690 717 potuerant,
727 672 860 716 optimo
895 672 1043 706 consilio
1077 671 1213 708 factum
1241 677 1313 718 est,
1348 678 1387 708 111
1420 684 1513 708 anno
1544 674 1644 708 1583.
1681 683 1753 707 non
1779 676 1987 716 exspectato

201 730 344 765 Octobri
372 731 414 765 10
440 730 516 764 dies
542 741 586 765 ex
611 730 807 764 Februario
836 731 1093 775 eximerentur,
1127 741 1170 766 ne
1204 731 1337 766 diutius
1362 732 1487 776 populi
1520 732 1571 766 illi
1602 732 1638 766 111
1664 732 1799 766 dierum
1824 740 1986 765 numera-

196 788 291 822 tione
323 787 366 822 ab
403 787 554 822 ecclesia
587 789 746 822 Romana
778 788 1042 822 dissentirent.“
1092 789 1184 824 Dein
1213 789 1354 824 Clavius
1391 790 1549 825 rationes
1582 789 1704 832 affert,
1737 789 1865 833 quibus
1891 793 1987 823 mota

198 845 348 880 ecclesia
372 845 588 889 posthabitis
608 846 700 880 veris
719 847 844 881 Lunae
870 856 911 880 ac
930 846 1022 880 Solis
1044 846 1200 881 motibus
1227 847 1324 883 solos
1350 848 1486 883 medios
1512 853 1548 883 et
1573 849 1742 892 aequales
1768 847 1986 883 consideret:

197 905 233 945 1)
261 908 380 938 1110103
407 904 481 937 veri
505 903 710 947 inaequales
737 908 838 948 suut,
872 905 978 939 medii
1011 910 1130 940 autem
1166 916 1307 950 semper
1339 907 1508 951 aequales
1534 911 1569 940 et
1595 906 1808 950 uniformes3
1841 904 1987 948 regulae

201 961 246 997 ad
270 962 581 1005 investigationem
607 961 837 1005 aequinoctii,
875 963 1047 996 novilunii
1081 974 1123 998 ac
1147 964 1336 1008 plenilunii
1371 965 1551 1009 paschalis
1577 964 1711 999 traditu
1739 967 1823 997 sunt
1848 962 1985 1004 faciles,

199 1029 290 1063 quae
316 1029 336 1052 a
363 1018 525 1062 quolibet
550 1019 789 1054 astronomiae
816 1020 922 1054 etiam
948 1022 1090 1055 omnino
1117 1022 1197 1056 rudi
1222 1027 1257 1057 et
1281 1023 1405 1067 ignaro
1432 1022 1568 1067 percipi
1601 1022 1742 1066 possint
1767 1020 1984 1063 eaedemque

198 1082 281 1111 sunt
306 1076 483 1111 faciliores
511 1076 547 1110 in
572 1076 715 1121 mediis,
749 1088 854 1120 quam
885 1078 919 1111 in
945 1079 1038 1112 veris
1064 1079 1230 1115 motibus.
1280 1081 1318 1118 2)
1347 1081 1431 1115 Veri
1456 1084 1573 1114 motus
1605 1083 1815 1123 perpetuam
1852 1077 1985 1111 excita-

202 1138 283 1168 rent
308 1133 521 1168 discordiam
546 1134 641 1170 inter
667 1134 796 1169 Christi
821 1134 947 1169 fideles
973 1135 1008 1169 in
1033 1136 1191 1179 paschae
1209 1137 1461 1181 celebratione,
1489 1142 1636 1181 propter
1652 1136 1858 1170 tabularum
1876 1139 1987 1169 astro-

200 1192 417 1226 nomicarum
448 1191 667 1228 varietatem.
727 1193 764 1237 3)
789 1193 919 1228 Nullae
955 1193 1100 1228 tabulae
1135 1195 1301 1229 conditae
1336 1202 1421 1230 sunt
1451 1197 1495 1230 ab
1531 1194 1763 1238 astronomis,
1800 1204 1865 1238 per
1899 1204 1988 1236 quas

199 1250 272 1283 veri
306 1249 490 1284 stellarum
523 1255 641 1284 motus
676 1251 721 1285 ad
748 1261 851 1285 omne
884 1255 1026 1294 teinpus
1064 1256 1161 1286 certo
1192 1252 1322 1296 inquiri
1353 1254 1494 1297 possint
1529 1258 1564 1287 et
1600 1252 1779 1295 cognosci.
1828 1252 1869 1286 In
1894 1252 1990 1285 hunc

201 1307 306 1342 finem
332 1311 564 1342 recensentur
589 1307 734 1342 tabulae
758 1308 965 1353 Ptolemaei,
992 1309 1250 1354 Alphonsinae,
1275 1311 1490 1346 Prutenicae
1516 1311 1769 1355 („praesertim
1797 1321 1876 1345 cum
1901 1309 1988 1343 Pru-

199 1366 336 1400 tenicae
360 1365 505 1399 tabulae
523 1365 669 1400 incertis
688 1366 963 1410 hypothesibus,
989 1368 1118 1402 nedum
1137 1367 1301 1402 absurdis
1329 1373 1364 1402 et
1382 1379 1402 1401 a
1420 1368 1595 1402 communi
1621 1369 1803 1403 hominum
1822 1367 1989 1411 opinione

199 1423 475 1458 abhorrentibus
509 1428 544 1457 01
579 1424 707 1468 quibus
743 1436 865 1459 01111103
896 1425 1105 1469 philosophi
1136 1425 1319 1460 naturales
1354 1431 1573 1470 repugnant,
1608 1425 1778 1461 fundatae
1815 1426 1923 1469 sint“)
1956 1428 1991 1459 01

201 1481 392 1525 Tychonis.
445 1481 541 1523 „Nec
567 1492 649 1516 vero
675 1482 764 1516 haec
791 1492 811 1515 a
838 1493 893 1517 1110
919 1483 998 1517 ideo
1024 1483 1134 1518 allata
1161 1487 1262 1524 sunt,
1296 1485 1391 1528 quod
1416 1489 1539 1528 putem
1566 1485 1707 1519 tabulas
1733 1484 1991 1518 astronomicas

201 1540 342 1573 omnino
369 1539 581 1582 rejiciendas
610 1550 688 1575 esse
714 1546 894 1585 tamquam
918 1542 1027 1577 falsas
1055 1547 1090 1576 et
1115 1542 1249 1583 futiles>
1277 1542 1339 1577 sed
1366 1543 1479 1576 solum
1498 1542 1567 1577 hoc
1585 1542 1776 1586 contendo,
1803 1541 1989 1576 ecclesiam

204 1608 272 1631 11011
299 1608 376 1632 0330
403 1598 447 1632 ad
474 1598 634 1633 curiosas
660 1603 946 1635 astronomorum
975 1601 1191 1635 subtilitates
1219 1601 1455 1644 alligandam,
1483 1611 1562 1635 cum
1589 1601 1734 1635 eaedem
1760 1600 1904 1634 tabulae
1929 1599 1990 1634 diu

201 1656 327 1690 durare
353 1661 543 1700 nequeant,
569 1656 632 1691 sed
658 1657 751 1691 aliae
771 1662 879 1701 atque
906 1659 998 1693 aliae
1024 1671 1089 1703 pro
1114 1664 1315 1702 temporum
1342 1660 1514 1694 varietate
1541 1660 1611 1693 sint
1637 1659 1870 1694 adhibendae.
1921 1659 1989 1694 Ne-

202 1724 269 1757 que
295 1725 377 1748 vero
404 1714 473 1748 hoc
507 1714 671 1759 dignitati
697 1727 738 1750 ac
772 1718 1016 1760 praestantiae
1050 1716 1288 1751 astronomiae
1311 1717 1562 1755 ‚nobilissimae
1594 1717 1764 1752 scientiae
1796 1717 1988 1760 quidquam

201 1772 372 1816 detrahit,
408 1772 512 1806 immo
546 1783 623 1807 eam
648 1774 768 1818 potius
794 1775 941 1810 mirifice
968 1775 1214 1816 commendat,
1253 1775 1347 1818 quod
1372 1780 1444 1809 tam
1471 1780 1636 1809 accurate
1668 1779 1805 1809 tantam
1830 1778 1988 1808 motuum

199 1829 406 1864 varietatem
432 1830 534 1864 nobis
568 1832 613 1865 ob
641 1832 763 1866 oculos
790 1834 1037 1877 proposuerit,
1073 1838 1242 1876 utquam
1277 1833 1437 1876 proxime
1470 1833 1656 1867 veritatem
1688 1833 1803 1876 ipsam
1837 1832 1985 1875 attinga—

199 1890 310 1921 mus.“
362 1889 398 1925 4)
426 1888 576 1922 Etiamsi
601 1889 747 1924 tabulae
773 1891 1037 1926 astronomicae
1064 1895 1248 1925 exstarent
1274 1890 1583 1935 absolutissimae,
1617 1890 1753 1925 frustra
1784 1894 1903 1924 tamen
1930 1899 1989 1921 ex-

201 1945 331 1989 quisita
356 1945 418 1979 illa
442 1950 477 1980 et
502 1946 643 1981 curiosa
669 1949 877 1992 supputatio
904 1950 1071 1984 horarum
1098 1960 1144 1984 ac
1164 1949 1392 1983 minutiarum
1428 1948 1623 1983 secundum
1655 1957 1757 1982 veros
1782 1951 1900 1981 motus
1925 1945 1988 1979 ad-

201 2003 393 2038 hiberetur.
440 2004 531 2038 Nam
556 2004 742 2049 regionum
767 2016 808 2040 ac
834 2007 1108 2042 meridianorum
1133 2007 1288 2041 varietas
1314 2006 1484 2049 efficeret,
1512 2011 1550 2041 ut
1574 2006 1675 2040 labor
1700 2004 1762 2040 ille
1786 2003 1923 2039 inutilis
1948 2014 1989 2038 ac

203 2072 314 2095 vanus
340 2062 559 2096 redderetur.
610 2063 643 2107 5)
669 2063 726 2096 Ex
752 2063 1033 2107 antiquisissima
1058 2064 1318 2099 consuetudine
1337 2065 1442 2099 medii
1460 2070 1577 2098 motus
1604 2074 1668 2098 seu
1693 2063 1813 2107 potius
1840 2063 1929 2108 cycli
1953 2063 1988 2096 in

205 2119 368 2162 ecclesia,
395 2119 486 2154 veris
511 2119 666 2154 motibus
692 2121 876 2165 neglectis,
903 2122 938 2156 in
965 2132 1031 2156 usu
1058 2133 1198 2167 semper
1222 2123 1378 2157 fuerunt.
1421 2124 1456 2163 (5)
1485 2122 1723 2157 Confirmatur
1748 2121 1841 2155 idem
1867 2126 1988 2155 aucto-

202 2179 308 2213 ritate
334 2178 525 2213 multorum
559 2184 843 2214 astronomorum
878 2181 1104 2225 omniumque
1141 2181 1201 2224 qui
1233 2181 1275 2215 de
1301 2181 1408 2215 rebus
1445 2182 1490 2215 ad
1523 2180 1764 2215 calendarium
1789 2179 1988 2214 Romanum

203 2236 464 2280 pertinentibus
491 2247 534 2271 ex
560 2236 733 2272 ecclesiae
760 2237 1018 2272 consuetudine
1044 2239 1275 2282 scripserunt.
1327 2239 1556 2282 (Campanus,
1585 2237 1790 2280 Stoeflerus,
1815 2236 1949 2271 Paulus
1968 2246 1988 2268 a

204 2293 452 2337 Middelburgo
470 2294 688 2330 inducuntur
705 2295 845 2338 testes.)
865 2316 905 2319 —
928 2296 1188 2337 „Intercalandi
1205 2296 1365 2337 rationis,
1392 2301 1430 2330 111
1447 2296 1711 2339 aequinoctium
1730 2300 1879 2339 propter
1897 2294 1988 2327 diem

206 2352 260 2386 21.
288 2352 418 2394 Martii,
447 2352 492 2386 ad
519 2363 621 2396 quem
649 2358 704 2387 est
727 2358 944 2398 revocatum,
971 2354 1178 2398 retineatur,
1203 2354 1363 2397 pontifici
1392 2355 1481 2388 duae
1508 2354 1733 2398 potissimum
1758 2353 1834 2387 viae
1859 2361 1989 2396 propo-

205 2410 294 2443 sitae
321 2414 413 2443 sunt.
463 2409 586 2444 Altera
612 2410 764 2455 quidem,
792 2416 831 2445 ut
856 2421 942 2455 prae
967 2412 1223 2455 inaequalitate
1249 2413 1330 2446 anni
1357 2412 1495 2456 solaris,
1521 2413 1626 2446 inodo
1652 2412 1777 2455 majori
1802 2409 1989 2445 intervallo

204 2478 377 2502 annorum
403 2467 507 2503 niodo
532 2469 669 2513 minori,
698 2469 771 2503 dies
788 2467 1012 2504 intercalaris
1032 2480 1122 2504 unus
1143 2471 1367 2511 eximeretur,
1393 2475 1501 2513 prout
1518 2480 1633 2504 annus
1652 2469 1765 2513 major
1789 2473 1852 2503 aut
1876 2468 1990 2501 minor

204 2536 249 2560 ex
262 2524 462 2570 >Copernici
486 2525 623 2560 calculo
651 2527 838 2571 existeret,
865 2526 978 2561 altera
996 2538 1090 2571 vero,
1117 2533 1156 2562 ut
1173 2528 1380 2572 posthabita
1400 2528 1483 2563 anni
1501 2528 1756 2571 inaequalitate
1773 2527 1863 2562 ratio
1882 2526 1990 2559 inter-

205 2583 344 2617 calandi
368 2583 413 2616 ad
439 2593 570 2617 annum
596 2583 869 2627 Alphonsinum,
897 2586 958 2629 qui
982 2587 1074 2621 inter
1100 2588 1292 2621 maximum
1312 2594 1346 2622 et
1363 2588 1544 2622 minimum
1563 2588 1700 2622 medius
1727 2585 1988 2631 quodammodo

204 2644 268 2681 est,
294 2640 630 2676 accommodaretur.
673 2642 856 2677 Posterior
880 2644 971 2679 ratio
998 2646 1145 2680 consilio
1172 2651 1456 2681 astronomorum
1483 2646 1623 2681 delecta
1650 2650 1715 2689 est,
1742 2644 1908 2689 quoniam
1934 2652 1988 2677 00-

207 2698 315 2732 clesia
339 2698 373 2732 in
400 2698 555 2742 paschae
581 2699 823 2735 celebratione
848 2702 1013 2745 regulare
1039 2703 1123 2746 quid
1151 2709 1186 2738 et
1210 2703 1404 2748 uniforme,
1442 2705 1538 2748 quod
1574 2709 1704 2739 statum
1733 2704 1779 2738 sit
1803 2708 1839 2738 et
1862 2712 1883 2736 a
1907 2712 1989 2735 vero

208 2766 277 2788 non
304 2756 406 2799 longe
432 2756 536 2798 absit,
561 2757 681 2800 potius
707 2768 813 2800 quam
839 2765 1041 2794 accuratam
1067 2766 1351 2796 astronomorum
1378 2763 1670 2807 supputationem
1697 2762 1797 2805 sequi
1823 2760 1930 2795 debet
1955 2764 1990 2793 et

212 2813 294 2856 quia
320 2814 469 2848 ecclesia
499 2824 564 2848 usa
591 2825 731 2858 semper
764 2820 818 2850 est
852 2817 974 2852 mediis
1006 2819 1160 2853 motibus
1195 2819 1230 2853 in
1261 2820 1455 2855 noviluniis
1490 2825 1525 2855 01
1549 2820 1641 2855 101113
1667 2820 1759 2854 XIV.
1786 2818 1830 2854 ad
1854 2823 1987 2852 rectam

210 2871 365 2914 paschae
390 2871 665 2906 celebrationem
696 2873 996 2919 investigandam,
1027 2877 1119 2911 veris
1153 2877 1307 2912 motibus
1338 2878 1561 2921 exquisitiori
1595 2882 1878 2912 astronomorum
1911 2885 1988 2919 per—

212 2929 419 2962 scrutationi
444 2928 576 2964 relictis
586 2942 594 2972 ;
622 2940 774 2974 aequum
800 2932 905 2975 igitur
932 2939 966 2968 et
992 2939 1271 2970 consentaneum
1297 2946 1375 2970 esse
1401 2937 1555 2981 videtur,
1588 2941 1628 2970 ut
1654 2935 1697 2969 ad
1723 2933 1987 2977 aequinoctium

210 2985 246 3020 in
271 2996 336 3019 sua
361 2986 444 3021 sede
469 2986 694 3021 retinendum
719 2990 888 3026 adhibeat
911 3002 1052 3035 quoque
1069 2994 1150 3027 anni
1168 2993 1447 3037 magnitudinem
1464 2994 1648 3028 medi-amf-
1671 3012 1711 3016 -
1729 2993 1782 3025 De
1807 2991 1849 3026 iis
1868 3001 1987 3034 agens,

213 3055 304 3091 quac
329 3045 365 3078 M
377 3044 540 3079 aestlin
551 3055 600 3079 us
626 3047 765 3092 objicit,
792 3049 1056 3093 aequinoctium
1082 3061 1243 3094 vernum,
1280 3052 1309 3086 si
1334 3052 1422 3086 haec
1447 3050 1622 3096 posterior
1647 3049 1737 3084 ratio
1763 3049 1986 3089 adhibeatur,

214 3114 259 3141 ex
285 3105 340 3140 dic
366 3106 418 3139 21.
443 3105 561 3141 Martii
587 3118 657 3141 non
683 3108 732 3143 ita
755 3115 837 3153 post
862 3111 973 3145 multa
998 3120 1171 3146 annorum
1196 3110 1307 3145 millia
1331 3110 1375 3145 ad
1401 3110 1455 3145 27.
1484 3120 1595 3152 usque
1614 3109 1867 3152 prolapsurum
1891 3105 1987 3140 etad
