2126 3388
944 170 1045 206 1630.
1806 172 1890 217 919

222 285 402 331 Exempla
428 286 616 331 sportulae
644 286 809 322 distribui
834 286 928 322 inter
953 296 1026 330 eos,
1056 286 1116 330 qui
1141 290 1176 322 et
1204 286 1456 332 Rudolphinas
1481 292 1709 334 aeceperunt.
1760 289 1831 325 Sed
1856 294 1892 326 et

85 342 272 378 Sinensem
307 343 498 388 epistolam
526 344 624 389 dedi,
659 344 789 389 quibus
815 344 1023 387 destinasti,
1059 344 1120 388 qui
1146 344 1290 389 quidem
1315 345 1404 381 actis
1430 347 1553 390 gratiis
1589 347 1752 383 officiose
1776 351 1812 383 te
1836 358 1891 384 re-

85 400 255 441 salutant.

225 460 331 495 Salve
358 465 394 495 et
419 471 440 495 a
466 471 522 496 me
548 461 678 496 iterum
705 461 908 506 iterumque
943 466 979 496 et
1002 462 1092 506 reip.
1125 460 1306 497 literariae
1339 462 1434 498 bono
1467 462 1667 500 diutissime
1692 465 1891 510 prosperri-

84 528 211 563 meque
235 518 324 553 vale.

223 576 384 612 Sinensis
412 577 587 622 epistolae
613 587 747 622 quaeso
773 578 829 613 fac
855 579 1007 614 habeam
1033 578 1150 614 adhuc
1176 590 1285 614 unum
1319 583 1355 614 et
1380 579 1532 615 alterum
1566 580 1788 626 exemplum,
1821 582 1891 617 nisi

85 638 207 670 tamen
233 645 252 669 e
276 641 438 684 mercatu
463 635 759 671 Francosurtensi
786 637 865 680 ejus
891 638 994 682 copia
1020 638 1094 673 fiet.
1137 636 1264 671 Omnia
1289 636 1435 672 mirifice
1460 637 1687 682 placuerunt,
1714 639 1890 683 praefatio

84 703 167 728 vero
193 703 303 738 supra
328 694 488 737 modum,
515 694 605 729 adeo
632 693 889 738 circumspecte
916 695 1170 740 sapienterque
1195 695 1412 739 perscripta,
1441 700 1481 730 ut
1506 707 1585 730 cum
1609 706 1732 731 verum
1757 698 1891 742 alioqui

84 751 233 785 mordax
261 762 486 796 nequaquam
521 750 742 795 dissimules,
778 753 956 786 neminem
991 757 1110 787 tamen
1136 752 1171 787 in
1197 753 1297 788 hisce
1331 753 1552 790 diversarum
1578 755 1735 800 partium
1760 756 1888 792 studiis

83 807 257 845 offendas.

221 867 332 902 Serib.
359 867 506 911 Argent.
534 867 567 904 d.
600 868 724 912 12.s22.
749 867 872 903 Martii
897 868 983 903 anni
1008 869 1110 905 1030.

222 928 474 978 Keplerus
508 929 832 980 Berneggero
864 929 905 967 S.
938 929 981 967 P.
1015 930 1064 967 D.
1117 929 1340 968 Clarissime
1374 931 1443 978 vir,
1477 931 1689 969 amicorum
1709 944 1884 971 meorum

85 999 196 1036 apex.
247 987 392 1036 Recepi
425 987 582 1026 tandem
614 993 651 1025 et
682 999 866 1036 generum
899 987 1094 1036 filiamque
1116 1000 1242 1026 meam
1275 995 1312 1026 et
1344 993 1431 1026 tuas
1463 988 1595 1027 literas
1627 995 1665 1028 et
1696 992 1815 1029 totius
1846 994 1883 1029 in

87 1047 133 1082 iis
166 1056 333 1095 pompae
365 1047 545 1095 geminae
578 1048 787 1095 imaginem
819 1045 1077 1093 luculentam,
1113 1049 1280 1084 oratorio
1313 1046 1437 1096 stylo,
1472 1048 1576 1096 quod
1609 1048 1657 1085 ad
1690 1049 1887 1087 cumulum

86 1104 362 1142 beneficiorum
402 1104 572 1150 accedit,
612 1106 667 1142 sic
700 1104 953 1151 delineatam,
998 1110 1039 1141 ut
1077 1105 1236 1142 affectus
1270 1116 1376 1142 meos
1420 1106 1662 1144 cessantibus
1695 1107 1818 1145 oculis
1850 1109 1887 1145 in

89 1174 167 1200 rem
200 1169 442 1211 praesentem
476 1163 696 1203 adduxeris.
738 1163 849 1200 Dixit
881 1163 1039 1211 quidam
1071 1163 1175 1212 apud
1208 1164 1409 1210 comicum,
1444 1163 1656 1202 domestica
1677 1165 1782 1203 mala
1804 1177 1888 1204 esse

88 1221 239 1269 majora
270 1221 464 1267 lacrumis,
498 1233 569 1270 ego
602 1221 764 1259 feliciori
796 1223 832 1257 in
867 1222 1028 1258 materia
1060 1221 1253 1268 imitabor,
1287 1226 1353 1259 tua
1376 1222 1562 1260 beneficia
1593 1225 1795 1272 superiora
1816 1236 1888 1273 ag-

87 1290 264 1326 noscens,
299 1291 416 1328 quain
449 1284 491 1317 ut
523 1291 638 1329 super
669 1281 715 1317 iis
747 1291 793 1317 ex
826 1279 1014 1328 dignitate
1036 1291 1108 1317 sua
1131 1291 1296 1328 meoque
1318 1279 1456 1317 affectu
1489 1281 1634 1329 possim
1658 1281 1887 1320 exclamare.

86 1337 174 1375 Hoc
205 1337 331 1375 solum
365 1337 450 1375 dieo
484 1338 684 1386 edicoque,
717 1349 778 1375 me
817 1349 944 1386 neque
978 1337 1193 1384 benefieiis,
1235 1349 1361 1386 neque
1407 1340 1580 1376 oratione
1621 1351 1752 1388 parem
1790 1351 1888 1387 esse,

87 1397 151 1444 qui
184 1400 310 1433 tecum
343 1402 499 1434 certem.
554 1395 668 1444 Quod
700 1402 887 1445 superest,
921 1395 1015 1432 mihi
1049 1395 1148 1434 haec
1180 1398 1216 1433 in
1251 1402 1449 1445 posterum
1481 1407 1571 1434 cura
1603 1398 1812 1446 incumbet,
1846 1403 1888 1436 ut

86 1460 124 1492 et
155 1465 256 1502 quae
287 1454 542 1492 commodasti
575 1454 804 1504 conjugibus
836 1455 960 1503 primo
993 1465 1148 1503 quoque
1170 1460 1342 1503 tempore
1363 1456 1576 1501 restituam,
1610 1459 1647 1493 et
1679 1455 1725 1493 de
1757 1455 1889 1505 aliqua

86 1513 214 1561 specie
246 1512 493 1560 gratitudinis
527 1515 694 1561 cogitem
726 1517 804 1550 tam
836 1515 874 1549 in
908 1517 944 1550 te
967 1524 1082 1561 quam
1115 1515 1153 1549 in
1185 1513 1339 1550 affinem
1363 1518 1481 1560 tuam,
1517 1512 1682 1562 denique
1704 1515 1741 1550 in
1765 1518 1887 1552 totam

87 1570 349 1619 academiaxn3
384 1577 421 1609 et
453 1572 545 1619 quia
577 1573 730 1620 privato
765 1571 953 1609 beneficio
986 1571 1142 1620 publice
1175 1583 1235 1608 me
1267 1573 1446 1609 mactasti
1488 1570 1643 1620 duxque
1675 1571 1767 1610 facti
1797 1573 1888 1610 uni-

86 1639 218 1666 versos
249 1630 287 1666 in
320 1634 437 1678 caput
468 1641 595 1668 meum
629 1631 831 1667 concitasti
863 1640 938 1667 non
972 1629 1296 1678 exstinguendum
1329 1630 1397 1667 sed
1429 1629 1718 1677 honorandum,
1765 1630 1886 1669 veluti

86 1687 261 1725 tribunus
294 1699 339 1725 ex
372 1698 567 1737 areopago
599 1693 735 1725 auctor
764 1688 958 1737 plebisciti
991 1689 1027 1724 in
1060 1699 1120 1725 me
1154 1687 1544 1735 honorificentissimi,
1577 1688 1647 1725 tibi
1668 1690 1785 1726 etiam
1808 1699 1885 1726 non

85 1747 268 1795 privatim
300 1750 476 1793 tantum,
521 1746 590 1784 sed
627 1746 782 1795 publice
822 1747 938 1784 etiam
978 1748 1124 1795 gratias
1156 1758 1284 1795 agam.
1346 1746 1534 1795 Adeoque
1567 1747 1689 1795 prima
1721 1745 1817 1784 haec
1847 1748 1886 1783 in

86 1805 303 1853 proximum
338 1803 535 1842 octiduum
568 1809 700 1842 nostra
730 1804 794 1842 hic
826 1805 897 1842 erit
931 1804 1171 1850 deliberatio,
1205 1816 1305 1853 quae
1338 1807 1559 1842 necessaria
1589 1815 1665 1841 non
1699 1809 1821 1851 esset,
1854 1806 1887 1842 si

88 1861 414 1911 Campidunensis
446 1863 668 1911 respublica
698 1862 816 1912 paulo
849 1862 1100 1901 tolerabiliori
1142 1862 1299 1900 fortuna
1342 1867 1513 1900 uteretur
1554 1873 1679 1910 neque
1717 1863 1758 1899 in
1788 1863 1884 1900 meis

86 1921 341 1973 pensionibus
371 1921 709 1970 repraesentandis
742 1920 1002 1970 impediretur.
1047 1921 1146 1958 Nam
1181 1920 1285 1970 quod
1306 1920 1441 1959 eadem
1462 1926 1550 1958 utor
1569 1920 1723 1958 fortuna
1745 1920 1882 1969 Lincii,

86 1978 169 2027 ejus
201 1978 346 2017 doloris
377 1990 532 2017 sensum
565 1979 614 2017 ad
646 1984 683 2017 te
715 1981 916 2028 pervenire
948 1978 1051 2017 nolo.
1890 2011 1891 2014 ,

230 2037 461 2075 Clarissimis
503 2039 594 2076 viris
626 2037 674 2075 D.
706 2038 757 2075 D.
796 2037 952 2076 Sebizio
993 2037 1222 2087 p1·omot01·1,
1267 2036 1316 2074 D.
1349 2037 1397 2077 D.
1437 2035 1686 2074 Saltzmauno
1729 2037 1882 2085 privato

87 2095 295 2145 conjugum
326 2096 481 2144 patroni
513 2101 550 2134 et
582 2096 792 2134 consultori
827 2097 995 2145 optimo,
1028 2095 1077 2132 D.
1110 2094 1164 2132 M.
1197 2094 1383 2133 Malleolo
1416 2094 1689 2133 mathematico
1721 2095 1884 2144 ejusque

86 2155 208 2201 uxori,
242 2154 290 2192 D.
324 2154 373 2192 D.
406 2153 554 2192 Joanni
587 2154 763 2193 Schmidt
795 2153 993 2203 theologo,
1029 2153 1077 2190 D.
1110 2153 1160 2191 D.
1193 2152 1256 2191 ιΙο.
1291 2153 1395 2190 Frid.
1419 2152 1594 2190 Schmidt
1624 2153 1766 2190 fautori
1797 2164 1883 2190 meo

86 2211 275 2261 singulari
308 2212 582 2250 benevolentia
622 2214 799 2261 cognito,
842 2213 890 2249 D.
924 2212 973 2249 D.
1014 2211 1189 2249 Bitsehio
1229 2213 1385 2259 rectori,
1428 2211 1477 2248 D.
1510 2211 1560 2249 D.
1593 2210 1882 2260 Lingelshemio

86 2271 161 2308 mei
192 2270 492 2315 studiosissimo,
527 2276 564 2309 et
597 2271 736 2319 quibus
768 2281 857 2318 non,
890 2270 1096 2319 plurimum
1126 2282 1149 2307 a
1179 2281 1239 2307 me
1279 2269 1445 2307 salutem
1476 2268 1665 2307 adscribo.
1727 2269 1774 2306 Et
1801 2269 1883 2318 jam

86 2328 152 2366 ubi
183 2327 231 2366 ad
264 2340 424 2367 uxorem
455 2333 562 2367 tuam
594 2335 766 2377 ventum,
799 2330 833 2367 ei
864 2328 996 2367 fausta
1028 2329 1158 2366 omnia
1189 2328 1350 2377 ejusque
1383 2333 1421 2366 et
1441 2332 1533 2366 tuae
1564 2326 1709 2366 filiolae
1730 2326 1882 2365 Susan-

87 2499 160 2520 eum
186 2488 255 2520 filia
280 2490 442 2531 Keppleri
467 2492 592 2529 nostri,
620 2491 752 2521 dotibus
778 2490 881 2520 animi
907 2490 1119 2530 corporisque
1145 2498 1224 2520 sane
1250 2499 1348 2531 quam
1374 2490 1590 2520 ornatissima
1614 2489 1743 2527 virgine
1767 2489 1881 2518 tanto-

86 2547 150 2577 que
175 2540 273 2576 patre
297 2538 431 2567 omnino
457 2537 573 2575 digna,
608 2537 800 2577 propediem
826 2537 880 2566 hic
906 2536 1133 2568 celebrandas.
1181 2535 1254 2578 Etsi
1281 2539 1394 2566 autem
1418 2535 1471 2566 vel
1500 2537 1536 2566 in
1561 2536 1694 2566 nomine
1720 2533 1882 2574 Keppleri

88 2584 169 2614 satis
194 2583 353 2624 ponderis
381 2586 429 2614 est
453 2584 494 2613 ad
520 2586 551 2613 te
576 2584 640 2614 hue
673 2582 949 2623 pertrahendum,
984 2583 1036 2612 eui
1068 2592 1128 2613 nec
1160 2583 1285 2621 gratius
1312 2585 1373 2617 (sat
1403 2583 1484 2618 seio)
1515 2591 1577 2612 nec
1609 2579 1881 2611 honorificentius

87 2628 233 2660 officium
265 2629 370 2659 ullum
401 2633 566 2669 praestare
599 2633 711 2670 potes,
753 2632 882 2668 oportet
914 2632 1025 2659 tamen
1056 2632 1093 2659 ut
1129 2629 1391 2670 superpondium
1422 2628 1560 2670 aliquod
1594 2627 1714 2658 addam
1748 2635 1882 2665 precum

87 2686 250 2716 mearum,
280 2677 416 2717 quibus,
443 2681 502 2706 aut
526 2677 734 2706 vehementer
758 2674 870 2712 fallor,
906 2676 968 2706 hoc
994 2675 1106 2716 dabis,
1139 2680 1175 2706 ut
1201 2684 1242 2706 ne
1265 2674 1468 2715 reipublicae
1495 2675 1589 2714 huie,
1617 2683 1656 2703 ne
1680 2672 1881 2714 academiae,

86 2733 126 2753 ne
152 2723 234 2753 mihi
261 2723 402 2763 denique
428 2732 525 2760 neges
544 2723 857 2752 desideratissimum
876 2724 968 2752 tuum
987 2724 1210 2762 conspe-ctum.
1261 2720 1379 2752 Audeo
1398 2722 1498 2751 etiam
1516 2729 1649 2761 sperare
1675 2728 1877 2750 summorum

88 2770 234 2800 xii-orum
260 2769 394 2799 Besoldi
427 2772 459 2799 et
484 2770 596 2799 Lansii
627 2769 861 2810 praesentiam.
911 2767 976 2799 Sed
1002 2771 1091 2797 tuam
1115 2769 1165 2798 ita
1190 2777 1304 2808 spero,
1340 2770 1377 2797 ut
1407 2766 1492 2797 nihil
1516 2768 1695 2808 quiequam
1720 2765 1879 2796 dubitem.

89 2816 239 2856 Sponsus
264 2817 392 2854 rogarit
417 2819 474 2846 aut
498 2816 630 2853 rogabit
656 2818 741 2845 certe
768 2823 899 2844 carmen
925 2812 1172 2855 epithalamion,
1199 2814 1298 2854 quale
1325 2814 1353 2843 si
1378 2814 1478 2844 etiam
1497 2823 1515 2843 a
1532 2813 1655 2843 Lansio
1680 2812 1881 2852 impetratis,

89 2862 285 2893 beneficium
312 2861 544 2903 duplicaveris.
564 2887 572 2894 ,
593 2885 599 2890 .
619 2886 628 2894 ,
676 2859 771 2893 Vale.
822 2861 956 2898 Argent.
983 2861 1015 2891 9.
1040 2859 1140 2893 Febr.
1168 2861 1269 2891 1630.

228 2909 446 2941 Schiekardus
476 2908 671 2938 invitationi
696 2916 762 2937 non
796 2907 986 2937 obsecutum
1013 2915 1098 2945 esse,
1134 2909 1274 2946 apparet
1309 2914 1348 2935 ex
1380 2905 1484 2935 literis
1510 2905 1543 2938 d.
1572 2907 1602 2935 1.
1630 2904 1732 2946 Man,
1759 2904 1881 2944 quibus

89 2958 196 2996 refert,
222 2966 255 2987 se
279 2957 322 2986 ab
349 2965 386 2986 eo
411 2958 570 2995 tempore,
596 2964 662 2995 quo
691 2951 970 2994 „epithalamion“
999 2953 1141 2993 miserit,
1173 2953 1362 2983 universam
1387 2951 1456 2982 fere
1482 2951 1793 2989 Wiirttembergiam
1820 2951 1881 2981 ob·

90 3003 269 3043 equitasse,
294 3002 422 3033 scholas
448 3002 582 3032 visitare
604 3002 744 3039 Jussum.

229 3048 457 3087 Berneggerus
487 3048 586 3078 refert
617 3046 662 3088 (in
696 3045 801 3077 literis
832 3045 861 3076 d.
890 3045 946 3077 18.
972 3043 1069 3086 Maji)
1102 3044 1141 3075 de
1171 3045 1300 3085 nuptiis
1336 3042 1511 3074 celebratis
1541 3044 1733 3074 absentibus
1766 3043 1881 3074 amicis

90 3096 372 3137 Tubingensibus,
407 3095 594 3126 absentiam
626 3103 702 3124 vero
728 3091 920 3124 Schickardi
944 3092 1023 3121 satis
1054 3094 1245 3122 excusatam
1271 3091 1369 3122 habet
1400 3091 1557 3131 periculis
1582 3089 1716 3122 illorum
1752 3092 1879 3131 tempo-

90 3153 173 3177 rum.
224 3141 528 3184 „Epithalamium“
555 3150 623 3172 non
648 3139 805 3172 traditum
829 3147 899 3173 esse
923 3138 1085 3185 queritur,
