2126 3388
600 173 654 210 De
682 173 804 210 amicis
829 177 866 210 et
890 174 1092 212 fautoribus
1115 174 1277 221 Kepleri.
1759 179 1842 224 973

47 296 111 333 siit
141 294 191 333 ad
223 306 386 345 eamque
428 305 506 333 rem
538 294 746 333 secretario
786 305 856 332 suo
888 294 1197 347 Zehentmayero
1238 308 1332 334 usus
1374 301 1455 345 est,
1499 296 1612 346 cujus
1656 297 1844 346 epistolae

46 365 163 402 supra
189 355 242 399 (p.
271 356 354 396 703,
387 355 456 391 710
481 356 546 400 ss.)
585 353 744 402 carptim
789 352 944 391 additae
988 360 1089 394 sunt.
1162 355 1195 392 A
1240 367 1316 404 quo
1358 366 1427 404 pro
1470 355 1602 393 multis
1642 354 1842 394 laboribus

48 411 235 449 donatum
267 410 450 461 poculum
489 416 715 460 argenteum
745 410 938 460 Keplerus
972 411 1180 450 Maestlino
1217 425 1310 462 „pro
1347 414 1526 451 maximis
1559 419 1596 451 et
1626 413 1845 452 multifariis

46 468 248 508 laboribus
292 471 328 506 in
369 468 518 507 edendo
559 468 798 506 Prodromo“
844 469 944 506 dono
988 470 1107 508 dedit.
1172 471 1286 521 (Cum
1327 471 1520 521 Keplerus
1563 474 1764 510 transitum
1807 475 1843 509 in

48 527 420 576 Wiirttcmbergiam
443 527 503 565 vel
526 527 575 565 ad
598 527 824 576 Tychonern
850 530 963 574 (initio
991 531 1076 564 anni
1102 531 1216 574 1600.)
1256 534 1432 577 tentaret,
1467 529 1674 568 Maestlino
1697 531 1842 569 descri-

46 586 142 624 bens
174 591 317 624 statum
351 587 388 622 in
421 585 551 635 Styria
581 585 852 634 periculosum,
886 585 1011 623 addit:
1045 615 1053 624 .
1080 616 1087 623 .
1111 614 1121 623 .
1157 599 1296 639 „nemo
1329 600 1389 626 me
1423 588 1644 637 expelleret,
1679 594 1717 627 et
1747 601 1840 639 pru—

46 643 262 682 dentissimi
295 645 438 693 quique
472 656 517 681 ex
551 643 749 681 ordinibus
782 655 842 682 me
865 650 997 682 amant
1019 656 1184 694 meaque
1217 645 1413 695 colloquia
1435 646 1484 684 ad
1508 649 1691 686 convivia
1713 648 1845 686 crebro

45 701 289 752 expetunt“.)
346 704 350 705 ⁷

182 759 352 810 Keplero
384 764 515 796 autem
546 769 621 796 non
654 759 769 796 modo
804 771 889 797 cum
921 759 1185 810 Styriacorum
1218 767 1255 800 et
1287 762 1578 801 Austriacorum
1600 762 1845 802 Lutherano-

50 830 131 856 rum
163 817 401 868 principibus
433 817 670 865 frequentius
703 823 784 854 erat
816 820 1106 867 commercium,
1141 819 1208 857 sed
1241 822 1357 858 etiam
1391 821 1450 870 (ut
1477 821 1557 870 jam
1592 820 1735 859 dictum
1769 828 1844 871 est)

47 888 132 914 cum
164 877 295 914 multis
327 876 606 925 potentissimis
647 874 862 913 aulicorum
906 877 997 914 viris
1030 879 1087 926 (et
1119 877 1287 916 Matthia
1319 884 1356 916 et
1387 879 1633 917 Ferdinando
1677 881 1845 930 impera-

45 938 168 983 tore),
200 946 275 973 non
307 935 435 971 minus
466 944 582 982 quam
615 944 700 971 eum
733 933 1010 972 catholicarum
1050 938 1217 985 partium
1251 936 1424 975 ducibus.
1486 937 1551 976 Sic
1581 950 1731 977 summa
1763 944 1845 977 erat

48 995 120 1030 viri
152 995 279 1042 gratia
310 991 414 1042 apud
436 991 726 1041 Principem
759 992 1162 1043 Eckenbergium‚
1196 995 1438 1034 Baronem
1472 995 1530 1034 de
1561 995 1744 1044 Mekau,
1779 999 1844 1046 qui

44 1051 235 1090 Matthiae
268 1051 510 1100 imperatoris
543 1056 623 1087 erat
655 1049 767 1087 aulae
799 1053 1002 1100 magister,
1043 1052 1146 1101 apud
1181 1053 1425 1092 Abbatem
1457 1066 1480 1091 a
1510 1054 1843 1092 Kremsmiin-

43 1115 162 1148 ster.
225 1109 420 1147 Tobiae
452 1107 702 1155 Scultet0‚
738 1107 916 1148 Caesarei
952 1109 1092 1148 Palatii
1125 1110 1286 1159 Comiti‚
1329 1114 1570 1161 imperatoris
1610 1113 1841 1159 consiliario,

44 1169 238 1217 inscripsit
269 1168 440 1216 Ecloyas
477 1165 706 1206 Chronica&
757 1166 801 1203 In
835 1168 1001 1217 epistola
1033 1167 1272 1207 dedicatoria
1303 1170 1416 1208 refert
1448 1182 1604 1208 causam
1636 1173 1844 1210 intermissi

43 1226 162 1264 studii
194 1226 442 1264 astronomici
476 1226 661 1262 amissam
693 1236 852 1262 uxorem
885 1232 923 1265 et
953 1226 1074 1264 filium
1107 1231 1150 1273 (v.
1186 1241 1212 1265 s.
1239 1242 1272 1275 p.
1301 1232 1380 1275 795)
1414 1234 1450 1267 et
1483 1229 1575 1267 dicit
1596 1230 1719 1267 virum
1742 1230 1842 1268 hunc

43 1287 156 1334 quasi
188 1289 384 1322 auctorem
415 1283 514 1330 libri,
548 1285 615 1332 qui
645 1283 825 1321 literar-iis
847 1284 1053 1335 colloquiis
1085 1285 1237 1334 Pragae
1268 1292 1359 1324 tunc
1391 1299 1548 1325 versans
1581 1293 1618 1325 et
1649 1288 1838 1326 hortatio-

39 1344 153 1381 nibus
192 1344 364 1381 animum
409 1348 643 1391 prostratum
685 1344 845 1379 erexerit
885 1349 953 1392 „ut
992 1343 1041 1381 ad
1068 1343 1353 1392 jucunditatem
1396 1345 1609 1383 studiorum
1652 1346 1842 1395 paulatim

40 1398 288 1451 respiraret“.
349 1401 392 1438 In
427 1399 594 1449 epistola
627 1399 863 1438 dedicatoria
896 1401 982 1439 libri
1016 1401 1134 1440 Nova
1160 1402 1442 1441 Stereornetria
1463 1402 1681 1442 Doliorum
1712 1404 1842 1443 Vina-

38 1462 199 1498 riorum
230 1458 412 1508 legimus:
449 1469 552 1506 „non
585 1457 652 1495 diu
682 1458 775 1494 mihi
808 1459 1019 1507 quaerendi
1052 1466 1170 1508 erant,
1205 1472 1303 1510 quos
1336 1461 1577 1500 dedicatione
1610 1462 1840 1512 alloquerer,

41 1520 105 1567 qui
137 1519 281 1567 ingenii
303 1516 532 1555 rectitudine
555 1515 927 1555 demonstrationum
958 1516 1154 1568 ἁκριβειαν
1185 1525 1408 1568 aequarent,
1441 1520 1842 1570 pulchritudinemque

41 1588 173 1614 earum
195 1575 382 1625 singulari
406 1574 618 1624 cupiditate
639 1582 985 1624 prosequerentur:
1022 1576 1137 1614 talem
1160 1579 1260 1614 enim
1282 1577 1350 1624 Te,
1384 1578 1648 1616 Illustrissime
1673 1580 1840 1618 Domine

41 1634 87 1673 de
119 1634 524 1681 Liechtenstein,
557 1633 652 1670 mihi
682 1633 924 1682 praedicavit
955 1635 1126 1674 medicus
1164 1642 1254 1673 tuus
1284 1635 1460 1675 Joannes
1493 1637 1839 1685 Wodderbornius‚

41 1694 107 1742 qui
149 1692 394 1731 commodum
432 1693 692 1730 interveniens
725 1691 798 1729 Tui
840 1695 1065 1731 memoriam
1102 1694 1196 1730 mihi
1235 1696 1456 1743 praesentia
1500 1707 1570 1733 sua
1611 1698 1839 1744 renovavit3

40 1751 160 1790 talem
192 1752 308 1788 etiam
341 1750 410 1798 Te,
444 1749 610 1787 Illustris
643 1757 681 1788 et
713 1749 909 1789 Generose
941 1751 984 1789 L.
1020 1752 1063 1792 Β.
1094 1751 1345 1801 Joergere
1383 1753 1499 1801 longo
1534 1765 1605 1791 usu
1638 1756 1835 1803 cognitum

40 1809 273 1849 habebam.“
326 1809 411 1855 His,
446 1820 545 1858 quae
570 1810 713 1857 scripta
744 1813 833 1845 sunt
865 1821 965 1847 anno
992 1811 1113 1858 1614,
1149 1810 1394 1848 confirmatur
1425 1811 1475 1858 id,
1509 1811 1613 1861 quod
1645 1824 1762 1862 supra
1792 1812 1838 1851 de

40 1879 112 1906 usu
143 1868 324 1907 familiari
357 1879 442 1905 cum
474 1866 664 1916 Joergero
699 1867 885 1915 diximus3
927 1879 973 1905 ex
1014 1870 1072 1916 iis,
1114 1880 1213 1918 quae
1253 1881 1354 1907 anno
1392 1874 1499 1908 1615
1544 1869 1694 1908 addidit
1724 1883 1838 1920 prae-

38 1927 168 1964 missis
199 1925 406 1976 Keplerus,
439 1931 613 1974 apparet,
646 1926 773 1974 ipsum
806 1936 892 1962 cum
913 1925 1203 1965 Lichtenstenio
1235 1932 1374 1976 postea
1406 1928 1537 1966 itidem
1569 1930 1711 1966 arctius
1744 1941 1838 1967 con-

35 1984 211 2033 Junctum
243 1985 372 2023 fuisse.
433 1983 506 2021 His
545 1985 646 2021 enim
685 1983 898 2033 alloquitur
936 1985 1007 2022 sub
1047 1985 1162 2023 finem
1203 1987 1324 2034 partis
1364 1988 1509 2035 primae
1541 1986 1838 2026 Stereometriae

42 2043 309 2094 „Patronos“:
348 2042 600 2094 „Tractatum
621 2040 682 2094 (de
705 2042 837 2091 figuris
869 2043 917 2080 ab
941 2043 1171 2081 Archimede
1195 2056 1270 2081 non
1294 2046 1426 2092 tactis)
1459 2045 1521 2082 liic
1543 2046 1697 2092 inserui,
1731 2045 1836 2094 quod

39 2107 78 2139 et
109 2101 165 2139 Te
199 2101 243 2139 L.
277 2101 322 2138 B.
354 2100 562 2149 Joergere,
605 2106 642 2138 et
681 2100 803 2138 multo
845 2102 1011 2140 maxime
1053 2101 1109 2139 Te
1142 2101 1201 2138 Ill.
1234 2103 1283 2141 D.
1326 2102 1372 2140 de
1412 2102 1673 2141 Lichtenstein
1706 2100 1838 2157 (cujus

44 2160 82 2196 in
114 2159 188 2197 hac
218 2158 490 2209 philosophiae
531 2164 640 2208 parte
679 2160 975 2197 exercitationes
1018 2159 1195 2198 assiduas
1235 2160 1537 2210 facultatemque
1579 2168 1840 2211 comparatam

43 2219 239 2267 egregiam
273 2217 498 2266 judicandi,
542 2229 588 2254 ex
628 2228 705 2266 quo
738 2217 793 2254 Te
825 2219 989 2266 primum
1032 2220 1069 2255 in
1108 2218 1347 2267 praefatione
1390 2218 1476 2257 libri
1516 2231 1600 2257 sum
1632 2220 1838 2268 allocutus,

45 2275 167 2314 multo
200 2287 300 2314 nunc
330 2277 473 2314 rectius
505 2279 542 2313 et
573 2276 770 2324 copiosius
801 2275 929 2314 habeo
962 2277 1156 2325 cognitam
1189 2283 1226 2315 et
1258 2278 1535 2327 perspectam),
1582 2278 1645 2315 ubi
1688 2284 1839 2328 ternpus

42 2333 91 2372 ad
124 2334 273 2372 isthaec
298 2332 575 2383 cognoscenda
608 2335 821 2381 vacaverit,
854 2335 960 2383 ipsos
992 2336 1206 2373 censituros
1238 2333 1456 2374 existim0.“

191 2392 272 2431 Sub
320 2394 424 2430 vitae
465 2391 631 2441 denique
673 2394 818 2430 exitum
863 2392 1235 2431 Wallenstenii
1279 2394 1450 2432 favorem
1490 2394 1562 2432 sibi
1605 2393 1838 2442 conciliavit,

41 2451 107 2499 qui
135 2450 215 2499 jam
247 2455 363 2489 antea
392 2450 603 2499 Keplerum
635 2451 672 2486 in
716 2451 831 2488 rebus
862 2451 1106 2500 astrologicis
1139 2452 1397 2490 consuluerat.
1468 2451 1672 2501 Quamque
1717 2454 1838 2490 amice

43 2508 181 2547 deinde
215 2521 301 2547 cum
333 2508 566 2547 cancellario
587 2509 817 2546 Bavariensi
849 2508 986 2547 Hei-w
1000 2514 1100 2547 arto
1135 2509 1188 2547 de
1220 2509 1536 2560 Hohenburg
1567 2515 1743 2548 versatus
1776 2513 1836 2557 sit,

42 2572 80 2604 et
113 2579 158 2604 ex
190 2569 237 2604 iis
269 2566 507 2616 intelligitur,
540 2578 640 2615 quae
671 2578 788 2616 supra
821 2566 923 2605 dicta
955 2573 1064 2615 sunt,
1100 2573 1136 2605 et
1169 2580 1212 2606 ex
1245 2568 1432 2617 epistolis,
1465 2580 1566 2617 quae
1598 2569 1635 2604 in
1669 2567 1839 2612 volumi-

41 2625 155 2662 nibus
187 2624 777 2663 antecedentibusinveniuntur
797 2625 1025 2674 permultae.
1066 2626 1201 2674 Neque
1233 2629 1358 2664 minus
1392 2626 1580 2675 epistolae
1612 2626 1660 2664 ab
1681 2625 1835 2664 Joanne

42 2682 196 2720 Remo
239 2684 425 2732 scriptae,
468 2681 618 2720 medico
650 2682 906 2720 Maximiliani
949 2688 986 2721 et
1017 2683 1207 2733 Leopoldi
1238 2683 1501 2722 Archiducum
1533 2684 1836 2731 Austriacorum,

47 2742 272 2779 verissimae
303 2740 417 2778 nobis
449 2741 656 2789 imaginem
687 2741 874 2790 praebent
906 2743 1111 2788 amicitiae,
1145 2742 1181 2778 in
1214 2754 1311 2791 pura
1341 2742 1500 2791 Kepleri
1533 2747 1571 2779 et
1602 2742 1769 2780 hominis
1801 2750 1838 2781 et

43 2798 146 2837 docti
176 2799 445 2837 aestimatione
477 2800 648 2847 positae3
681 2798 883 2848 eidemque
905 2811 1055 2848 semper
1077 2811 1249 2837 summae
1281 2811 1394 2838 curae
1427 2804 1518 2846 erat,
1553 2806 1594 2837 ut
1624 2800 1836 2849 permultae

42 2868 136 2895 suae
169 2863 207 2895 et
238 2857 450 2895 aulicorum
491 2862 529 2894 et
572 2856 816 2894 sacerdotum
860 2857 1136 2895 catholicorum
1178 2859 1418 2906 cognitiones
1459 2864 1497 2895 et
1533 2858 1837 2898 necessitudines

43 2914 212 2964 Keplero
245 2927 362 2965 quam
394 2915 560 2953 maxime
592 2913 831 2963 prodessent.

180 2973 435 3012 Redeundum
479 2972 591 3010 nobis
623 2977 680 3009 est
710 2971 760 3009 ad
790 2971 949 3021 Kepleri
986 2983 1072 3009 cum
1104 2971 1385 3011 Maestlino
1427 2974 1610 3023 magistro
1654 2986 1766 3012 usum
1798 2980 1836 3014 et

44 3031 282 3071 societatem.
344 3031 508 3069 Ineunte
547 3029 704 3079 quidem
734 3030 929 3068 literarum
963 3032 1209 3077 commercio,
1251 3031 1354 3080 quod
1387 3032 1475 3070 inde
1507 3033 1557 3069 ab
1589 3044 1690 3071 anno
1725 3036 1834 3072 1594

43 3100 166 3138 usque
197 3089 247 3127 ad
279 3101 421 3128 annum
450 3092 570 3126 1620.
602 3100 624 3125 a
653 3087 822 3137 Keplero
854 3087 991 3126 saltem
1022 3099 1107 3126 raro
1130 3090 1350 3133 remissum,
1383 3090 1469 3127 sola
1488 3089 1688 3129 Maestlini
1718 3092 1836 3130 nimia

45 3149 224 3187 cautione
257 3153 294 3187 et
326 3149 521 3187 anxietate
561 3147 600 3183 in
641 3145 883 3198 aliquantum
922 3148 1104 3197 temporis
1140 3147 1392 3198 interceptum
1425 3153 1501 3200 est,
1544 3160 1694 3201 semper
1723 3149 1834 3202 Kep-
