2177 3408
496 196 733 234 Summanum
758 197 940 235 Historiae
964 198 1212 236 Astronomiae
1238 201 1358 238 seculo
1385 204 1479 241 XVI.
1817 207 1898 254 581

104 317 206 354 annis
235 319 309 363 100,
336 328 357 351 a
381 316 548 353 Menelao
575 318 618 352 ad
645 317 888 352 Ptolemaeum
915 319 1017 354 annis
1043 320 1099 365 86,
1133 322 1177 356 ab
1203 320 1270 355 hoc
1296 322 1342 356 ad
1366 322 1621 368 Albategnium
1647 326 1748 361 annis
1775 328 1829 368 66,
1855 329 1898 363 ab

103 378 164 412 illo
190 378 236 412 ad
262 377 497 422 Copernicum
523 376 625 410 annis
651 377 705 421 70,
733 381 768 411 et
795 377 982 421 Copernici
1008 382 1169 423 tempore
1196 380 1297 414 annis
1328 383 1402 425 100,
1429 394 1499 426 quo
1524 384 1645 428 itaque
1671 388 1831 429 tempore
1857 388 1900 422 de

103 448 195 472 novo
220 436 369 480 incipiat
402 435 504 479 quasi
535 433 688 469 circulus
720 439 879 469 motuum
913 440 978 470 etc,
1031 437 1150 476 „Haec
1184 443 1319 479 autem,
1353 440 1472 485 pergit
1496 442 1687 486 Rheticus,
1721 444 1765 479 D.
1793 444 1899 480 Prae-

103 500 228 540 ceptor
261 499 300 529 ut
325 494 371 528 ad
403 498 535 528 certam
566 492 742 527 rationem
777 493 972 536 redigeret,
1008 495 1194 529 constituit
1227 502 1362 532 motum
1400 498 1576 535 diversum
1613 501 1648 535 in
1674 502 1763 537 1717
1797 503 1899 538 annis

102 552 288 599 Aegyptiis
325 551 511 596 compleri,
544 551 733 585 maximam
769 551 1020 596 aequationem
1055 555 1127 596 ἴθ’,
1163 560 1298 590 1110111111
1334 557 1489 592 medium
1521 558 1705 594 stellarum
1738 561 1773 595 in
1805 572 1898 596 anno

102 611 279 656 Aegyptio
305 612 374 646 50“
397 610 474 660 fere
501 620 599 651 esse,
634 614 744 654 atque
769 610 943 655 integram
968 617 1087 646 motus
1121 612 1226 646 medii
1251 613 1407 649 futuram
1442 616 1699 651 revolutionem
1725 618 1760 652 in
1785 618 1898 655 2581ss

103 669 235 704 annis.“
286 669 340 703 De
367 668 673 714 aequinoctiorum
697 672 797 703 motu
824 669 918 713 dicit,
946 670 1175 705 statuendum
1200 682 1290 713 esse,
1315 679 1450 717 puncta
1468 675 1742 719 aequinoctialia
1766 679 1899 713 moveri

102 730 138 763 in
170 727 423 772 praecedentia
458 731 493 762 et
524 737 749 772 nequaquam
791 727 912 762 stellas
945 728 1140 764 secundum
1178 730 1358 772 signorum
1397 735 1686 777 consequentiam
1721 735 1899 781 progredi,

102 787 373 833 imaginandum
399 796 479 821 esse
504 786 766 830 aequinoctium
792 785 959 830 medium,
987 787 1081 831 quod
1099 788 1272 831 procedat
1291 799 1311 821 a
1328 789 1441 833 prima
1466 790 1572 825 stella
1590 791 1731 837 Arietis,
1759 795 1900 840 aequali

102 849 201 880 motu
226 844 479 889 postponendo
506 844 630 880 stellas
656 845 747 879 fixas
775 848 809 878 et
834 844 877 878 ab
902 845 971 880 1100
996 855 1117 879 verum
1144 846 1409 890 aequinoctium
1443 853 1539 882 motu
1574 849 1711 885 diverso
1739 856 1773 886 et
1797 863 1898 897 regu-

100 903 165 938 lari
191 903 388 938 discedere.
439 904 506 945 „Ut
533 908 653 937 autem
678 903 787 947 hujus
812 903 862 938 rei
889 908 1033 948 gustum
1059 904 1214 948 aliquem
1239 905 1319 946 tibi,
1347 906 1551 941 doctissime
1578 907 1769 953 Schonere,
1796 922 1899 955 prae-

101 964 214 1005 beam,
241 972 284 995 en
311 962 515 1006 computavi
538 961 602 995 tibi
635 963 905 1005 praecessiones
941 961 1246 1007 aequinoctiorum
1278 974 1397 998 veras:
1432 974 1524 999 anno
1551 976 1582 999 a.
1611 966 1676 1002 Ch.
1701 968 1767 1004 295
1794 970 1897 1013 (tem-

101 1031 188 1065 pore
214 1020 453 1063 Timocharis)
487 1020 526 1053 20
552 1020 619 1062 20¹,
647 1030 679 1054 a.
708 1020 770 1056 Ch.
797 1021 866 1056 128
892 1024 1069 1065 (tempore
1103 1021 1317 1066 Hipparchi)
1355 1023 1405 1066 4⁰,
1432 1034 1468 1067 p.
1496 1023 1561 1058 Ch.
1591 1024 1654 1060 139
1687 1025 1900 1069 (Ptolemaei

100 1080 277 1123 tempore)
305 1078 342 1113 6⁰
367 1079 433 1119 40¹,
460 1082 552 1112 anno
579 1078 648 1114 880
674 1078 891 1123 (Albategnii
910 1081 1084 1124 tempore)
1114 1081 1173 1116 18⁰
1191 1081 1258 1125 10¹,
1284 1091 1376 1115 anno
1399 1082 1485 1117 1076
1504 1083 1679 1128 (tempore
1698 1084 1897 1131 Arzahelis)

103 1137 163 1173 19⁰
188 1137 254 1182 37‘,
281 1148 374 1173 anno
403 1137 509 1172 1525:
537 1137 600 1171 270
624 1138 716 1173 21‘.“

238 1196 294 1231 Ad
329 1195 603 1240 descriptionem
635 1196 795 1230 theoriae
830 1197 1096 1241 Copernicanae
1130 1197 1174 1233 de
1208 1200 1405 1235 mutatione
1440 1201 1615 1237 maximae
1651 1202 1899 1240 declinationis

101 1255 286 1301 eclipticae
313 1260 348 1290 et
373 1254 539 1299 apsidum
565 1259 599 1288 et
623 1255 900 1290 eccentricitatis
926 1256 1151 1299 planetarum
1179 1267 1371 1302 earumque
1397 1259 1622 1294 restitutione
1655 1260 1753 1295 addit
1778 1261 1899 1296 Rheti-

101 1326 163 1350 cus
191 1315 417 1357 „vaticinium
443 1312 626 1356 aliquod“:
656 1323 778 1348 omnes
804 1314 1029 1348 monarchias
1054 1315 1242 1360 incepisse,
1270 1327 1349 1351 011111
1376 1321 1536 1352 centrum
1563 1319 1751 1353 eccentrici
1776 1319 1812 1355 111
1837 1319 1899 1356 ali-

102 1385 170 1418 quo
202 1373 331 1416 insigni
362 1372 441 1406 1000
475 1371 600 1413 fuerit,
636 1371 743 1415 idque
778 1372 970 1415 contigisse
1008 1374 1057 1408 ait
1090 1378 1270 1419 tempore,
1312 1387 1382 1421 quo
1415 1387 1601 1411 romanum
1633 1377 1819 1421 imperium
1854 1379 1899 1415 ad

100 1431 341 1466 monarchiam
368 1430 610 1473 declinaverit,
637 1441 707 1473 quo
734 1430 791 1465 lex
816 1431 1053 1466 mahometica
1087 1432 1170 1467 data
1194 1433 1302 1470 fuerit
1323 1461 1329 1469 .
1351 1463 1358 1471 .
1379 1463 1387 1470 .
1409 1464 1415 1470 .
1452 1436 1544 1480 „jam
1568 1438 1636 1472 100
1662 1437 1784 1481 annis,
1820 1448 1898 1473 cum

98 1491 241 1526 minima
266 1490 389 1525 futura
415 1492 468 1524 est
487 1490 744 1535 eccentricitas,
771 1491 840 1524 hoc
860 1502 1002 1536 quoque
1019 1491 1205 1536 imperium
1223 1502 1324 1526 suam
1343 1492 1506 1528 conficiet
1522 1494 1719 1538 periodum.
1767 1495 1897 1530 Centro

100 1554 220 1586 autem
256 1549 447 1585 eccentrici
480 1548 525 1582 ad
550 1548 702 1582 alterum
733 1548 922 1583 terminum
953 1549 1166 1584 mediocrem
1201 1551 1448 1596 perveniente,
1484 1562 1666 1596 speramus
1691 1552 1896 1588 adfuturum

100 1609 291 1644 Dominum
316 1613 478 1643 nostrum
503 1608 629 1642 Jesum
657 1607 854 1651 Christun13
891 1619 973 1642 nam
998 1609 1066 1643 hoc
1099 1608 1177 1643 1000
1203 1610 1296 1644 circa
1322 1610 1538 1644 creationem
1572 1611 1692 1646 mundi
1716 1612 1794 1647 fuit.
1841 1612 1897 1647 Ita

101 1672 262 1712 apparet,
289 1668 384 1702 hunc
408 1678 557 1712 parvum
584 1666 754 1702 circulum
780 1667 833 1711 (in
858 1678 928 1712 quo
955 1672 1115 1702 centrum
1143 1668 1332 1702 eccentrici
1357 1669 1488 1703 moveri
1506 1670 1689 1713 statuitur)
1715 1670 1897 1706 verissime

100 1732 215 1762 rotam
246 1727 344 1761 illam
377 1725 543 1761 fortunae
570 1736 665 1770 esse,
701 1726 805 1770 cujus
839 1726 1056 1762 circumactu
1087 1726 1208 1761 mundi
1242 1727 1469 1763 monarchiae
1493 1727 1594 1763 initia
1621 1733 1762 1764 sumant
1787 1732 1895 1774 atque

100 1788 318 1820 mutentur“.

238 1845 393 1880 Theoria
419 1845 511 1881 Solis
540 1844 795 1888 Copernicana,
822 1844 1081 1888 praecessionis
1108 1844 1415 1887 aequinoctiorum
1434 1850 1498 1881 etc.
1527 1846 1705 1891 explicata
1722 1847 1896 1885 Rheticus

100 1903 145 1938 ad
169 1903 395 1948 planetarum
428 1904 586 1939 theorias
619 1903 765 1947 transit,
798 1903 972 1947 integram
1004 1912 1087 1936 vero
1124 1904 1418 1946 „tractationem“
1453 1915 1574 1939 eorum
1605 1909 1782 1949 motuum,
1816 1917 1896 1941 cum

101 1974 190 2009 opus
216 1964 283 1999 sibi
309 1963 413 1998 nimis
439 1973 648 1998 excrescere
673 1962 802 2006 videat,
832 1961 897 2003 „ad
922 1960 1139 2004 peculiarem
1165 1961 1234 1996 hac
1259 1961 1302 1996 de
1326 1972 1364 1996 re
1384 1963 1644 1998 narrationem
1672 1964 1895 2000 referendam

101 2033 180 2058 esse
207 2027 342 2057 censet.
392 2021 486 2055 Dicit
511 2021 566 2055 his
597 2021 811 2062 „secundam
836 2019 1110 2064 narrationem“,
1138 2030 1218 2054 cum
1242 2019 1402 2055 libellum
1428 2031 1530 2056 suum
1559 2023 1693 2066 „prima
1715 2024 1893 2059 narratio“

99 2081 342 2126 inscripserit3
379 2080 442 2115 sed
468 2079 628 2115 secunda
654 2080 743 2114 haec
768 2079 923 2112 narratio
951 2083 1022 2111 11011
1047 2078 1081 2112 in
1107 2077 1289 2122 publicum
1320 2079 1462 2123 prodiit.
1515 2079 1679 2115 Ceterum
1707 2091 1896 2126 „praecep-

104 2141 214 2177 toris“
243 2140 298 2175 sui
323 2143 522 2175 commenta
547 2139 634 2174 satis
660 2137 812 2172 fideliter
835 2136 945 2171 refert
979 2146 1091 2180 eaque
1118 2147 1196 2171 cum
1220 2142 1379 2172 veterum
1413 2138 1558 2172 theoriis
1591 2138 1723 2183 ubique
1749 2139 1895 2186 confert,

105 2211 244 2245 semper
262 2199 459 2243 Copernico
484 2198 638 2243 palmam
655 2195 827 2231 tribuens.
860 2195 984 2229 Lunae
1002 2199 1119 2230 motus
1138 2196 1334 2230 secundum
1354 2196 1587 2241 Copernicum
1612 2198 1811 2234 innituntur
1831 2199 1896 2234 cir-

105 2259 186 2293 culo
215 2258 451 2301 „deferente“‚
478 2256 579 2301 cujus
597 2258 758 2289 centrum
783 2254 829 2288 sit
847 2258 1008 2288 centrum
1026 2253 1175 2298 Terrae,
1202 2264 1332 2298 corpus
1363 2265 1445 2290 vero
1471 2255 1596 2291 Lunae
1620 2261 1782 2292 movetur
1801 2258 1893 2303 „epi-

104 2316 204 2361 cyclo
223 2315 372 2361 epicycli
390 2312 659 2355 homocentrici,
688 2312 756 2347 hoc
776 2316 829 2346 est
847 2312 972 2356 primo,
1000 2312 1060 2357 qui
1077 2311 1151 2347 fere
1175 2312 1269 2347 inter
1287 2314 1555 2358 conjunctiones
1576 2315 1630 2349 vel
1649 2315 1894 2360 oppositiones

104 2381 140 2410 et
165 2375 400 2420 quadraturas
418 2372 533 2407 medio
553 2376 713 2416 tempore
731 2375 891 2416 apparet,
918 2371 1077 2417 epicyclo
1095 2371 1202 2406 alium
1220 2383 1368 2417 parvum
1386 2372 1510 2407 Lunae
1528 2383 1657 2417 corpus
1677 2372 1892 2409 deferentem

105 2432 302 2478 epicyclum
327 2431 500 2474 affingit‘⁴.
552 2429 737 2472 „Circulus
766 2429 929 2464 deferens
954 2434 1118 2465 movetur
1150 2430 1362 2474 regulariter
1395 2436 1430 2466 et
1460 2431 1656 2476 aequaliter
1689 2442 1798 2476 super
1828 2442 1891 2466 suo

105 2496 239 2533 centro,
266 2489 445 2533 epicyclus
471 2489 607 2533 primus
633 2489 739 2523 etiam
766 2498 874 2532 super
899 2499 963 2523 suo
990 2493 1112 2523 centro
1139 2489 1369 2533 uniformiter,
1395 2490 1495 2534 parvi
1521 2493 1555 2524 et
1572 2489 1720 2524 secundi
1746 2489 1894 2534 epicycli

105 2554 265 2584 centrum
289 2547 325 2580 in
352 2546 525 2591 superiori
550 2551 654 2591 parte
679 2547 714 2581 in
740 2546 1001 2590 antecedentia,
1027 2548 1064 2582 in
1089 2547 1247 2582 inferiori
1272 2549 1307 2582 in
1326 2548 1579 2592 consequentia
1597 2548 1891 2591 circumvolvitur,

103 2610 207 2644 Luna
231 2606 266 2640 in
292 2606 399 2649 hujus
426 2605 710 2640 circumferentia
737 2606 843 2641 etiam
869 2606 1081 2651 regulariter
1100 2611 1135 2641 et
1153 2607 1350 2650 aequaliter
1367 2612 1538 2650 movetur,
1567 2606 1609 2640 ab
1629 2615 1788 2650 apogaeo
1806 2615 1890 2640 vero

101 2665 201 2711 parvi
227 2663 378 2709 epicycli
404 2662 601 2698 discedens.
652 2664 771 2707 Atque
797 2663 905 2708 hujus
932 2668 1050 2698 motus
1076 2664 1166 2698 haec
1191 2669 1245 2699 est
1262 2665 1398 2708 regula,
1424 2668 1463 2697 ut
1488 2664 1565 2708 ipsa
1582 2663 1685 2697 Luna
1702 2662 1756 2697 bis
1773 2662 1808 2696 in
1827 2673 1891 2698 suo

100 2726 169 2759 hoc
193 2723 329 2757 minore
354 2720 512 2765 epicyelo
539 2721 574 2754 in
610 2731 680 2755 una
716 2721 908 2756 deferentis
941 2721 1089 2766 periodo
1126 2721 1348 2765 revolvatur,
1384 2733 1453 2766 quo
1479 2725 1598 2755 tamen
1622 2719 1657 2754 in
1691 2720 1785 2754 omni
1810 2731 1891 2756 con-

97 2781 285 2825 junctione
316 2784 352 2814 et
377 2778 602 2824 oppositione
627 2779 670 2823 in}
694 2779 860 2823 perigaeo
886 2780 987 2823 parvi
1013 2779 1180 2825 epicycli,
1211 2780 1247 2814 in
1273 2779 1498 2824 quadraturis
1528 2783 1647 2813 autem
1670 2778 1706 2813 in
1730 2788 1891 2824 apogaeo

102 2840 262 2885 ejusdem
286 2839 496 2884 reperiatur.
532 2838 630 2872 Haec
656 2842 710 2871 est
735 2837 951 2872 machinatio
978 2848 1041 2872 seu
1065 2838 1285 2883 hypothesis,
1313 2848 1382 2881 qua
1398 2838 1439 2871 D.
1459 2837 1676 2880 Praeceptor
1701 2836 1817 2871 omnia
1839 2835 1892 2871 in-

101 2898 350 2934 convenientia
375 2896 563 2931 excludit.“
614 2895 737 2939 Magni
761 2894 848 2929 facit
872 2895 1061 2940 Rheticus,
1088 2895 1183 2940 quod
1209 2895 1424 2939 Copernicus
1452 2896 1706 2939 „aequantem4‘
1732 2899 1891 2930 veterum

103 2956 275 3001 rejecerit,
302 2956 394 2990 sicut
417 2955 453 2989 in
478 2954 590 2998 Luna,
617 2954 667 2988 sic
694 2953 799 2988 etiam
823 2954 859 2988 in
877 2954 1037 2988 omnibus
1056 2942 1395 2998 planetis‚'ejusque
1420 2951 1498 2987 loco
1525 2951 1748 2987 substituerit
1768 2962 1891 2987 eccen-

102 3016 230 3049 tticum
254 3019 290 3049 et
313 3024 423 3048 unum
449 3012 648 3058 epicyclum
671 3013 708 3046 in
733 3012 987 3056 superioribus,
1014 3011 1250 3046 eccentricum
1275 3010 1463 3045 eccentrici
1487 3010 1522 3044 in
1547 3008 1787 3046 inferioribus.

245 3071 495 3117 Copernicum,
531 3082 594 3106 sex
625 3074 764 3106 tantum
797 3070 901 3105 orbes
932 3069 1082 3104 mobiles
1115 3069 1208 3104 circa
1241 3068 1359 3104 Solem
1390 3071 1622 3113 statuentem,
1653 3068 1708 3102 his
1741 3069 1890 3103 excusat

105 3130 295 3166 Rheticus:
323 3129 492 3172 „Senario
518 3139 665 3164 numero
690 3129 770 3174 quis
795 3128 1069 3164 commodiorem
1094 3128 1244 3162 alterum
1272 3132 1307 3162 et
1331 3126 1524 3170 digniorem
1543 3125 1715 3171 elegerit?
1740 3126 1774 3160 Is
1792 3136 1889 3160 nam-

107 3199 176 3236 que
201 3199 281 3223 cum
305 3188 342 3227 in
366 3187 476 3224 sacris
501 3188 568 3223 Dei
599 3187 770 3232 oraculis,
804 3191 878 3223 tum
903 3196 925 3221 a
948 3186 1205 3236 Pythagoraeis
1234 3185 1451 3231 reliquisque
1481 3183 1708 3231 philosophis
1733 3183 1884 3220 maxime
