2126 3388
645 193 700 230 De
724 193 848 230 amicis
873 197 909 230 et
935 191 1137 230 fautoribus
1162 193 1323 240 Kepleri.
1806 192 1889 237 979

92 312 257 363 putabat
288 313 414 352 solam
446 325 532 352 esse
564 325 707 360 veram,
739 325 924 352 revocare
956 304 1241 353 studiosissime
1272 315 1443 352 intentus
1476 317 1576 361 erat,
1609 316 1647 351 et
1678 323 1765 351 cum
1795 311 1892 350 nihil

92 371 313 421 proficeret,
354 372 569 411 exclusioni
605 372 766 423 Kepleri
796 384 820 410 a
851 372 891 410 S.
927 372 1059 414 Coena
1099 374 1307 411 consensit.
1341 375 1425 419 (Cfr.
1444 386 1480 420 p.
1497 375 1566 410 868
1592 374 1651 419 ss.)
1713 370 1892 409 Ceterum

92 434 174 466 tum
207 441 362 480 quoque
389 431 549 481 Kepleri
581 442 622 469 se
654 432 850 480 ingenium
884 436 921 469 et
953 433 1111 470 inventa
1143 433 1402 469 astronomica
1432 431 1563 479 magni
1595 429 1721 467 facere
1752 429 1895 467 fatetur

93 492 131 525 et
150 488 300 535 suadet,
333 494 376 526 ut
397 488 591 539 quondam
615 489 829 527 catholicus
850 489 1053 537 Pistorius,
1076 495 1119 527 ut
1139 489 1332 540 Keplerus
1354 488 1575 537 theologica
1596 489 1715 526 missa
1736 487 1892 526 faceret.

230 546 286 584 Ex
317 548 511 597 prioribus
543 548 654 584 annis
687 547 783 586 haec
815 547 956 586 addere
987 548 1128 598 placet.

230 604 422 654 Keplerus
461 616 546 643 cum
583 606 741 643 ineunte
780 617 881 643 anno
917 610 1041 645 1601.
1083 604 1324 644 conditiones
1370 616 1461 643 suas
1502 604 1718 654 Pragenses
1757 615 1894 655 parum

92 666 196 700 tutas
239 675 323 701 esse
365 663 527 701 vid1sset
568 668 605 701 et
635 665 770 702 amicis
802 663 1118 714 Tubingensibus
1158 663 1236 700 illic
1269 675 1309 700 se
1353 663 1520 700 officium
1554 668 1736 713 appetere
1773 664 1896 712 scrip-

92 722 225 767 sisset,
266 714 552 759 Hafenrefferus
597 721 812 770 respondit:
859 722 972 774 „Tua
1010 733 1159 759 mecum
1203 722 1340 758 dormit
1384 733 1612 769 mecumque
1654 721 1790 770 vigilat
1834 723 1895 757 in-

94 779 300 817 columitas
333 786 371 817 et
403 779 521 817 salus,
565 780 679 816 Faxit
703 780 821 827 Deus,
854 787 896 817 ut
929 791 974 818 eo
1007 780 1163 817 tandem
1195 779 1282 816 loco
1316 781 1580 827 conquiescas,
1614 791 1690 828 quo
1723 790 1897 817 commo—

94 836 252 874 dissimo
286 839 460 886 exoptari
493 839 661 886 potest.“
726 837 803 875 Sed
835 838 936 875 idem
970 837 1132 883 dubitat,
1168 839 1259 886 quin
1293 839 1441 874 amicus
1474 839 1510 873 in
1533 837 1732 875 academia
1757 849 1896 874 munus

93 894 255 944 adipisci
285 898 421 944 possit.
463 895 781 934 Mathematicam
814 897 914 933 enim
947 896 1084 933 docere
1116 895 1314 933 Maestlini
1347 907 1431 933 esse
1466 901 1502 932 et
1535 895 1580 933 de
1612 895 1697 933 loco
1730 897 1767 932 in
1799 907 1896 944 pae-

94 952 263 1002 dagogio
297 959 459 991 vacante
491 959 548 991 tot
580 966 664 992 esse
697 956 981 1003 competitores,
1016 959 1058 991 ut
1089 953 1245 1002 Kepleri
1278 965 1366 1002 spes
1398 955 1447 990 sit
1480 955 1650 992 minima.
1712 954 1898 1003 Tyehone

92 1017 221 1049 autem
252 1011 463 1050 Novembri
495 1014 586 1049 anni
619 1016 742 1050 1601.
777 1012 979 1056 defuncto,
1022 1012 1310 1049 Hafenrefferus
1343 1011 1682 1049 vehementissime
1723 1018 1760 1049 et
1792 1013 1898 1062 cupit

93 1074 131 1106 et
161 1075 302 1119 sperat,
334 1082 393 1108 res
425 1070 682 1119 Keplerianas
716 1070 864 1120 Pragae
897 1071 976 1108 fieri
1009 1070 1199 1107 meliores.
1236 1070 1370 1118 „Deus
1403 1070 1518 1116 faxit,
1563 1075 1605 1106 ut
1637 1081 1725 1118 spes
1766 1075 1897 1107 nostra

92 1127 195 1165 felici
226 1139 352 1165 rerum
384 1134 539 1175 eventu,
572 1129 792 1177 adimpletis
826 1130 994 1166 omnium
1028 1133 1199 1166 nostrum
1232 1129 1345 1173 votis,
1378 1127 1539 1166 feliciter
1570 1128 1879 1177 compi·obetur“.

232 1186 292 1224 De
336 1185 494 1236 Optices
537 1188 713 1235 exemplo
753 1188 829 1236 ipsi
873 1188 921 1225 ab
961 1189 1087 1224 amico
1131 1188 1248 1223 misso
1288 1186 1575 1224 Hafcnrefferus
1618 1187 1723 1224 hisce
1766 1187 1896 1224 verbis

92 1245 282 1282 maximas
309 1247 391 1294 agit
422 1247 585 1294 gratias:
625 1245 743 1292 „lude
776 1257 851 1282 non
884 1251 1034 1283 tantum
1058 1250 1298 1283 constantem
1321 1256 1412 1292 erga
1433 1256 1493 1282 me
1526 1245 1696 1282 favorem
1720 1249 1757 1282 et
1778 1245 1899 1281 bene-

92 1301 307 1340 volentiam
339 1309 444 1341 tuam
477 1305 680 1341 manifeste
713 1303 959 1352 deprehendi,
993 1303 1060 1340 scd
1093 1304 1196 1352 quod
1230 1308 1267 1340 et
1298 1303 1381 1351 ipse
1414 1303 1460 1340 de
1491 1314 1589 1349 meo,
1622 1310 1665 1340 ut
1695 1304 1748 1339 tui
1773 1303 1898 1347 amici,

94 1372 185 1409 erga
216 1366 253 1398 te
296 1361 424 1399 studio
458 1367 496 1399 et
527 1373 759 1410 quacunque
799 1363 837 1398 in
877 1374 916 1400 re
959 1363 1023 1410 pia
1068 1367 1105 1398 et
1142 1361 1308 1398 honesta
1347 1360 1581 1398 inserviendi
1621 1360 1899 1409 promtitudine

93 1418 189 1455 nihil
222 1411 420 1458 dubitares
425 1448 601 1459 ......
664 1420 824 1468 Semper
856 1425 893 1457 et
925 1420 1014 1458 Tibi
1047 1425 1085 1456 et
1116 1421 1264 1468 patriae
1298 1424 1334 1456 ct
1366 1419 1480 1456 rebus
1512 1419 1820 1466 mathematicis,
1864 1424 1900 1456 et

96 1476 202 1525 quod
232 1477 331 1516 tales
364 1484 495 1516 nostro
529 1478 662 1516 seculo
696 1479 863 1516 cultores
895 1479 1098 1525 invenerit,
1132 1483 1212 1515 tum
1236 1477 1329 1514 mihi
1352 1488 1518 1525 quoque,
1553 1477 1655 1525 quod
1688 1479 1726 1513 in
1759 1488 1902 1514 eorun-

95 1535 183 1572 dem
215 1537 468 1575 contubernio
508 1543 545 1574 et
583 1538 794 1574 amicorum
840 1537 1020 1585 catalogo
1064 1547 1148 1574 esse
1188 1535 1322 1583 liceat,
1366 1537 1621 1573 sincerissime
1662 1534 1900 1584 gratulabor.

94 1593 253 1631 Interim
285 1600 327 1632 ut
359 1597 491 1642 vivas,
536 1595 668 1633 valeas
707 1601 824 1644 atque
857 1595 1002 1633 honore
1035 1595 1279 1643 nominisque
1321 1593 1436 1631 laude
1476 1594 1694 1631 cumulatus
1737 1593 1901 1630 subinde

95 1653 208 1689 nobis
241 1652 468 1691 utilissimos
501 1653 694 1702 ejusmodi
726 1654 881 1691 labores
914 1654 1100 1703 proferas,
1134 1653 1261 1690 Deum
1287 1651 1330 1691 Ο,
1352 1651 1407 1688 Μ.
1441 1656 1522 1689 toto
1556 1652 1669 1689 corde
1700 1652 1900 1700 precabor,

95 1709 170 1748 hoc
209 1710 342 1748 addito
383 1718 494 1757 voto,
540 1717 582 1749 ut
623 1712 685 1749 vcl
723 1711 878 1750 tandem
920 1713 1093 1749 sincerae
1132 1716 1288 1748 nostrae
1333 1710 1532 1760 religionis
1575 1710 1717 1748 liberas
1756 1710 1900 1747 habere

95 1770 222 1817 possis
255 1771 589 1808 exercitationes.“
1010 1808 1013 1811 .

236 1827 343 1865 Idem
376 1840 461 1866 cuin
492 1827 663 1877 Keplero
704 1839 773 1877 per
804 1827 1025 1865 Samuelem
1068 1826 1190 1864 filium
1232 1826 1438 1864 nonnullas
1481 1828 1675 1864 orationes
1715 1837 1845 1863 sacras
1878 1837 1899 1862 a

96 1896 137 1923 se
169 1885 323 1924 habitas
355 1888 524 1925 misisset
554 1885 698 1938 (1607)
730 1891 768 1924 et
798 1886 861 1924 hic
895 1886 985 1923 doni
1016 1887 1161 1934 gratias
1193 1887 1347 1934 egisset,
1380 1885 1577 1934 respondit
1610 1885 1723 1922 haec:
1761 1882 1901 1931 „Quod

97 1955 165 1992 pro
198 1943 350 1982 duabus
383 1945 476 1982 solis
509 1945 762 1982 oratiunculis
795 1949 873 1982 tam
905 1944 1053 1993 prolixe
1086 1944 1178 1980 mihi
1202 1945 1348 1992 gratias
1371 1945 1467 1992 agis,
1501 1955 1626 1981 meam
1647 1954 1716 1991 pro
1739 1943 1902 1990 majori-

98 2002 170 2039 bus
203 2002 314 2040 donis
347 2003 449 2041 haud
483 2003 644 2041 obscure
675 2002 840 2051 flagitas.
904 2003 998 2039 Eam
1032 2004 1132 2040 scias
1165 2002 1280 2039 velim
1313 2003 1442 2039 animo
1475 2013 1561 2039 meo
1600 2012 1798 2049 nunquam
1832 1999 1902 2037 de-

97 2059 233 2107 fuisse,
276 2061 367 2099 licet
399 2061 586 2110 epistolae
619 2073 728 2098 meae
760 2062 922 2098 rariores
954 2073 1031 2097 non
1073 2065 1226 2105 tantas,
1271 2066 1439 2109 quantas
1482 2059 1718 2097 immortales
1750 2070 1902 2096 mecum

105 2119 340 2167 circumfero,
373 2120 686 2169 explicuissent.“
721 2141 775 2146 —

239 2178 299 2215 Ab
332 2190 433 2216 anno
460 2179 584 2216 1586.
619 2189 740 2226 usque
773 2177 822 2215 ad
854 2179 944 2215 anni
970 2181 1093 2216 1594.
1129 2178 1272 2214 exitum
1306 2176 1534 2214 Joannes
1566 2176 1754 2225 Papius
1785 2186 1901 2224 gym-

98 2235 196 2272 nasii
231 2235 447 2274 Gratiensis
484 2241 608 2274 rector
649 2242 751 2284 erat3
794 2247 870 2284 quo
911 2247 997 2274 cum
1036 2235 1228 2283 Keplerus
1263 2235 1385 2283 Aprili
1425 2236 1515 2272 anni
1553 2237 1674 2272 1594.
1718 2234 1900 2278 venisset,

100 2294 174 2342 ipsi
206 2305 360 2343 quoque
393 2295 525 2332 datum
557 2300 627 2341 est,
660 2294 775 2342 hujus
799 2295 901 2331 docti
923 2299 961 2332 et
983 2294 1122 2332 eruditi
1146 2293 1313 2331 hominis
1336 2293 1628 2331 conversatione
1651 2297 1727 2329 tres
1749 2302 1903 2328 menses

99 2351 185 2389 frui.
238 2356 438 2399 (Hanschio
476 2360 623 2390 auctore
648 2355 783 2399 Papius
819 2366 911 2389 anno
946 2355 1046 2390 1558.
1082 2354 1119 2388 in
1144 2354 1318 2389 Franciae
1350 2354 1532 2398 provincia
1564 2358 1689 2397 natus,
1723 2352 1902 2387 Schwein-

100 2411 199 2446 furtii
223 2417 259 2447 et
283 2413 409 2448 Ulmae
433 2413 527 2448 ludis
553 2413 706 2457 publicis
731 2412 989 2456 frequentatiS,
1017 2413 1247 2456 Argentorati
1273 2414 1425 2456 primum
1451 2413 1486 2446 in
1512 2412 1746 2454 theologiam,
1775 2409 1902 2445 deinde

99 2469 136 2504 in
150 2470 359 2505 medicinae
378 2471 538 2506 studium
555 2470 727 2512 incubuit,
750 2471 915 2504 Basilcae
933 2470 1192 2514 amplissimum
1220 2471 1375 2505 doctoris
1403 2470 1553 2513 gradum
1572 2469 1735 2513 adeptus,
1760 2467 1903 2502 Heidel-

99 2527 231 2571 bergae
264 2529 302 2564 in
336 2529 551 2575 professoris
584 2529 722 2573 (organi
753 2528 979 2571 Aristotelis)
1017 2539 1146 2562 munus
1181 2534 1386 2572 promotus,
1428 2528 1523 2562 unde
1559 2527 1719 2561 Gratium
1756 2530 1904 2559 vocatus

101 2590 175 2629 est,
202 2586 264 2620 ubi
291 2587 342 2629 (ex
369 2588 534 2619 Peiuiichi
559 2590 697 2619 rectoris
723 2588 934 2630 auctoritate)
971 2586 1195 2621 dialecticam
1222 2587 1354 2622 docuit.
1407 2586 1528 2620 Gratio
1556 2585 1684 2620 deinde
1714 2594 1904 2628 „persecu-

100 2644 191 2678 tioni
215 2643 367 2678 cedens“
396 2644 596 2688 Tubingam
632 2646 747 2689 venit,
782 2656 854 2688 qua
886 2645 923 2679 in
956 2644 1044 2678 urbe
1075 2649 1149 2679 tres
1185 2655 1299 2678 annos
1333 2644 1400 2678 arti
1426 2644 1585 2678 medicae
1611 2653 1757 2686 operam
1784 2642 1905 2685 dabat,

101 2702 267 2745 Tubinga
300 2701 491 2736 Onoldiam
527 2707 693 2745 vocatus,
731 2707 771 2736 ut
803 2703 916 2746 ipsius
950 2701 1321 2744 Brandenhurgiensis
1353 2699 1572 2734 Marchionis
1605 2699 1764 2734 medicus
1798 2702 1904 2741 esset,

100 2759 184 2794 inde
210 2764 394 2804 postremo
419 2761 697 2804 Regiomontum
723 2760 876 2803 transiit,
904 2764 939 2794 et
965 2764 1005 2793 nt
1030 2759 1225 2793 Borussiae
1250 2759 1423 2802 principis
1449 2757 1557 2792 saluti
1582 2757 1785 2791 consuleret
1810 2760 1846 2791 et
1869 2757 1905 2791 in

99 2817 195 2853 illius
220 2817 317 2852 urbis
345 2817 528 2852 academia
551 2817 762 2853 medicinam
788 2817 942 2853 doceret.
996 2817 1132 2851 Eadem
1158 2817 1193 2850 in
1219 2817 1307 2850 urbe
1331 2820 1492 2850 mortuus
1519 2815 1603 2858 est.)

241 2880 385 2917 Variae
417 2879 618 2927 epistolae,
651 2881 699 2916 ab
733 2891 834 2916 anno
870 2883 991 2917 1596.
1023 2889 1144 2926 usque
1177 2877 1226 2914 ad
1259 2890 1290 2915 a.
1319 2881 1440 2915 1616.
1474 2876 1606 2922 datae,
1643 2887 1740 2925 quas
1773 2886 1904 2913 omnes

103 2937 248 2987 Papius
269 2938 439 2987 Keplero
471 2938 623 2986 scripsit
645 2936 919 2988 (Keplerianae
953 2934 1104 2981 desunt)
1135 2935 1390 2984 pulcherrimo
1412 2935 1631 2971 testimonio
1654 2939 1754 2979 sunt,
1788 2945 1905 2982 quam

104 2997 239 3033 intima
267 2996 528 3034 familiaritate
562 2996 632 3032 viri
665 2996 806 3032 suerint
837 2997 933 3031 inter
970 3006 1010 3032 se
1053 2993 1261 3042 conjuncti.
1324 2993 1469 3041 Papius
1512 2993 1613 3030 enim
1653 2993 1834 3030 continuo
1866 2990 1904 3028 id

104 3055 205 3102 agit,
237 3059 279 3092 ut
309 3053 464 3102 Kepleri
497 3065 556 3091 res
588 3052 764 3091 redderet
794 3052 984 3098 meliores,
1016 3053 1107 3100 quin
1140 3052 1254 3088 etiam
1286 3051 1431 3099 nuptiis
1464 3050 1630 3087 consulit
1659 3056 1737 3088 tam
1771 3049 1836 3086 diu
1867 3051 1903 3086 in

104 3123 292 3161 suspenso
331 3111 485 3150 relictis
547 3110 654 3149 Idem
699 3112 999 3158 „suavissimum
1039 3110 1230 3147 amicum“
1271 3109 1320 3146 ad
1362 3108 1637 3158 praestandam
1684 3107 1907 3146 cohortatur

105 3170 142 3206 in
179 3171 296 3209 rebus
325 3171 500 3209 adversis
532 3170 790 3208 constantiam
823 3173 860 3207 et
890 3168 941 3207 ad
971 3169 1179 3206 maximam
1216 3166 1441 3216 diligentiae
1480 3166 1750 3206 assiduitatem
1789 3167 1826 3203 in
1858 3166 1906 3203 iis

1557 3232 1628 3269 63*
