2126 3388
616 221 672 257 De
696 219 819 257 amicis
845 224 881 256 et
906 219 1109 258 fautoribus
1133 220 1294 268 Kepleri.
1761 224 1844 267 947

52 344 91 378 et
120 339 327 378 Miillerum
358 340 517 391 Lipsiae
549 341 805 391 professores,
840 339 1088 390 Heydonium
1122 341 1309 390 Anglum‚
1344 341 1575 380 Wackerum
1608 342 1724 380 misit.
1787 343 1847 382 De

51 400 273 447 pecunia
305 398 489 449 denique,
529 399 692 447 salario,
735 399 849 437 rebus
882 399 1104 437 domesticis
1137 402 1291 449 scripsit
1322 400 1370 438 ad
1402 399 1577 438 Marcum
1610 401 1845 449 Welserum,

52 458 188 494 aerarii
219 458 468 505 praefectum,
501 457 550 495 ad
582 457 837 504 Herwartum,
870 456 1114 506 Mingonium
1146 460 1390 507 imperatoris
1421 458 1624 506 medicum,
1659 459 1846 509 Argenti-

51 526 138 552 nam
171 514 219 552 ad
248 515 546 564 Bemeggermn,
580 521 778 564 spectatae
800 515 889 553 fidei
911 517 1088 563 amicum,
1123 515 1275 554 Ulmam
1307 516 1356 554 ad
1380 516 1847 564 Hebenstreitium„Tu-

51 573 208 622 bingam
247 573 295 611 ad
337 573 634 619 Schiekardum,
675 574 976 622 Regiomontum
1017 574 1066 611 ad
1107 574 1271 623 Papium
1312 575 1561 623 (quibuscum
1602 575 1647 613 de
1688 572 1847 614 edendis

51 642 205 679 quoque
249 633 367 669 variis
406 632 514 670 libris
546 632 659 681 egit),
704 631 753 670 ad
785 632 977 670 Baronem
1008 631 1202 670 Joannem
1236 632 1470 670 Fridericum
1500 632 1779 672 Hoffmannum
1810 640 1848 673 et

52 689 154 738 quod
183 690 262 737 jam
297 702 413 739 supra
445 696 697 727 memoratum
730 695 798 736 cst,
833 690 881 728 ad
913 690 1181 738 Tubingenses
1213 690 1422 728 Beseldum
1456 696 1493 728 et
1525 691 1785 730 Maestlinum.

191 749 245 784 Ex
268 748 427 796 Keplcri
449 748 623 797 epistolis
646 748 836 796 conjicere
868 748 970 795 licet,
1005 748 1140 796 quales
1172 749 1311 786 fuerint
1343 754 1380 786 et
1412 750 1482 786 viri
1514 761 1639 788 mores
1672 756 1707 788 et
1740 753 1849 800 cogi-

52 803 157 842 tandi
200 807 313 850 ratio,
359 806 472 854 quale
514 807 785 843 commercium
824 817 909 843 cum
951 807 1128 851 summis,
1179 806 1336 852 intimis,
1381 807 1569 856 quidquid
1616 809 1770 846 sciverit
1810 814 1848 847 et

53 865 228 909 senserit,
262 864 353 911 quid
389 866 424 900 in
457 865 577 901 literis
609 864 830 913 profecerit,
871 874 947 912 qno
980 863 1146 912 denique
1179 864 1339 901 consilio
1373 876 1490 913 opera
1521 877 1592 902 sua
1626 867 1843 905 confecerit.

51 919 210 970 Semper
240 928 398 970 paratus
431 928 523 969 erat,
558 922 604 960 de
636 923 805 959 maxima
826 933 952 959 rerum
976 923 1176 969 varietate,
1211 934 1309 970 quae
1342 923 1375 959 ei
1409 931 1476 960 aut
1508 925 1684 972 cognitae
1707 931 1847 973 essent,

52 986 120 1016 aut
150 981 283 1028 procul
317 980 498 1018 abessent
530 981 578 1018 ab
612 980 695 1028 ejus
728 979 878 1025 studiis,
911 981 943 1016 si
976 979 1067 1028 quid
1090 982 1367 1028 interrogatum
1391 988 1458 1018 ant
1491 981 1708 1019 dubitatum
1733 988 1846 1030 esset,

53 1048 139 1074 cum
171 1037 423 1075 familiaribus
456 1040 535 1075 suis
567 1049 643 1076 non
676 1040 813 1085 minus,
847 1049 962 1086 quam
996 1049 1081 1075 cum
1114 1040 1342 1087 incognitis,
1376 1050 1461 1076 cum
1494 1040 1733 1089 simplicibus
1765 1043 1848 1090 agri

51 1097 292 1133 mensoribus
326 1102 362 1134 et
394 1096 708 1135 adolescentibus
740 1096 935 1134 literarum
967 1096 1150 1134 studiosis
1173 1107 1247 1133 non
1273 1098 1409 1142 minus,
1444 1110 1560 1146 quam
1593 1110 1678 1136 cum
1701 1099 1848 1137 doctis-

51 1155 157 1191 simis
189 1154 410 1192 hominibus
444 1160 480 1192 et
520 1157 678 1192 summis
720 1156 811 1192 viris
851 1166 917 1203 per
948 1154 1080 1192 literas
1121 1154 1318 1193 disserere.
1381 1155 1550 1194 Comiter
1582 1162 1618 1194 ct
1650 1157 1845 1195 liberalis-

51 1213 145 1250 sime
179 1214 351 1250 veritatis
384 1218 420 1250 et
452 1213 665 1250 studiorum
690 1211 852 1261 cupidos
875 1211 1038 1260 adjuvit,
1073 1218 1110 1250 et
1141 1214 1261 1261 siqui
1293 1220 1537 1251 occurrerunt
1568 1226 1725 1263 errores,
1758 1216 1845 1253 illos

52 1272 228 1309 correxit.
270 1271 360 1320 Ipse
392 1283 483 1308 vero
516 1272 679 1309 libenter
710 1271 837 1308 locum
869 1270 1024 1319 reliquit
1056 1271 1398 1318 admonitionibus,
1433 1274 1597 1321 ingenue
1630 1274 1756 1311 fassus
1785 1286 1847 1311 er-

52 1339 156 1366 rores
191 1328 251 1366 vel
283 1331 315 1366 si
348 1330 440 1377 quid
472 1329 711 1378 negligentia
743 1330 1053 1377 praetermiserit,
1087 1340 1285 1377 nunquam
1307 1335 1435 1367 autem
1459 1332 1714 1379 ignorantiam
1737 1343 1847 1369 suam

54 1387 282 1436 ambagibus
315 1387 438 1425 celare
475 1388 596 1425 voluit
627 1393 665 1425 et
697 1388 799 1424 inani
834 1387 1037 1424 verborum
1068 1387 1241 1435 strepitu.
1305 1387 1418 1435 Quod
1450 1389 1604 1436 quidem
1635 1388 1847 1427 clarissime

55 1444 180 1482 elucet
218 1457 263 1482 ex
296 1445 452 1494 Kepleri
497 1445 672 1495 epistolis
709 1445 757 1482 ad
796 1445 1039 1483 Davidem
1081 1445 1374 1483 Fabricium
1419 1449 1590 1496 seriptis,
1634 1459 1720 1485 cum
1762 1448 1847 1496 ejus

52 1503 379 1541 accuratissimam
412 1505 671 1542 astronomiae
705 1510 741 1541 et
773 1504 973 1540 scientiam
1005 1508 1042 1541 et
1082 1504 1355 1551 experientiam
1400 1506 1545 1553 integre
1581 1506 1850 1554 comprobaret

56 1560 259 1609 eidemque
291 1562 420 1599 multis
454 1564 490 1598 in
523 1563 638 1600 rebus
671 1563 936 1608 assentiretur,
979 1573 1140 1609 quarum
1174 1564 1343 1610 cognitio
1377 1564 1449 1611 ipsi
1485 1564 1722 1601 FabriCianis
1754 1577 1847 1613 par-

55 1620 122 1656 tim
155 1620 328 1668 epistolis
361 1626 494 1670 aperta
526 1627 593 1665 est,
628 1622 909 1669 patientissime
941 1620 1106 1657 Fabricii
1142 1622 1178 1656 in
1212 1620 1458 1669 explorandis
1486 1621 1726 1670 planetarum
1759 1634 1848 1660 cur-

55 1678 162 1715 sibus
195 1679 380 1726 ambages
412 1685 637 1727 sequeretur
668 1685 704 1716 et
736 1681 959 1722 veritatem,
1002 1690 1047 1715 ex
1080 1678 1244 1715 obscura
1283 1680 1355 1715 viri
1398 1679 1655 1728 explicatione
1697 1682 1850 1729 saepis-

54 1737 148 1773 sime
180 1738 346 1774 maxima
379 1748 494 1785 opera
527 1736 786 1785 depromtam,
820 1737 892 1784 ipsi
927 1736 1078 1774 offerret
1110 1743 1147 1773 et
1179 1737 1470 1776 demonstraret.
1530 1738 1743 1776 Plurimum
1775 1751 1848 1776 au-

55 1799 131 1831 tem
163 1806 203 1831 se
235 1796 289 1832 rei
322 1796 594 1843 peritissimum
620 1801 656 1832 et
678 1796 794 1832 sentit
827 1800 863 1831 et
894 1795 1066 1843 praebet,
1098 1795 1279 1832 Fabricio
1311 1797 1552 1843 gravissime,
1586 1796 1700 1834 modo
1733 1809 1849 1835 seve-

54 1854 144 1898 rius,
178 1853 293 1890 modo
322 1853 497 1901 jocosins
533 1859 568 1890 et
602 1854 773 1900 facetius,
808 1852 900 1901 quid
932 1854 1152 1901 peccaverit
1185 1852 1464 1891 demonstrans.
1526 1855 1727 1892 Fabricius
1761 1857 1849 1904 qui-

56 1909 154 1957 dem,
188 1922 272 1948 cum
307 1904 343 1948 et.
375 1912 634 1949 astronomiae
668 1911 864 1948 studiosus
887 1919 924 1948 et
947 1910 1180 1960 astrologiae
1203 1913 1489 1949 amantissimus
1522 1919 1633 1959 esset,
1668 1912 1717 1950 ad
1739 1913 1849 1963 Kep—

56 1967 176 2006 lerum
210 1974 394 2018 tanquam
429 1970 625 2007 oraculum
659 1971 904 2007 aestimatum
937 1970 1155 2006 innumeras
1189 1969 1234 2007 de
1257 1969 1400 2007 talibus
1432 1970 1545 2008 rebus
1577 1973 1706 2019 posuit
1727 1983 1850 2019 quae-

55 2027 200 2064 stiones
241 2033 278 2065 et
315 2027 502 2076 pueriles,
543 2033 580 2065 et
613 2030 780 2077 ineptas,
822 2034 858 2064 et
899 2026 1003 2063 haud
1046 2039 1129 2065 raro
1168 2027 1215 2064 ad
1254 2029 1376 2076 ipsam
1415 2030 1589 2076 magicen
1627 2035 1663 2066 et
1705 2041 1848 2068 meram

54 2086 366 2133 superstitionem
405 2088 653 2134 pertinentes.
717 2084 867 2133 Quibus
900 2086 1155 2134 superstitiosi
1188 2086 1257 2122 viri
1290 2086 1464 2133 epistolis
1506 2098 1604 2135 quae
1644 2093 1734 2125 sunt
1765 2100 1849 2126 res-

55 2154 179 2191 ponsa
210 2156 233 2181 a
264 2143 455 2193 Keplero‚
496 2145 765 2192 quaestionum
813 2144 930 2180 nimia
969 2143 1213 2181 multitudine
1245 2155 1320 2181 non
1354 2144 1583 2193 defatigato,
1626 2144 1729 2183 lectu
1761 2151 1850 2183 sunt

50 2201 348 2249 jucundissima.
412 2202 611 2240 Fabricius
652 2203 751 2240 enim
794 2203 931 2239 iterum
975 2203 1189 2250 iterumque
1221 2213 1345 2239 novas
1377 2203 1487 2241 affert
1518 2203 1780 2241 dubitationes
1813 2208 1850 2242 et

57 2258 185 2297 decies
219 2259 264 2297 de
297 2261 642 2308 argumentationis
675 2261 862 2297 inanitate
895 2259 1072 2306 edoctus,
1115 2260 1240 2297 denuo
1272 2260 1430 2308 Kepleri
1462 2263 1498 2297 in
1532 2263 1689 2298 somniis
1722 2267 1850 2300 astro-

56 2316 193 2365 logicis
227 2318 412 2355 auxilium
447 2324 484 2357 et
517 2318 718 2356 consilium
753 2319 920 2367 quaerit,
962 2317 1009 2354 ad
1042 2319 1169 2366 priora
1201 2329 1303 2355 nova
1335 2318 1444 2355 addit
1474 2320 1589 2356 etiam
1622 2321 1745 2367 magis
1776 2321 1849 2357 ab-

61 2375 189 2414 surda.
253 2376 531 2425 Quemcunque
565 2382 693 2415 autem
725 2378 761 2413 in
795 2376 949 2413 modum
982 2387 1022 2413 se
1055 2378 1169 2413 vertit
1200 2381 1236 2414 et
1269 2381 1444 2425 torquet,
1475 2377 1667 2426 Keplerus
1700 2390 1851 2427 semper

58 2439 125 2470 aut
152 2435 223 2470 viri
258 2435 431 2472 stultitiis
462 2440 672 2484 repugnat,
715 2440 781 2472 aut
813 2436 844 2471 si
882 2433 974 2482 quid
1001 2434 1082 2482 jam
1115 2440 1229 2471 antea
1264 2440 1468 2472 tractatum
1507 2435 1632 2473 denuo
1668 2436 1848 2482 attulerit,

56 2491 93 2527 id
126 2493 250 2540 ipsum
283 2493 465 2531 brevibus
500 2493 779 2539 demonstrare,
823 2494 859 2529 in
893 2492 1050 2529 dubium
1082 2503 1245 2538 vocare,
1289 2492 1336 2530 ad
1378 2493 1494 2530 risum
1528 2494 1589 2531 vel
1630 2493 1679 2531 ad
1712 2495 1850 2531 absur-

57 2548 146 2586 dum
185 2548 372 2590 deducere
413 2556 450 2588 et
491 2551 566 2588 hoc
603 2551 718 2588 modo
759 2550 1110 2599 interpellationes,
1152 2561 1251 2598 quae
1295 2552 1331 2586 in
1376 2550 1456 2588 dies
1499 2553 1622 2599 magis
1664 2552 1849 2588 intolera-

56 2607 153 2644 biles
186 2607 329 2655 fierent,
363 2609 532 2656 rejicere.
598 2608 673 2646 Sed
705 2615 899 2657 postremo
933 2620 1018 2645 cum
1051 2614 1272 2645 astronomo
1302 2608 1502 2657 permultis
1534 2611 1699 2657 negotiis
1732 2620 1849 2646 oceu-

56 2670 146 2713 pato
179 2671 246 2702 aut
277 2672 428 2715 tempus
461 2666 612 2704 deesset
644 2667 777 2704 eadem
812 2666 937 2704 denuo
970 2665 1136 2714 legendi,
1170 2672 1237 2703 aut
1268 2666 1473 2713 hominem,
1506 2678 1590 2704 cum
1613 2668 1848 2704 somniorum

57 2734 212 2760 suorum
246 2725 358 2760 nimis
391 2726 680 2761 amantissimus
713 2729 831 2770 esset,
876 2723 982 2761 nullo
1015 2723 1129 2761 modo
1162 2723 1209 2761 ad
1241 2726 1428 2761 rationem
1468 2724 1598 2762 reduci
1640 2736 1753 2773 posse
1786 2725 1848 2760 in-

60 2781 284 2827 tellexisset,
319 2781 494 2830 epistolis
526 2793 611 2819 cum
644 2783 809 2819 maximo
846 2782 1010 2818 Fabricii
1044 2781 1174 2818 dolore
1205 2781 1438 2830 respondere
1471 2782 1604 2827 desiit,
1640 2784 1703 2830 qui
1736 2794 1847 2819 suam

0 2838 1 2842 ’
58 2841 96 2875 in
128 2839 338 2888 Keplerum
378 2839 681 2888 indignationem
724 2845 761 2876 et
802 2840 895 2876 iram
937 2840 1078 2887 scripto
1121 2838 1252 2876 effudit
1288 2839 1608 2889 ‚7Prognostico“‚
1651 2839 1752 2887 quod
1786 2841 1848 2877 in-

58 2898 187 2935 venire
232 2898 387 2946 quidem
420 2909 495 2934 non
529 2899 742 2946 potuimus,
786 2897 895 2944 eujus
928 2902 1055 2933 tamen
1097 2895 1217 2933 libelli
1259 2907 1358 2943 quae
1398 2898 1511 2933 suerit
1542 2908 1692 2934 summa
1736 2897 1849 2936 facile

59 2954 189 3004 colligi
220 2956 360 3004 poterit
392 2967 437 2993 cx
468 2954 626 3003 Kepleri
658 2953 992 3002 responso,'quod
1013 2953 1310 3002 Ephemeridum
1342 2954 1571 3002 praefationi
1604 2954 1777 2992 additum
1810 2961 1848 2993 et

61 3011 194 3050 eodem
228 3014 304 3051 fere
337 3013 452 3050 modo
485 3024 560 3061 quo
594 3012 781 3061 epistolae
813 3013 1068 3060 compositum
1100 3015 1169 3048 est.
1226 3012 1316 3056 (Cfr.
1343 3013 1414 3048 vol.
1439 3014 1485 3049 II.
1512 3025 1547 3058 p.
1577 3016 1669 3058 109.)

196 3070 313 3109 Haud
344 3071 455 3109 aliter
475 3070 666 3119 Keplerus
699 3075 867 3107 veterem
899 3068 1205 3106 Roeslinum
1239 3069 1474 3118 astrologum
1507 3075 1645 3107 tractat
1679 3071 1716 3107 in
1741 3070 1848 3120 „Re-

59 3129 228 3176 sponso“
262 3140 333 3166 suo
373 3128 541 3167 editione
583 3126 828 3177 promulgato
851 3122 931 3172 (vol.
959 3129 986 3163 I.
1012 3141 1044 3173 p.
1073 3130 1135 3164 501
1160 3131 1233 3174 ss),
1262 3128 1328 3164 ubi
1361 3127 1483 3176 lepori
1514 3127 1742 3177 facetiisque
1773 3130 1847 3166 mi-

58 3186 159 3225 nime
199 3188 452 3239 temperavit3
498 3187 720 3237 pariterque
766 3184 980 3235 dapiferum
1029 3184 1348 3234 Vickenium‚
1401 3185 1449 3225 de
1493 3197 1569 3234 quo
1618 3188 1846 3237 gravissime

1499 3252 1571 3286 Μ*
