2126 3388
918 167 1021 205 1606.
1776 172 1859 218 773

65 280 166 329 vale,
201 283 436 322 venerabilis
469 285 543 334 vir,
585 297 725 335 meque
756 290 796 325 et
826 286 897 325 has
928 291 1032 326 artes
1064 299 1174 336 ama,
1218 288 1345 338 majus
1386 301 1472 328 meo
1507 290 1656 340 judicio
1689 292 1862 332 facturus

65 349 207 388 operae
237 343 403 390 pretium
435 344 473 380 in
504 345 572 392 iis,
618 357 735 393 quam
767 346 804 383 in
836 345 992 394 litigiis,
1034 351 1166 385 nostro
1207 358 1307 385 aevo
1344 350 1571 398 tritissimis,
1613 361 1712 400 quos
1743 353 1861 390 animi

64 398 218 436 morbos
251 399 357 438 Deus
391 400 437 442 O.
470 402 525 440 M.
558 408 669 441 sanet
700 404 1010 443 misericorditer.

202 465 328 500 Mense
354 467 502 503 Octobri
526 470 623 504 misit
640 470 796 514 Keplero
822 470 999 505 Samuel
1027 471 1393 507 Hafenrefferus
1420 473 1528 517 (filius
1546 476 1733 521 Matthiae,
1759 477 1862 512 theo-

63 522 136 566 logi
162 523 415 571 Tubingensis)
446 527 631 563 Maestlini
664 530 778 565 theses
813 529 857 564 de
886 530 1211 576 inaequalitatibus
1242 536 1403 567 motuum
1437 536 1655 580 coelestium,
1685 535 1862 581 judicium

64 581 213 626 Kepleri
239 583 307 618 sibi
333 589 509 629 expetens
536 587 579 622 de
605 587 756 631 singulis
782 587 958 633 thesibus,
985 590 1180 634 praecipue
1209 590 1252 625 de
1278 590 1358 632 illa,
1383 603 1475 635 quae
1501 594 1575 638 agit
1603 594 1646 628 (16
1675 595 1863 639 Copernici

63 641 285 686 aliorumque
310 647 601 679 astronomorum
619 645 886 691 hypothesibus
913 646 957 680 (16
983 647 1126 691 munde,
1156 648 1274 692 „quod
1291 649 1509 686 Maestlinus
1537 653 1726 687 occasione
1752 653 1863 696 hujus

62 700 207 736 theseos
242 700 278 735 in
311 701 559 744 gravissimum
595 703 761 739 inciderit
791 704 927 740 bellum
953 716 1034 740 cum
1068 705 1382 753 professoribus“,
1419 709 1495 743 sine
1532 709 1642 745 dubio
1668 711 1862 757 theologis.

63 760 357 805 (.,Maestlinus“,
385 761 470 797 dicit
495 762 782 803 Hafenrefferus‚
810 773 852 805 „a
872 763 1058 807 Copernici
1083 764 1347 809 hypothesibus
1367 766 1548 804 declinare
1574 779 1646 804 non
1670 769 1746 804 vult
1772 773 1860 805 etc.“

63 817 132 854 Cfr.
160 819 461 854 introductionem
486 823 646 854 nostram
671 821 707 854 in
732 820 819 856 hist.
846 825 935 856 astr,
960 833 994 865 p.
1021 822 1116 867 651.)

200 883 381 928 Keplerus
407 884 596 928 respondit
623 884 653 919 d.
682 885 738 919 to.
764 885 995 920 Novembris:
1033 884 1117 922 Etsi
1138 896 1223 922 sum
1246 887 1577 936 occupatissimus,
1600 890 1743 938 quippe
1764 889 1863 928 Pra-

60 951 150 989 gam
181 940 247 976 vix
278 951 455 977 reversus
489 951 508 978 e
540 951 709 988 secessu,
743 944 863 992 pestis
896 954 1027 990 causa,
1056 943 1217 992 jamque
1251 944 1386 982 eodem
1412 958 1634 985 reversurus
1666 947 1716 985 ad
1748 948 1863 985 fami-

61 995 208 1048 liam*)‚
243 998 339 1034 mira
361 1001 490 1036 tamen
521 999 580 1036 vis
615 1004 886 1038 consuetarum
919 1000 1187 1039 illecebrarum
1209 1004 1330 1040 otium
1352 1004 1445 1040 mihi
1467 1005 1659 1043 scribendi
1680 1005 1781 1046 fecit.
1797 1035 1806 1043 .
1826 1036 1834 1044 .
1853 1039 1861 1047 .

61 1060 142 1094 Jam
167 1058 315 1103 inquirit
339 1058 464 1094 theses
489 1064 645 1104 quatuor
668 1060 807 1105 priores
834 1062 904 1104 (cfr.
930 1063 996 1096 vol,
1022 1065 1064 1096 II.
1090 1074 1124 1106 p.
1152 1063 1234 1106 836)
1260 1069 1295 1097 et
1320 1070 1462 1108 partem
1490 1066 1690 1101 studiorum
1715 1077 1863 1101 suorum

62 1117 100 1152 in
124 1117 280 1162 planetis
305 1127 500 1152 recensens
533 1117 650 1152 addit:
688 1116 763 1154 Pro
787 1117 1011 1167 adjumento
1036 1119 1174 1156 calculi
1209 1118 1420 1169 ellipsis
1453 1119 1657 1158 adhibetur
1679 1121 1765 1160 loco
1789 1124 1864 1159 cir-

62 1173 148 1212 culi.
211 1172 310 1211 Nam
350 1173 422 1210 iter
460 1172 640 1222 planetae
679 1174 798 1213 habet
836 1176 999 1225 figuram
1040 1176 1209 1226 ellipsis,
1254 1188 1330 1214 non
1369 1179 1511 1216 circuli.
1573 1180 1708 1229 Neque
1752 1193 1863 1219 arcus

63 1231 223 1281 ellipsis,
256 1230 325 1268 sed
356 1231 562 1280 planum
596 1232 699 1281 ejtis
732 1234 1137 1284 computandum.
1198 1235 1298 1273 Nam
1330 1237 1368 1272 in
1401 1236 1517 1286 plano
1550 1238 1680 1275 insunt
1712 1238 1863 1276 distan-

62 1292 139 1328 tiae
171 1290 341 1327 omnium
372 1300 483 1327 arcus
514 1295 767 1340 punctorum,
812 1292 1018 1331 distantiae
1050 1305 1142 1331 vero
1174 1295 1385 1331 metiuntur
1427 1297 1599 1345 vigorem
1632 1301 1759 1334 motus
1791 1309 1861 1335 seu

62 1354 250 1397 tempora.
311 1347 422 1386 Haec
452 1349 710 1399 impossibilia
743 1350 834 1388 olim
868 1353 965 1398 visa,
997 1352 1077 1400 jam
1109 1363 1174 1402 per
1196 1352 1270 1390 Dei
1300 1355 1465 1402 gratiam
1497 1354 1590 1391 mihi
1621 1360 1710 1392 sunt
1741 1356 1863 1393 tritis-

61 1408 171 1453 sima,
206 1405 591 1454 demonstratissima,
624 1419 691 1457 per
722 1408 876 1447 tabulas
897 1411 1014 1447 etiam
1037 1422 1218 1460 expressa
1224 1440 1364 1450 .....
1425 1412 1471 1449 Ι11
1492 1411 1577 1450 3013
1598 1413 1709 1450 Luna
1730 1413 1864 1452 haeret

62 1465 155 1503 mihi
186 1477 303 1514 aqua.
354 1464 446 1503 Jam
479 1466 518 1502 in
549 1477 594 1503 eo
617 1477 714 1512 sum,
747 1473 788 1504 ut
819 1469 923 1518 typis
957 1467 1044 1506 dem
1067 1467 1354 1507 Commentaria
1386 1469 1432 1507 de
1465 1470 1601 1508 Marte.
1653 1471 1862 1520 Ingenioso

61 1529 100 1561 et
131 1523 319 1561 industrio
351 1523 547 1572 adjutore,
592 1526 659 1573 qui
688 1536 762 1563 nec
795 1525 1095 1576 descriptionem
1126 1527 1417 1576 nonnullorum,
1450 1540 1521 1566 nec
1552 1529 1760 1578 figurarum
1794 1529 1864 1568 de-

61 1583 330 1629 lineationem,
364 1593 435 1620 nec
466 1582 658 1620 calculum
691 1584 946 1631 omnffarium,
979 1597 1051 1623 nec
1082 1590 1339 1623 correcturam
1372 1586 1556 1625 detrectet
1593 1599 1689 1638 opus
1720 1589 1860 1636 habeo,

63 1646 100 1678 et
131 1642 198 1689 qui
231 1639 442 1678 delectetur
484 1640 827 1691 comprehensione
869 1642 1281 1690 demonstrationum„
1304 1645 1410 1693 quod
1443 1651 1500 1683 est
1532 1647 1687 1684 unicum
1720 1649 1862 1697 ὅελεαρ

63 1713 198 1738 κακων.
250 1698 356 1736 Malo
390 1710 475 1736 meo
509 1699 587 1736 sato
619 1699 663 1737 fit
693 1706 735 1737 ut
765 1700 882 1750 legati
904 1701 1217 1751 Wirtembergici
1241 1702 1413 1741 Dresdae
1446 1705 1523 1740 sint
1554 1710 1633 1742 tam
1667 1705 1751 1753 diu,
1780 1705 1863 1754 jam

63 1756 210 1808 pridem
247 1759 348 1795 euim
389 1758 642 1795 obtinuissem
677 1770 701 1796 a
738 1760 910 1810 principe
948 1759 1166 1809 alumnum,
1211 1762 1277 1810 qui
1319 1762 1510 1800 sumtibus
1553 1764 1738 1814 principis
1777 1775 1861 1802 me-

63 1826 149 1854 cum
181 1820 295 1854 esset.

204 1884 406 1918 Joannes
438 1883 604 1927 Papius
639 1883 682 1918 de
716 1882 845 1928 Optica
878 1884 1029 1929 Kepleri
1065 1884 1208 1920 scribit:
1246 1885 1413 1926 „Utinam
1438 1891 1510 1922 tam
1536 1892 1633 1923 esset
1656 1888 1862 1933 perspicua,

64 1954 171 1988 quam
198 1946 252 1977 est
276 1942 463 1987 ingeniosa
489 1946 525 1977 et
551 1941 705 1977 subtilis.
755 1942 847 1977 Mihi
871 1953 936 1987 per
964 1953 1105 1978 omnem
1130 1953 1245 1978 meam
1271 1944 1381 1979 vitam
1406 1945 1495 1980 1111111
1520 1950 1593 1981 tam
1631 1946 1776 1981 difficile
1802 1947 1864 1982 ob-

64 2002 176 2037 latum
202 2007 257 2037 est
281 2001 317 2035 in
343 2001 417 2036 ulla
441 2001 708 2046 mathematica,
736 2000 812 2035 fere
839 2000 992 2035 dixerim
1017 2001 1053 2035 in
1078 2000 1153 2036 ulla
1180 2001 1368 2046 disciplina
1394 2004 1657 2049 philosophica.
1699 2005 1772 2040 Des
1797 2005 1864 2040 ita-

62 2071 132 2104 que
157 2059 295 2104 aliquid
327 2059 500 2095 bonarum
533 2060 703 2095 horarum
736 2058 850 2095 amico
876 2064 938 2095 tuo
964 2059 1095 2102 veteri,
1127 2059 1203 2103 jam
1228 2060 1304 2096 fere
1329 2063 1550 2107 senescenti,
1582 2073 1755 2108 meosque
1778 2063 1866 2098 mihi

63 2118 255 2163 scrupulos
281 2118 332 2154 sic
358 2119 467 2163 eripe,
494 2123 534 2153 ut
561 2123 717 2153 mentem
741 2123 841 2152 tuam
867 2128 911 2152 ex
937 2118 1055 2152 verbis
1083 2119 1191 2153 claris
1218 2130 1443 2163 cognoscam.
1485 2121 1597 2156 Nulla
1620 2121 1696 2156 fere
1720 2126 1784 2157 tua
1810 2127 1867 2158 est

62 2176 281 2220 propositio,
316 2176 360 2210 de
386 2187 457 2220 qua
488 2187 560 2212 non
586 2177 763 2221 ambigam
789 2181 824 2210 et
851 2176 1013 2211 dubitem
1039 2180 1130 2211 etc.“
1181 2177 1280 2212 Haec
1306 2190 1351 2214 ex
1384 2179 1537 2224 epistola
1563 2180 1597 2216 d,
1625 2179 1659 2215 d.
1685 2181 1717 2216 4.
1743 2181 1867 2216 Martii

65 2236 229 2270 desumta
255 2235 503 2280 sequebantur
535 2234 679 2277 literae,
717 2236 848 2280 quibus
874 2235 920 2270 ad
946 2235 1097 2280 Kepleri
1131 2236 1255 2271 literas
1281 2238 1471 2282 respondit
1496 2238 1631 2282 Papius
1657 2239 1707 2283 (1.
1734 2238 1865 2284 Sept.),

64 2294 205 2329 dicens:
237 2295 425 2337 „Agnosco
450 2303 537 2328 sane
563 2298 598 2327 et
616 2299 721 2338 grata
739 2299 859 2328 mente
877 2305 1052 2339 agnosco,
1078 2299 1114 2328 te
1140 2295 1295 2339 primum
1322 2301 1357 2330 et
1383 2296 1503 2331 solum
1527 2296 1632 2332 nobis
1656 2297 1804 2332 medicis
1831 2303 1867 2332 et

64 2353 291 2399 philosophis
317 2363 438 2387 veram
462 2352 607 2387 videndi
630 2354 807 2388 rationem
834 2358 1153 2397 commonstrasse3
1191 2357 1226 2388 et
1251 2354 1353 2389 mitto
1381 2355 1522 2390 duobus
1548 2355 1619 2390 tuis
1645 2355 1767 2390 liberis
1794 2355 1866 2390 cui-

65 2422 134 2456 que
160 2412 342 2456 ducatum,
369 2415 552 2456 διδακτρυν
577 2422 649 2445 11011
676 2421 762 2446 sane
787 2411 912 2446 labore
938 2416 1021 2456 tuo,
1048 2423 1154 2456 quem
1178 2412 1215 2447 111
1239 2423 1294 2447 1116
1321 2414 1517 2449 erudiendo
1545 2414 1757 2458 suscepisti,
1794 2413 1867 2457 dig-

65 2481 147 2505 num
154 2496 269 2505 .....
319 2470 408 2504 Post
432 2480 647 2514 responsum
672 2474 773 2505 tuum
798 2481 855 2505 me
880 2469 1131 2515 philosophice
1156 2475 1408 2515 regeneratum
1436 2482 1515 2507 esse
1541 2475 1667 2517 puto.‘·'

203 2530 355 2564 Praeter
385 2529 475 2564 haec
508 2528 577 2563 hoc
609 2539 703 2563 anno
735 2528 915 2573 Keplerus
948 2539 1014 2574 per
1051 2529 1176 2564 literas
1214 2535 1449 2565 conversatus
1488 2535 1543 2565 est
1580 2541 1660 2565 cum
1698 2530 1866 2565 Thoma

66 2587 288 2622 Harrioto
320 2587 364 2621 de
394 2586 502 2621 rebus
537 2585 664 2629 opticis
692 2588 752 2630 (ΙΙ.
781 2590 822 2620 67
843 2587 926 2632 ss),
963 2597 1044 2621 cum
1075 2587 1302 2622 Michaele
1336 2589 1560 2633 Coigneto
1599 2589 1642 2623 de
1679 2588 1866 2631 horologio

67 2645 222 2690 quodam
247 2643 429 2688 singulari,
455 2643 551 2687 quod
576 2644 700 2688 Hayus
720 2644 1038 2689 Andowerpiensis
1057 2655 1076 2679 e
1095 2656 1168 2680 soc.
1194 2645 1284 2680 Jesu
1308 2645 1344 2679 in
1371 2645 1492 2681 libello
1513 2646 1737 2690 (argumento
1756 2644 1867 2679 histo-

67 2704 154 2746 rico)
180 2692 388 2748 promittat,
423 2702 548 2746 „cujus
583 2712 626 2736 ex
652 2701 779 2735 umbra
810 2701 1031 2745 improvidus
1066 2701 1198 2746 aliquis
1230 2703 1440 2748 persuaderi
1471 2703 1605 2748 possit,
1638 2702 1758 2737 Solem
1783 2706 1868 2738 ante

68 2762 250 2797 meridiem
269 2760 366 2795 abire
384 2772 404 2795 a
423 2759 636 2803 meridiano,
660 2762 745 2803 post
763 2759 809 2793 ad
827 2759 980 2794 eundem
1006 2761 1213 2795 accedere“.
1264 2761 1363 2795 Haec
1380 2760 1490 2804 igitur
1508 2760 1650 2803 scripsit
1668 2760 1865 2804 Keplerus:

71 2818 157 2867 Quo
189 2829 303 2868 super
333 2816 489 2865 negotio
522 2826 608 2852 cum
639 2826 716 2852 non
745 2817 802 2852 ita
831 2814 980 2865 pridem
1012 2815 1050 2854 S.
1076 2815 1116 2854 C.
1149 2815 1204 2853 M.
1239 2815 1481 2852 consiliarius
1512 2815 1626 2853 aulae
1658 2816 1867 2866 imperialis

208 2941 246 2985 ss)
273 2944 336 2975 Die
363 2944 416 2975 18.
437 2942 512 2974 Oct.
537 2943 653 2973 scribit
676 2940 859 2981 Keplerus:
890 2940 997 2980 „Quia
1022 2942 1126 2980 pestis
1144 2951 1210 2971 non
1229 2942 1308 2982 abit,
1335 2942 1415 2971 abeo
1436 2950 1493 2978 ego
1512 2941 1621 2980 Praga
1638 2951 1711 2972 cum
1729 2942 1867 2981 familia,

69 2994 136 3031 J'am
163 2992 252 3022 euim
277 2990 400 3021 Caesar
424 2989 541 3020 abiitf*
593 2988 752 3019 Coloniae
777 2988 820 3018 ad
846 2988 960 3018 Albim
985 2989 1021 3017 in
1046 2988 1207 3017 Boheuiia
1239 2988 1448 3028 aliquantum
1479 2989 1637 3028 temporis
1663 2989 1866 3029 morabatur,

71 3039 168 3069 initio
202 3037 400 3068 Novembris
435 3035 525 3067 solus
550 3036 692 3074 Pragam
723 3044 872 3066 reversus
907 3037 973 3070 est,
1017 3035 1130 3073 „brevi
1162 3034 1327 3064 rediturus
1358 3034 1583 3064 Brundusium
1617 3035 1660 3065 ad
1693 3034 1866 3069 familiam.

74 3084 230 3115 Coloniae
256 3084 352 3124 coepi
375 3083 531 3114 Mercurii
557 3082 758 3123 hypothesin
784 3085 945 3112 attentare
971 3090 1012 3111 ex
1037 3082 1203 3114 meteoris.
1241 3081 1421 3111 Ludicrum
1439 3082 1670 3113 suarissimum
1698 3086 1729 3113 et
1746 3081 1866 3121 glorio-

73 3131 241 3162 sissimum
267 3131 297 3162 si
319 3130 547 3171 pervicissem.
595 3129 660 3162 Sed
689 3128 813 3171 destiti,
840 3130 974 3160 vocatus
1001 3137 1019 3158 a
1045 3127 1186 3159 Caesare
1210 3126 1471 3160 Brundusium.“
