2157 3398
218 181 302 226 608
620 178 856 216 Summarium
880 176 1063 213 Historiae
1087 176 1337 212 Astronomiae
1363 176 1604 223 seculo'gXVI.

217 309 296 334 rum
321 297 472 334 eundem
497 295 603 331 situm
628 304 783 338 servare,
808 293 871 328 sed
896 293 1002 328 variis
1027 292 1063 327 in
1088 292 1176 328 locis
1202 293 1320 329 varias
1346 293 1536 329 ostendere
1561 292 1830 328 declinationes.
1880 289 1952 326 Sed
1975 289 2005 325 is

221 367 319 392 error
342 356 438 390 hunc
457 353 614 388 ordinem
640 352 742 395 sequi
766 350 915 394 videtur,
944 349 1038 393 quod
1067 354 1201 394 quanto
1219 352 1452 396 propinquior
1469 351 1597 387 orienti
1621 351 1740 394 fuerit,
1766 354 1866 385 tanto
1891 349 2006 393 magis

216 424 340 449 versus
358 413 528 447 orientem
547 412 591 446 ab
609 411 687 454 ipsa
703 409 899 444 meridiana
916 408 1010 442 linea
1028 407 1201 453 deviabit,
1233 414 1268 444 et
1287 414 1421 455 quanto
1442 409 1662 445 occidentem
1688 418 1813 444 versus
1837 417 2006 453 porrexe-

216 472 277 513 ris,
304 482 344 506 eo
362 469 473 514 magis
492 468 537 503 ad
556 467 775 502 occidentem
791 466 907 501 ferrea
927 466 1046 509 cuspis
1067 470 1199 510 verget.
1242 467 1413 502 Traditur
1436 472 1624 512 praeterea
1649 477 1670 501 a
1694 466 1778 501 viris
1803 465 2006 511 peregrina-

219 529 376 564 tionibus
399 527 609 570 insiguibuS,
634 525 671 559 in
688 524 896 560 Fortunatis
921 523 1047 558 insulis
1073 534 1180 559 unam
1205 535 1296 568 esse,
1323 535 1416 570 quae
1439 526 1594 560 Assoras
1620 524 1759 569 dicitur,
1785 525 1821 559 in
1845 534 1916 569 qua
1941 523 2008 557 fer-

219 598 296 622 rum
323 585 446 630 pyxidi
469 584 674 628 impositum
701 593 784 618 vere
811 592 920 626 super
945 581 1177 617 meridianam
1209 582 1341 618 lineam
1367 583 1541 627 quiescat.
1568 602 1610 606 -—
1640 583 1702 624 „In
1730 581 1911 624 „staticis“
1938 580 2009 625 pri-

221 655 316 679 mum
341 643 476 677 obtinet
500 641 619 675 locum
636 651 798 684 vacuum,
825 639 920 684 quod
948 639 1058 681 „adeo
1077 650 1098 674 a
1114 645 1243 676 natura
1269 641 1449 685 abhorret,
1477 645 1516 675 ut
1541 641 1640 685 prius
1658 639 1781 675 mundi
1806 639 2008 674 machinam

217 701 363 737 dissolvi
394 699 592 744 contingat,
626 709 731 743 quam
763 698 853 733 illud
887 696 1129 734 admittatur“.
1177 700 1232 734 De
1266 698 1396 734 celebri
1430 698 1655 733 Archimedis
1691 697 1913 742 problemate
1939 696 2008 730 dis-

216 761 302 796 serit
331 770 402 794 non
432 768 561 802 magna
592 769 672 792 cum
703 755 933 801 verecundia,
969 756 1078 801 idque
1111 756 1252 792 solvere
1285 757 1407 792 studet
1439 756 1580 791 ratione
1611 766 1738 800 parum
1771 754 2006 790 convenienti.

215 818 341 854 Refert
365 816 540 862 quaedam
573 815 801 851 metallorum
834 814 1008 859 pondera,
1043 825 1135 858 quae
1161 814 1328 849 dicuntur
1353 814 1540 859 specifica,
1577 813 1742 849 desumta
1775 823 1818 847 ex
1843 811 2011 847 Tartalea

216 887 261 912 ex
285 880 387 922 parte
412 875 527 910 minus
553 876 724 910 correcta.
753 894 795 898 -—
823 873 922 916 Quae
949 872 992 908 de
1017 873 1145 917 opticis
1170 872 1274 907 affert
1291 872 1525 917 problemata,
1552 883 1624 906 non
1640 871 1815 906 theoriam
1834 873 2009 915 spectant,

216 934 279 970 sed
303 934 431 979 praxin
456 932 711 968 tantummodo.
754 932 930 967 Camera
955 930 1147 966 obscura
1173 930 1254 975 (cfr.
1274 930 1343 965 vol.
1363 931 1408 966 ΙΙ.
1436 942 1472 975 p.
1497 931 1577 974 160)
1603 930 1671 964 hac
1695 930 1834 964 ratione
1859 928 1902 963 ab
1929 938 2010 962 auc-

219 997 296 1028 tore
322 991 552 1026 describitur:
590 990 752 1025 Cubiculi
776 989 941 1025 fenestris
969 989 1133 1024 omnibus
1160 988 1294 1025 clausis
1330 1001 1439 1024 unum
1471 994 1611 1025 tantum
1636 988 1796 1024 foramen
1823 986 1923 1030 digiti
1948 985 2010 1021 mi-

216 1051 302 1086 nimi
325 1049 569 1094 magnitudine
594 1048 777 1093 aperietur
802 1052 838 1082 et
862 1058 882 1083 e
906 1049 1050 1092 regione
1075 1049 1223 1093 parietis
1249 1049 1321 1084 albi
1346 1050 1403 1084 vel
1428 1061 1585 1095 papyrus
1611 1048 1668 1084 vel
1698 1048 1781 1084 alba
1812 1048 1923 1083 lintea
1948 1058 2009 1092 ap-

218 1113 385 1154 ponatur.
434 1108 492 1143 Sic
517 1118 538 1142 a
562 1107 646 1143 Sole
670 1107 758 1142 foris
784 1106 963 1142 illustrata
989 1107 1108 1143 omnia
1134 1112 1169 1142 et
1190 1107 1462 1143 deambulantes
1489 1118 1553 1153 per
1577 1107 1718 1152 plateas
1744 1105 1934 1150 spectabis,
1959 1105 2011 1140 uti

220 1168 428 1212 antipodes,
465 1176 629 1210 quaeque
655 1165 783 1200 dextra
809 1166 955 1201 sinistra
979 1170 1269 1211 commutataque
1296 1166 1414 1201 omnia
1446 1165 1674 1201 videbuntur.
1724 1165 1760 1200 Si
1787 1168 1907 1198 autem
1934 1173 2010 1208 cry-

218 1225 397 1261 stallinam
423 1225 554 1259 lentem
580 1223 743 1259 foramini
769 1234 944 1270 appones,
972 1224 1047 1268 jam
1069 1225 1145 1268 J'am
1172 1225 1290 1259 omnia
1316 1223 1469 1259 clariora
1495 1234 1632 1258 cernes.
1668 1223 1715 1258 At
1740 1223 1769 1257 si
1787 1223 1839 1256 vis
1866 1221 2004 1265 majora

219 1284 338 1318 omnia
364 1287 400 1318 et
424 1282 575 1318 clariora
599 1281 731 1323 videre,
757 1292 775 1315 e
801 1281 946 1325 regione
972 1282 1161 1326 speculum
1187 1283 1370 1327 apponito,
1399 1281 1495 1325 quod
1521 1281 1723 1326 colligendo
1750 1281 1860 1315 uniat.
1904 1280 1942 1315 Si
1959 1280 2011 1314 vis

221 1345 262 1376 ut
285 1346 385 1376 recta
411 1341 529 1376 omnia
553 1340 760 1384 videantur,
796 1339 864 1373 hoc
891 1340 957 1374 erit
981 1351 1149 1384 magnum
1175 1341 1386 1384 artificium,
1422 1352 1443 1375 a
1467 1340 1588 1375 multis
1614 1343 1812 1382 tentatum,
1846 1338 1909 1373 sed
1939 1349 2011 1373 non

220 1404 436 1436 assecutum.
479 1400 660 1445 Opponito
686 1399 850 1434 foramini
876 1398 1061 1443 specillum
1080 1410 1098 1434 e
1117 1400 1286 1435 convexis
1309 1399 1536 1443 fabricatum,
1562 1397 1644 1432 inde
1670 1397 1706 1431 in
1725 1395 1911 1442 speculum
1930 1407 2011 1431 con-

220 1469 346 1493 cavum
370 1459 485 1502 imago
510 1457 662 1493 resiliat:
691 1457 741 1492 sic
766 1468 874 1502 supra
901 1457 1060 1493 foramen
1084 1458 1121 1493 in
1148 1469 1325 1503 papyrum
1350 1457 1468 1492 albam
1494 1455 1666 1500 jaculabit
1691 1454 1864 1498 imagines
1890 1464 2010 1489 rerum

221 1515 441 1559 objectarum
468 1519 541 1550 tam
567 1515 661 1550 clare
687 1519 723 1550 et
746 1516 947 1560 perspicue,
976 1520 1016 1551 ut
1042 1528 1114 1551 non
1140 1518 1228 1552 satis
1254 1517 1392 1557 laetari,
1417 1526 1488 1550 non
1515 1514 1602 1549 satis
1620 1513 1740 1548 mirari
1757 1513 1910 1557 possis.“
1954 1514 2008 1548 De

220 1573 470 1618 „crystallinae
495 1574 604 1608 lentis
629 1573 897 1608 affectionibus“
928 1574 1103 1618 quaedam
1131 1574 1235 1609 affert
1260 1574 1363 1609 nimis
1391 1573 1553 1614 concise,
1588 1572 1744 1615 indeque
1769 1570 1838 1605 hoc
1863 1582 2010 1616 excerp-

218 1633 328 1667 simus
355 1632 502 1676 dictum,
529 1643 598 1676 quo
625 1632 710 1666 moti
736 1631 879 1675 quidam
898 1632 1028 1666 Portae
1053 1631 1277 1667 inventorum
1304 1633 1472 1667 tuborum
1499 1630 1700 1674 opticorum
1725 1629 1875 1674 gloriam
1900 1630 2012 1665 vindi-

217 1694 363 1724 carunt:
400 1690 563 1725 Concavo
597 1690 702 1733 longe
727 1700 838 1734 parva
864 1690 985 1734 vides,
1019 1689 1083 1724 sed
1108 1691 1316 1735 perspicua,
1350 1699 1509 1725 convexo
1535 1688 1740 1733 propinqua
1764 1688 1920 1732 majora,
1949 1687 2011 1723 sed

220 1747 380 1793 turbida,
409 1749 439 1783 si
464 1752 654 1793 utrumque
687 1753 784 1784 recte
815 1758 1031 1793 componere
1056 1749 1217 1794 noveris,
1252 1753 1287 1784 et
1318 1749 1515 1793 longinqua
1550 1752 1586 1782 et
1616 1747 1782 1791 proxima
1813 1747 1951 1791 majora
1976 1750 2012 1781 et

215 1805 311 1840 clara
341 1805 488 1842 videbis.
526 1827 570 1832 —-
610 1806 801 1842 Theoriam
833 1808 973 1851 opticae
1010 1808 1119 1842 Porta
1161 1810 1326 1842 accurate
1366 1807 1441 1841 adit
1480 1807 1517 1842 in
1560 1805 1660 1840 libris
1694 1805 1737 1840 de
1779 1806 2012 1849 Refractione

219 1864 346 1908 (1583),
373 1863 514 1899 disserit
541 1865 584 1899 de
611 1869 793 1899 structura
818 1864 923 1910 oculi,
950 1865 993 1899 de
1016 1866 1148 1910 causis,
1175 1875 1267 1909 quae
1287 1865 1445 1910 pupillae
1465 1864 1722 1908 expansionem
1748 1867 1784 1897 et
1809 1863 2010 1898 diminutio-

219 1931 299 1955 nem
325 1920 505 1960 efficiunt,
533 1922 575 1957 de
601 1928 682 1958 ortu
708 1923 866 1958 colorum
891 1924 925 1958 in
952 1924 1041 1958 iride
1066 1929 1152 1969 etc.,
1188 1923 1375 1968 permixtis
1409 1923 1619 1967 plerumque
1645 1921 1739 1956 veris
1765 1925 1800 1955 et
1825 1920 1940 1956 falsis.
1966 1940 2007 1947 -——

219 1981 323 2013 Anno
355 1981 442 2015 1558
469 1980 582 2016 edidit
605 1982 716 2016 Porta
740 1981 1073 2026 interpretationem
1108 1981 1188 2016 libri
1214 1982 1241 2017 Ι,
1268 1982 1423 2025 Magnae
1451 1979 1734 2015 Constructionis
1760 1979 2011 2024 Ptolemaieae,

221 2038 327 2072 1603:
348 2038 520 2073 Coelestis
540 2040 860 2084 physignomoniae
878 2040 987 2074 libros
1005 2041 1065 2086 VI,
1091 2040 1234 2075 nonnisi
1252 2039 1465 2083 astrologica
1485 2039 1728 2082 continentes,
1754 2038 1842 2073 1601
1859 2051 1866 2072 ε
1892 2038 2012 2073 Pneu-

222 2097 354 2131 ‘matica
380 2096 465 2139 (rec.
497 2101 532 2131 et
566 2102 672 2132 aucta
699 2098 823 2142 1606);
855 2098 891 2132 in
917 2098 1075 2133 secunda
1109 2098 1265 2133 editione
1298 2098 1474 2142 quaedam
1501 2096 1606 2130 affert
1639 2096 1684 2130 ad
1710 2095 2011 2140 thermoscopiam

225 2154 421 2199 referenda,
448 2155 625 2190 nescimus
651 2166 671 2190 a
697 2167 767 2200 quo
793 2155 966 2190 desumta.
1010 2158 1192 2200 (Mortuus
1219 2159 1273 2190 est
1298 2156 1408 2190 Porta
1433 2166 1526 2189 anno
1556 2155 1653 2189 1015.
1681 2152 1861 2198 Neapoli.)

360 2213 594 2248 Emendando
622 2213 832 2248 Calendario
860 2225 1004 2258 operam
1030 2215 1204 2259 impendit
1228 2213 1310 2248 Joh
1323 2223 1462 2247 annes
1488 2212 1753 2255 Primanus,
1782 2211 2010 2255 Veronensis,

225 2273 335 2308 Pitati
370 2272 582 2316 discipulus,
617 2272 653 2305 in
687 2282 794 2316 opere
826 2272 1017 2316 inscripto:
1065 2273 1292 2307 Vzssridammz
1322 2269 1669 2306 Mathematicorum
1696 2270 1836 2313 (1563),
1872 2269 1909 2303 in
1941 2280 2011 2313 quo

223 2331 419 2366 calendarii
446 2341 549 2364 usum
575 2333 767 2373 monstrat,
792 2331 923 2365 additis
950 2331 1082 2365 tabulis
1109 2331 1232 2375 variis,
1258 2330 1577 2363 instrumentorum
1603 2327 1926 2362 astronomicorum
1952 2327 2012 2361 de-

222 2389 428 2433 scriptione,
455 2398 520 2422 nec
545 2399 616 2422 non
641 2389 924 2432 problematibus
949 2388 1197 2423 astronomicis
1225 2387 1270 2422 ad
1296 2386 1487 2421 calendarii
1513 2386 1815 2420 constructionem
1833 2386 2012 2429 pertinen-

219 2445 326 2482 tibus.
376 2447 474 2481 Idem
509 2446 752 2491 occupabatur
783 2447 1033 2481 construendis
1058 2446 1253 2490 horologiis
1294 2444 1470 2480 solaribus
1505 2444 1643 2489 (1582).
1680 2444 1805 2479 Refert
1836 2444 1893 2478 hic
1922 2443 2011 2479 liber

220 2506 425 2541 tabularum
451 2505 576 2540 formis
601 2505 808 2540 altitudines
835 2506 981 2546 solares,
1006 2505 1211 2540 umbrarum
1236 2503 1476 2547 longitudines
1504 2506 1539 2537 et
1563 2503 1724 2546 angulos,
1750 2513 1839 2547 quos
1865 2502 2011 2537 umbrae

221 2564 381 2599 efficiunt
416 2574 495 2599 cum
527 2563 721 2599 meridiano
748 2568 810 2598 aut
834 2563 929 2598 linea
953 2563 1180 2598 horizontali.
1229 2563 1333 2597 Anno
1362 2562 1449 2597 1586
1489 2560 1650 2604 eJ‘usdem
1682 2561 1817 2604 prodiit
1846 2560 1944 2605 Opus
1969 2560 2012 2595 de

222 2627 420 2666 temporum
445 2623 713 2667 computatione
738 2627 771 2658 et
795 2623 982 2666 divisione,
1010 2632 1080 2665 quo
1107 2621 1189 2656 novi
1213 2620 1406 2656 calendarii
1433 2620 1658 2655 defensorem
1684 2629 1722 2653 se
1746 2619 1782 2653 in
1807 2618 1911 2653 titulo
1928 2629 2011 2662 pro⁸

222 2679 337 2715 fessus
364 2691 436 2714 non
461 2680 556 2714 ultra
581 2691 633 2725 ea,
659 2691 751 2725 quae
777 2682 813 2715 in
842 2681 1061 2723 „Viridario“
1091 2682 1245 2722 exstant,
1272 2678 1449 2724 procedit.
1476 2698 1518 2703 ——

361 2739 568 2773 Astronomi
593 2739 638 2774 ad
664 2739 904 2775 conficiendos
931 2750 1015 2775 suos
1041 2739 1216 2783 calculos,
1243 2737 1399 2772 nondum
1427 2736 1566 2771 detecto
1593 2735 1730 2770 calculo
1756 2746 1820 2779 per
1845 2744 2010 2770 numeros

227 2796 356 2830 fractos
383 2797 592 2842 decimales,
618 2798 836 2841 peculiarem
860 2798 1051 2843 rationem,
1078 2798 1226 2832 relatam
1253 2796 1298 2831 ad
1325 2796 1449 2831 circuli
1475 2795 1682 2844 divisionem
1710 2794 2011 2838 excogitaverant,

227 2854 283 2888 cui
308 2866 436 2889 nomen
464 2856 638 2890 dederunt
663 2856 945 2900 logisticam
970 2855 1351 2900 sexagenariam.
1388 2854 1599 2897 Quicunque
1625 2857 1699 2887 tum
1717 2851 1887 2896 temporis
1915 2852 2009 2886 evul-

226 2911 320 2954 gavit
344 2923 431 2956 opus
458 2915 752 2956 astronomicum,
788 2916 1036 2960 ephemerides
1062 2920 1125 2950 aut
1148 2914 1312 2959 tabulaS,
1337 2912 1599 2957 praemittenda
1625 2910 1794 2945 censebat
1818 2915 2011 2954 praecepta

225 2968 309 3003 huic
344 2971 478 3005 calculo
511 2972 749 3006 inservientia.
799 2974 847 3009 Ut
873 2973 1047 3008 tironibus
1074 2978 1109 3008 et
1141 2972 1382 3008 astronomiae
1417 2969 1587 3005 studiosis
1621 2968 1816 3002 faciliorem
1848 2966 1893 3000 ad
1917 2967 2010 3001 hanc

225 3032 337 3061 artem
372 3028 505 3063 aditum
531 3030 727 3074 praeberet,
762 3032 974 3076 conseripsit
1005 3031 1315 3066 Sebastianus
1342 3028 1670 3070 Theodoricus‚
1703 3025 1746 3061 ab
1780 3026 1868 3060 urbe
1893 3026 2010 3070 patria

225 3084 534 3123 Winshemius
562 3089 800 3133 (Winshemia
825 3090 861 3123 in
888 3091 1106 3134 Franconia)
1132 3089 1357 3131 nominatus,
1393 3086 1639 3128 Wittebergae
1665 3082 1884 3128 matheseos,
1911 3088 2010 3127 post-

225 3146 293 3182 hac
324 3146 519 3182 medicinae
553 3148 753 3191 professor:
800 3148 1055 3192 Compendium
1087 3147 1293 3191 Loyistz'eae
1329 3144 1574 3182 astronomiae
1606 3142 1729 3185 (1563)
1768 3144 1804 3174 et
1837 3150 2009 3174 canonem
