2126 3388
926 174 1025 211 1599.
1786 175 1871 223 707

75 296 299 346 significavi
347 296 462 334 vobis
508 295 761 334 certissimam
798 294 993 343 jacturam
1033 295 1223 333 bonorum
1262 297 1392 334 uxoris
1434 307 1563 345 meae,
1606 298 1640 334 si
1678 297 1789 335 locus
1827 299 1878 336 sit

74 354 303 393 mutandus.
358 354 462 403 Quia
494 355 612 402 igitur
634 359 778 391 certum
799 364 918 402 penes
939 365 1011 391 vos
1042 355 1197 391 minime
1231 359 1323 401 erat,
1356 356 1668 394 inveteraturane
1699 357 1749 393 sit
1780 356 1878 394 haec

73 415 240 452 mutatio
273 424 345 451 nec
375 425 436 459 ne,
470 412 568 449 nihil
599 412 662 450 hic
693 417 848 458 temere,
881 411 978 449 nihil
1010 424 1112 449 vana
1134 412 1301 461 quadam
1325 412 1592 462 desperatione
1625 425 1876 463 corrumpen—

74 472 168 509 dum
202 484 288 510 esse
321 471 535 521 putabatis,
571 469 675 519 quod
705 471 883 518 nequiret
916 471 951 506 in
984 476 1181 519 posterum
1212 472 1373 509 restitui.
1434 471 1613 520 Denique
1644 474 1875 520 monebatis,

74 535 258 568 eventum
291 530 544 579 profectionis
576 540 685 566 meae
719 530 756 565 in
789 530 933 565 incerto
966 540 1050 566 esse
1081 529 1240 578 fierique
1272 541 1406 578 posse,
1439 536 1482 567 ut
1504 530 1726 581 Charybdin
1749 532 1876 569 vitans

73 591 110 626 in
144 589 318 639 Scyllam
352 587 535 626 incidam.
595 587 646 624 Et
677 586 775 625 baec
808 586 963 635 quidem
1002 594 1229 636 argumenta
1271 595 1351 625 tum
1384 588 1608 626 valuerunt:
1648 589 1730 638 jam
1765 595 1878 639 post-

73 658 189 696 quam
225 659 270 685 ex
303 647 377 684 hac
401 657 540 683 annua
570 645 693 682 veluti
727 647 813 683 crisi
847 644 892 682 de
926 646 1122 682 turbarum
1147 647 1282 684 harum
1307 648 1411 684 exitu
1435 646 1560 695 deque
1586 649 1757 685 venturis
1779 653 1878 685 tem-

74 706 237 754 poribus
265 705 457 753 judiciunr
490 704 617 740 facere
650 702 789 749 didici,
830 704 1143 752 respondendum
1177 710 1234 742 est
1265 704 1413 753 aliquid
1446 705 1494 742 ad
1527 708 1726 754 oppositas
1757 707 1881 743 ratio-

72 775 157 802 nes.
222 763 337 811 Quod
372 761 527 811 quidem
560 762 713 807 faciam,
747 772 904 799 exorsus
937 763 986 799 ab
1018 762 1167 802 ultima.
1221 762 1486 811 Quaecunque
1517 775 1577 800 1116
1610 775 1777 813 namque
1800 765 1879 801 sor-

70 828 169 859 tuna
201 827 387 869 sequatur
419 820 496 857 alio
529 819 769 870 profectum,
801 826 946 857 certum
977 820 1124 868 habeo,
1165 822 1395 858 atrociorem
1427 832 1503 858 non
1536 822 1720 869 suturam,
1763 834 1878 871 quam

77 891 178 928 quae
210 881 323 917 nobis
356 877 546 927 impendit
578 876 740 915 durante
780 877 853 915 hac
884 877 995 927 Reip.
1033 884 1188 916 nostrae
1226 880 1360 917 forma.
1422 879 1591 917 Ventum
1632 887 1689 918 est
1717 881 1797 929 jam
1829 880 1879 918 ad

72 939 192 976 exilia
225 939 386 975 civium:
432 947 533 985 quae
566 935 712 973 indicta
745 941 852 982 sunt,
885 939 1167 985 repraesentari
1199 938 1370 975 nondum
1404 943 1631 987 coeperunt,
1671 945 1879 987 postquam

70 997 233 1046 principi
267 997 372 1033 cives
406 995 684 1044 supplicarunt,
718 1006 1026 1043 responsumque
1058 996 1240 1033 diss'ertur.
1295 996 1370 1044 Qui
1404 1007 1449 1033 ex
1472 996 1563 1034 aula
1586 998 1623 1033 in
1645 996 1746 1034 hanc
1767 1009 1879 1035 men-

73 1057 217 1092 tionem
251 1054 442 1099 incidunt,
477 1054 659 1101 graviora
690 1054 903 1099 minantur,
948 1065 1110 1102 quorum
1145 1066 1260 1092 voces
1292 1056 1323 1091 si
1357 1055 1515 1092 oracula.
1546 1056 1641 1102 sint,
1680 1067 1878 1104 numquam

73 1115 348 1151 commissurus
381 1117 439 1149 est
470 1113 661 1160 princeps,
696 1116 737 1148 ut
769 1111 830 1148 vel
862 1111 1086 1150 Lutherano
1119 1113 1228 1150 locus
1261 1114 1298 1148 in
1329 1113 1422 1150 urbe
1455 1115 1524 1160 sit,
1559 1113 1619 1150 vel
1650 1112 1772 1152 libera
1804 1115 1880 1150 mi-

71 1173 199 1221 granti
231 1176 408 1220 potestas
441 1169 645 1215 avehendi‚
681 1170 956 1217 commutandi,
992 1171 1185 1209 vendendi
1217 1172 1320 1208 bona
1351 1183 1434 1208 sua.
1479 1171 1756 1221 Confingentur
1788 1171 1879 1219 doli,

76 1231 218 1279 quibus
250 1231 288 1265 in
321 1229 481 1266 crimina
512 1228 729 1276 majestatis
761 1228 1005 1276 implicentur
1038 1231 1155 1276 cives,
1189 1235 1232 1267 ut
1263 1231 1421 1278 rapinae
1443 1235 1686 1278 praetextum
1709 1231 1881 1268 habeant

70 1289 259 1337 justitiae.
313 1287 496 1325 Carceres
536 1288 659 1335 primo
698 1289 823 1335 parati
869 1293 999 1334 erunt,
1045 1293 1124 1325 tum
1164 1287 1308 1325 multae
1340 1290 1608 1336 pecuniariae,
1653 1289 1793 1337 quibus
1825 1288 1883 1324 illi

76 1347 334 1392 redimantur3
370 1345 536 1393 denique
570 1345 681 1382 bonis
715 1345 912 1394 dissipatis
946 1345 1075 1386 exilia,
1129 1346 1176 1383 Et
1204 1346 1285 1395 jam
1309 1346 1463 1394 quidem
1497 1347 1686 1396 incipiunt
1713 1348 1883 1395 irrogare

76 1404 220 1442 multas
252 1405 512 1453 pecuniarias.
576 1401 651 1450 Qui
684 1404 868 1441 infantem
901 1403 949 1441 ad
982 1406 1092 1442 verbi
1134 1406 1348 1441 ministrum
1383 1407 1419 1441 in
1453 1417 1539 1442 arce
1581 1406 1713 1453 aliqua
1754 1407 1885 1443 vicina

77 1464 279 1512 degentem
313 1462 435 1500 defert
465 1462 649 1510 baptismi
684 1474 814 1508 causa,
849 1464 915 1511 qui
948 1462 987 1500 S.
1012 1463 1182 1500 Coenam
1215 1464 1356 1511 accipit
1385 1475 1430 1501 ex
1464 1464 1705 1501 institutione
1729 1462 1883 1510 Christi,

79 1523 145 1571 qui
181 1523 387 1559 conciones
419 1519 683 1568 Evangelicas
716 1520 816 1568 adit,
849 1521 1094 1569 majestatem
1117 1521 1242 1559 laesit.
1298 1520 1371 1569 Qui
1394 1521 1592 1559 Psalmum
1624 1523 1723 1559 intra
1751 1522 1884 1559 urbem

81 1585 225 1626 cantat,
261 1581 325 1627 qui
356 1578 547 1628 postillas,
583 1580 648 1626 qui
670 1578 801 1616 Biblia
823 1578 1049 1617 Lutlrerana
1072 1580 1178 1628 legit,
1212 1580 1317 1617 urbis
1350 1581 1540 1617 territorio
1564 1586 1730 1618 meretur
1751 1582 1884 1617 arceri.

82 1637 157 1686 Qui
190 1640 227 1675 in
252 1639 483 1675 coemeterio
506 1647 690 1686 pompam
712 1637 888 1674 bortatur
911 1638 959 1675 ad
981 1650 1127 1687 preces,
1161 1639 1228 1687 qui
1250 1639 1428 1675 morienti
1451 1638 1757 1676 consolationem
1789 1650 1885 1686 sug-

81 1698 193 1746 gerit,
228 1697 457 1745 gravissime
490 1701 628 1744 peccat
659 1700 697 1732 et
728 1698 1014 1747 nostvnpaworr
1046 1703 1116 1736 est.
1179 1696 1289 1735 Haec
1322 1699 1421 1734 enim
1465 1698 1593 1734 omnia
1625 1703 1713 1734 sunt
1744 1698 1780 1733 in
1815 1696 1885 1734 de-

79 1758 209 1793 cretis.
272 1755 431 1792 Nullum
465 1754 528 1791 liic
561 1753 763 1791 discrimen
797 1756 896 1792 inter
928 1755 1050 1792 civem
1084 1760 1121 1792 et
1153 1756 1367 1792 ministrum
1409 1755 1706 1804 provincialium
1746 1757 1784 1791 in
1817 1767 1886 1792 ex—

79 1814 283 1851 secutione
306 1819 494 1851 servatur.
540 1811 639 1848 Mihi
662 1814 699 1848 in
723 1812 934 1851 vindictam
957 1815 1140 1851 contemti
1172 1815 1373 1852 ministerii
1396 1815 1517 1851 urbici
1539 1813 1660 1850 multa
1684 1817 1734 1851 10
1757 1813 1887 1851 thale-

79 1884 210 1909 rorum
243 1872 389 1909 indicta
422 1876 500 1908 est:
544 1870 743 1908 dimidium
777 1873 954 1920 precibus
993 1872 1160 1919 redemi,
1203 1872 1392 1921 reliquum
1433 1873 1536 1921 prius
1570 1878 1651 1909 erat
1681 1878 1887 1921 praestan—

83 1931 189 1977 dum,
224 1942 340 1979 quam
373 1940 530 1979 possem
561 1928 719 1966 filiolam
753 1931 890 1968 inferre
921 1930 1140 1980 sepulchro.
1190 1930 1315 1973 Alius,
1350 1930 1454 1978 quod
1488 1930 1673 1981 populum
1705 1935 1787 1968 erat
1818 1941 1888 1968 ex-

81 1989 263 2026 hortatus
296 1991 333 2025 in
367 1989 619 2034 coemeterio,
661 1987 767 2025 nulla
805 1990 1000 2026 mentione
1042 1988 1262 2026 invidiosae
1304 2000 1462 2036 causae,
1508 1990 1702 2026 teterrimo
1737 1999 1888 2026 carcere

88 2047 295 2087 detinetur.
358 2046 519 2084 Summa
551 2046 647 2083 haec
681 2052 760 2083 est:
796 2059 841 2084 ca
868 2047 948 2095 jam
983 2047 1097 2094 dicta,
1131 2047 1298 2096 incepta,
1331 2048 1434 2084 sacta
1466 2052 1554 2084 sunt
1586 2059 1608 2084 a
1630 2048 1814 2098 principe,
1846 2051 1889 2083 ut

78 2117 156 2143 non
188 2107 312 2155 possit
343 2107 426 2142 sine
457 2106 628 2141 maximo
662 2106 720 2141 sui
754 2105 936 2154 despectu
971 2105 1032 2142 vcl
1065 2117 1182 2142 unum
1222 2117 1361 2143 annum
1397 2105 1465 2142 ulli
1496 2106 1603 2143 verbi
1644 2107 1818 2142 ministro
1850 2106 1889 2140 in

78 2165 203 2201 tribus
235 2164 341 2201 hisce
365 2164 574 2213 provinciis
606 2164 644 2199 in
676 2162 756 2200 ulla
787 2175 886 2210 arce,
920 2175 1174 2212 quaecunque
1200 2164 1301 2212 jura,
1335 2163 1503 2213 publica,
1535 2165 1687 2213 privata
1709 2168 1891 2214 praeten-

81 2222 220 2268 dente,
268 2222 396 2259 locum
438 2221 668 2270 relinquere.
730 2222 788 2259 Ac
827 2223 900 2259 nisi
943 2222 1228 2260 malesanorum
1269 2222 1467 2259 bominum
1501 2223 1704 2259 conatibus
1735 2223 1890 2260 resistat

82 2281 294 2318 Austriaca
329 2281 547 2325 clementia,
578 2280 658 2328 jam
691 2281 728 2316 in
762 2280 1003 2329 quorundam
1037 2282 1176 2317 animis
1202 2280 1396 2318 delineata
1420 2286 1509 2317 sunt
1532 2286 1568 2318 et
1589 2282 1785 2330 martyria,
1819 2291 1890 2317 nec

85 2344 321 2388 temperatur
356 2339 404 2375 ab
429 2339 571 2388 apertis
594 2339 974 2376 conuninationibus.
1028 2339 1109 2376 Nec
1131 2341 1335 2388 quisquam
1358 2339 1520 2386 dubitat,
1555 2341 1646 2387 quin
1669 2341 1700 2376 si
1723 2340 1760 2375 in
1785 2339 1889 2376 cives

82 2403 120 2435 et
155 2399 190 2433 iu
225 2396 458 2446 metropolin
491 2396 623 2434 valeat
654 2397 751 2434 haec
781 2399 1012 2446 persecutio,
1046 2397 1219 2446 singulas
1243 2408 1399 2446 quoque
1422 2398 1610 2434 nobilium
1634 2409 1739 2434 arces
1762 2398 1888 2446 ipsos-

83 2467 158 2504 que
191 2455 289 2492 adeo
322 2467 511 2505 proceres,
546 2454 687 2492 nedum
710 2457 919 2502 ministros,
953 2461 1177 2505 perreptura
1209 2457 1270 2493 sit.
1322 2455 1457 2493 Habes
1481 2455 1779 2493 delineationem
1812 2453 1887 2491 ali-

82 2525 196 2562 quam
230 2515 460 2551 nostratium
501 2525 644 2560 rerum,
689 2525 766 2562 qua
810 2525 884 2551 non
925 2514 1059 2550 ultimo
1099 2519 1247 2551 tanturn
1286 2518 1534 2562 argumento,
1579 2513 1647 2551 sed
1687 2520 1723 2550 et
1760 2511 1885 2549 medio

80 2571 321 2608 satisfactum
352 2577 459 2620 puto.
521 2571 620 2608 Nam
654 2577 696 2608 ut
729 2583 830 2609 nunc
862 2571 1016 2620 quIdem
1049 2572 1195 2610 habent
1237 2572 1406 2609 humana
1446 2571 1661 2621 praesidIa,
1701 2570 1807 2607 nulla
1838 2581 1886 2606 ne

81 2631 240 2666 minima
272 2629 427 2677 quidem
461 2641 549 2677 spes
581 2635 638 2666 est
672 2631 708 2665 in
742 2641 958 2678 quoquam,
1003 2632 1076 2666 nisi
1116 2631 1153 2666 in
1194 2631 1321 2667 armis.
1386 2630 1446 2667 Ad
1480 2641 1585 2666 arma
1625 2633 1754 2665 autem
1799 2628 1885 2675 quis

82 2692 197 2737 putas
233 2687 392 2724 veniet?
444 2686 544 2723 Num
576 2687 760 2725 nobilitas
793 2693 927 2725 contra
958 2688 1201 2737 principem?
1251 2688 1475 2737 Disputatio
1509 2688 1657 2723 infinita
1690 2691 1760 2723 cst.
1806 2685 1887 2722 Nec

82 2745 219 2792 video,
261 2757 362 2793 quae
403 2744 497 2781 mihi
538 2745 690 2793 privata
721 2757 810 2794 spes
844 2747 878 2781 in
912 2746 1069 2795 publica
1111 2746 1332 2783 calamitate
1364 2746 1487 2794 possit
1519 2756 1615 2781 esse.
1677 2743 1885 2792 Nunquam

84 2803 196 2841 salva
228 2809 358 2853 potest
390 2814 474 2840 esse
506 2813 565 2839 res
600 2801 815 2840 domestica
846 2805 882 2838 in
918 2804 1083 2852 publicis
1105 2803 1427 2851 grassationibus.
1470 2802 1611 2838 Filiam
1635 2813 1759 2839 meam
1782 2801 1887 2850 quod

87 2863 226 2900 attinet
257 2863 404 2911 opinor,
438 2860 539 2897 hanc
571 2871 655 2896 esse
687 2871 812 2897 rerum
844 2860 994 2907 faciem,
1028 2866 1069 2897 ut
1100 2861 1205 2897 haud
1238 2866 1398 2908 gravate
1439 2861 1661 2897 consensuri
1694 2861 1770 2896 sint
1802 2859 1886 2908 ejus

84 2925 229 2957 tutores
262 2931 348 2957 cum
381 2930 500 2956 uxore
523 2929 621 2963 mea,
655 2929 755 2966 quae
789 2917 892 2954 illam
915 2930 1044 2956 secum
1067 2918 1287 2956 abduceret.
1336 2919 1387 2954 At
1409 2917 1575 2954 osticium
1610 2929 1737 2955 meum
1770 2917 1886 2967 quale

84 2978 199 3015 fuerit
228 2978 415 3015 hactenus
443 2977 524 3025 jam
548 2986 648 3013 anno
674 2982 857 3022 vertente,
891 2982 984 3025 puto
1016 2981 1053 3013 te
1084 2977 1315 3026 perspicere.
1365 2975 1517 3013 Nemini
1541 2977 1628 3013 usui
1650 2981 1741 3013 sunt
1770 2987 1888 3026 opera

86 3047 195 3083 mea3
241 3035 423 3084 quodque
461 3034 644 3072 salarium
682 3046 809 3071 meum
848 3035 1020 3072 obtinere
1052 3046 1111 3071 me
1144 3035 1358 3083 patiuntur,
1402 3033 1550 3071 faciunt
1589 3045 1666 3072 non
1708 3039 1786 3072 tam
1818 3045 1886 3084 spe

87 3099 322 3142 sequuturae
356 3106 401 3131 ex
434 3105 494 3130 mc
526 3091 718 3140 utilitatis,
751 3105 866 3142 quam
897 3092 1161 3130 misericordia
1183 3098 1220 3130 et
1241 3097 1345 3129 metu
1377 3093 1555 3130 sinistrae
1589 3093 1886 3130 existimationis

86 3163 204 3201 penes
236 3163 306 3190 vos
338 3153 376 3188 111
408 3153 582 3202 imperio.
634 3150 697 3188 Ad
727 3151 824 3190 haec
854 3153 887 3189 si
918 3152 956 3188 in
978 3150 1112 3189 schola
1143 3150 1236 3189 mihi
1267 3149 1524 3189 laborandum
1556 3151 1628 3188 erit
1660 3162 1745 3189 cum
1777 3150 1888 3188 utili-

1534 3216 1608 3253 46*
