<?xml version="1.0" encoding="UTF-8"?>
<!DOCTYPE html PUBLIC "-//W3C//DTD XHTML 1.0 Transitional//EN"
    "http://www.w3.org/TR/xhtml1/DTD/xhtml1-transitional.dtd">
<html xmlns="http://www.w3.org/1999/xhtml" xml:lang="en" lang="en">
 <head>
  <title>
</title>
<meta http-equiv="Content-Type" content="text/html;charset=utf-8" />
  <meta name='ocr-system' content='tesseract 3.04.00' />
  <meta name='ocr-capabilities' content='ocr_page ocr_carea ocr_par ocr_line ocrx_word'/>
</head>
<body>
  <div class='ocr_page' id='page_1' title='image "./p2operaomniaedid08kepluoft_0374.png"; bbox 0 0 2126 3388; ppageno 0'>
   <div class='ocr_carea' id='block_1_1' title="bbox 232 154 1345 202">
    <p class='ocr_par' dir='ltr' id='par_1_1' title="bbox 232 154 1345 202">
     <span class='ocr_line' id='line_1_1' title="bbox 232 154 1345 202; baseline -0.005 -4"><span class='ocrx_word' id='word_1_1' title='bbox 232 157 316 202; x_wconf 83' lang='lat'>920</span> <span class='ocrx_word' id='word_1_2' title='bbox 904 155 988 192; x_wconf 83' lang='lat' dir='ltr'>Vita</span> <span class='ocrx_word' id='word_1_3' title='bbox 1011 155 1035 190; x_wconf 86' lang='lat' dir='ltr'><strong>J</strong></span> <span class='ocrx_word' id='word_1_4' title='bbox 1038 155 1163 191; x_wconf 89' lang='lat' dir='ltr'>oannis</span> <span class='ocrx_word' id='word_1_5' title='bbox 1187 154 1345 201; x_wconf 87' lang='lat' dir='ltr'>Kepleri.</span> 
     </span>
    </p>
   </div>
   <div class='ocr_carea' id='block_1_2' title="bbox 229 272 2069 3173">
    <p class='ocr_par' dir='ltr' id='par_1_2' title="bbox 231 272 2069 786">
     <span class='ocr_line' id='line_1_2' title="bbox 231 272 2022 325; baseline 0.001 -12"><span class='ocrx_word' id='word_1_6' title='bbox 231 275 347 314; x_wconf 87' lang='lat' dir='ltr'>nulae</span> <span class='ocrx_word' id='word_1_7' title='bbox 386 285 543 325; x_wconf 84' lang='lat' dir='ltr'>precare</span> <span class='ocrx_word' id='word_1_8' title='bbox 583 285 605 311; x_wconf 90' lang='lat' dir='ltr'>a</span> <span class='ocrx_word' id='word_1_9' title='bbox 643 285 703 311; x_wconf 89' lang='lat' dir='ltr'>me</span> <span class='ocrx_word' id='word_1_10' title='bbox 745 277 783 312; x_wconf 87' lang='lat' dir='ltr'>et</span> <span class='ocrx_word' id='word_1_11' title='bbox 824 285 902 312; x_wconf 91' lang='lat' dir='ltr'>non</span> <span class='ocrx_word' id='word_1_12' title='bbox 939 274 1147 313; x_wconf 91' lang='lat' dir='ltr'>multorum</span> <span class='ocrx_word' id='word_1_13' title='bbox 1187 275 1333 312; x_wconf 88' lang='lat' dir='ltr'>dierum</span> <span class='ocrx_word' id='word_1_14' title='bbox 1374 273 1496 312; x_wconf 91' lang='lat' dir='ltr'>filiola</span> <span class='ocrx_word' id='word_1_15' title='bbox 1535 272 1650 311; x_wconf 88' lang='lat' dir='ltr'>Anna</span> <span class='ocrx_word' id='word_1_16' title='bbox 1689 272 1817 313; x_wconf 89' lang='lat' dir='ltr'>Maria</span> <span class='ocrx_word' id='word_1_17' title='bbox 1861 275 2022 325; x_wconf 85' lang='lat' dir='ltr'>ejusque</span> 
     </span>
     <span class='ocr_line' id='line_1_3' title="bbox 235 330 2023 381; baseline -0.001 -10"><span class='ocrx_word' id='word_1_18' title='bbox 235 333 446 371; x_wconf 83' lang='lat' dir='ltr'>matercula</span> <span class='ocrx_word' id='word_1_19' title='bbox 477 343 561 369; x_wconf 90' lang='lat' dir='ltr'>cum</span> <span class='ocrx_word' id='word_1_20' title='bbox 593 330 723 369; x_wconf 88' lang='lat' dir='ltr'>multis</span> <span class='ocrx_word' id='word_1_21' title='bbox 755 333 900 380; x_wconf 84' lang='lat' dir='ltr'>gratiis,</span> <span class='ocrx_word' id='word_1_22' title='bbox 934 332 1038 381; x_wconf 91' lang='lat' dir='ltr'>quod</span> <span class='ocrx_word' id='word_1_23' title='bbox 1070 332 1153 381; x_wconf 89' lang='lat' dir='ltr'>ejus</span> <span class='ocrx_word' id='word_1_24' title='bbox 1182 334 1289 370; x_wconf 89' lang='lat' dir='ltr'>vices</span> <span class='ocrx_word' id='word_1_25' title='bbox 1318 343 1416 370; x_wconf 86' lang='lat' dir='ltr'>uxor</span> <span class='ocrx_word' id='word_1_26' title='bbox 1447 336 1514 369; x_wconf 88' lang='lat' dir='ltr'>tua</span> <span class='ocrx_word' id='word_1_27' title='bbox 1534 336 1760 381; x_wconf 88' lang='lat' dir='ltr'>susceptura</span> <span class='ocrx_word' id='word_1_28' title='bbox 1791 332 1915 381; x_wconf 88' lang='lat' dir='ltr'>fuerit,</span> <span class='ocrx_word' id='word_1_29' title='bbox 1947 334 2023 371; x_wconf 92' lang='lat' dir='ltr'>nisi</span> 
     </span>
     <span class='ocr_line' id='line_1_4' title="bbox 232 388 2023 440; baseline -0.001 -10"><span class='ocrx_word' id='word_1_30' title='bbox 232 392 380 429; x_wconf 85' lang='lat' dir='ltr'>Lucina</span> <span class='ocrx_word' id='word_1_31' title='bbox 411 391 533 438; x_wconf 85' lang='lat' dir='ltr'>ipsam</span> <span class='ocrx_word' id='word_1_32' title='bbox 566 388 801 438; x_wconf 81' lang='lat' dir='ltr'>impedisset,</span> <span class='ocrx_word' id='word_1_33' title='bbox 834 391 889 427; x_wconf 90' lang='lat' dir='ltr'>uti</span> <span class='ocrx_word' id='word_1_34' title='bbox 921 402 1046 428; x_wconf 87' lang='lat' dir='ltr'>meam</span> <span class='ocrx_word' id='word_1_35' title='bbox 1078 389 1282 440; x_wconf 85' lang='lat' dir='ltr'>impedivit</span> <span class='ocrx_word' id='word_1_36' title='bbox 1313 392 1350 426; x_wconf 89' lang='lat' dir='ltr'>in</span> <span class='ocrx_word' id='word_1_37' title='bbox 1382 388 1618 438; x_wconf 86' lang='lat' dir='ltr'>excipiendis</span> <span class='ocrx_word' id='word_1_38' title='bbox 1650 389 1883 438; x_wconf 87' lang='lat' dir='ltr'>conjugibus</span> <span class='ocrx_word' id='word_1_39' title='bbox 1904 396 1942 430; x_wconf 88' lang='lat' dir='ltr'>et</span> <span class='ocrx_word' id='word_1_40' title='bbox 1961 393 2023 429; x_wconf 89' lang='lat' dir='ltr'>in-</span> 
     </span>
     <span class='ocr_line' id='line_1_5' title="bbox 233 440 2069 497; baseline 0.001 -11"><span class='ocrx_word' id='word_1_41' title='bbox 233 446 453 486; x_wconf 86' lang='lat' dir='ltr'>staurandis</span> <span class='ocrx_word' id='word_1_42' title='bbox 485 446 724 484; x_wconf 81' lang='lat' dir='ltr'>secundariis</span> <span class='ocrx_word' id='word_1_43' title='bbox 755 448 913 497; x_wconf 89' lang='lat' dir='ltr'>nuptiis.</span> <span class='ocrx_word' id='word_1_44' title='bbox 975 446 1147 486; x_wconf 88' lang='lat' dir='ltr'>Eaedem</span> <span class='ocrx_word' id='word_1_45' title='bbox 1177 449 1325 497; x_wconf 86' lang='lat' dir='ltr'>gratiae</span> <span class='ocrx_word' id='word_1_46' title='bbox 1358 452 1395 485; x_wconf 92' lang='lat' dir='ltr'>et</span> <span class='ocrx_word' id='word_1_47' title='bbox 1426 447 1571 485; x_wconf 86' lang='lat' dir='ltr'>salutes</span> <span class='ocrx_word' id='word_1_48' title='bbox 1603 458 1671 496; x_wconf 89' lang='lat' dir='ltr'>per</span> <span class='ocrx_word' id='word_1_49' title='bbox 1701 452 1808 486; x_wconf 84' lang='lat' dir='ltr'>tuam</span> <span class='ocrx_word' id='word_1_50' title='bbox 1839 449 1889 487; x_wconf 89' lang='lat' dir='ltr'>ad</span> <span class='ocrx_word' id='word_1_51' title='bbox 1909 461 2020 487; x_wconf 87' lang='lat' dir='ltr'>soro·</span> <span class='ocrx_word' id='word_1_52' title='bbox 2061 440 2069 445; x_wconf 67' lang='lat'>&#39;</span> 
     </span>
     <span class='ocr_line' id='line_1_6' title="bbox 232 503 2021 555; baseline 0.001 -12"><span class='ocrx_word' id='word_1_53' title='bbox 232 518 309 543; x_wconf 89' lang='lat' dir='ltr'>rem</span> <span class='ocrx_word' id='word_1_54' title='bbox 342 505 424 552; x_wconf 91' lang='lat' dir='ltr'>ejus</span> <span class='ocrx_word' id='word_1_55' title='bbox 456 503 614 543; x_wconf 92' lang='lat' dir='ltr'>viduam</span> <span class='ocrx_word' id='word_1_56' title='bbox 646 516 758 553; x_wconf 91' lang='lat' dir='ltr'>porro</span> <span class='ocrx_word' id='word_1_57' title='bbox 790 510 964 555; x_wconf 85' lang='lat' dir='ltr'>pergent.</span> <span class='ocrx_word' id='word_1_58' title='bbox 1025 506 1074 544; x_wconf 86' lang='lat' dir='ltr'><strong>D.</strong></span> <span class='ocrx_word' id='word_1_59' title='bbox 1107 505 1332 544; x_wconf 89' lang='lat' dir='ltr'>Bartschius</span> <span class='ocrx_word' id='word_1_60' title='bbox 1365 516 1473 543; x_wconf 91' lang='lat' dir='ltr'>meus</span> <span class='ocrx_word' id='word_1_61' title='bbox 1504 504 1602 543; x_wconf 88' lang='lat' dir='ltr'>adeo</span> <span class='ocrx_word' id='word_1_62' title='bbox 1633 505 1758 544; x_wconf 87' lang='lat' dir='ltr'>fessus</span> <span class='ocrx_word' id='word_1_63' title='bbox 1791 510 1850 544; x_wconf 84' lang='lat' dir='ltr'>est</span> <span class='ocrx_word' id='word_1_64' title='bbox 1879 519 1902 545; x_wconf 87' lang='lat' dir='ltr'>a</span> <span class='ocrx_word' id='word_1_65' title='bbox 1933 507 2021 545; x_wconf 92' lang='lat' dir='ltr'>diu-</span> 
     </span>
     <span class='ocr_line' id='line_1_7' title="bbox 232 562 2022 612; baseline 0.002 -11"><span class='ocrx_word' id='word_1_66' title='bbox 232 568 344 601; x_wconf 88' lang='lat' dir='ltr'>turno</span> <span class='ocrx_word' id='word_1_67' title='bbox 376 563 529 609; x_wconf 90' lang='lat' dir='ltr'>itinere,</span> <span class='ocrx_word' id='word_1_68' title='bbox 573 567 615 600; x_wconf 90' lang='lat' dir='ltr'>ut</span> <span class='ocrx_word' id='word_1_69' title='bbox 652 574 738 600; x_wconf 82' lang='lat' dir='ltr'>mea</span> <span class='ocrx_word' id='word_1_70' title='bbox 769 575 884 601; x_wconf 90' lang='lat' dir='ltr'>manu</span> <span class='ocrx_word' id='word_1_71' title='bbox 917 564 1061 602; x_wconf 88' lang='lat' dir='ltr'>habeat</span> <span class='ocrx_word' id='word_1_72' title='bbox 1099 575 1195 612; x_wconf 90' lang='lat' dir='ltr'>opus</span> <span class='ocrx_word' id='word_1_73' title='bbox 1227 564 1265 600; x_wconf 90' lang='lat' dir='ltr'>in</span> <span class='ocrx_word' id='word_1_74' title='bbox 1298 562 1556 601; x_wconf 89' lang='lat' dir='ltr'>adscribenda</span> <span class='ocrx_word' id='word_1_75' title='bbox 1594 563 1666 600; x_wconf 93' lang='lat' dir='ltr'>tibi</span> <span class='ocrx_word' id='word_1_76' title='bbox 1698 565 1854 612; x_wconf 89' lang='lat' dir='ltr'>tuisque</span> <span class='ocrx_word' id='word_1_77' title='bbox 1884 564 2022 605; x_wconf 90' lang='lat' dir='ltr'>salute.</span> 
     </span>
     <span class='ocr_line' id='line_1_8' title="bbox 231 619 2022 670; baseline 0.002 -12"><span class='ocrx_word' id='word_1_78' title='bbox 231 619 424 658; x_wconf 87' lang='lat' dir='ltr'>Literulas</span> <span class='ocrx_word' id='word_1_79' title='bbox 466 619 515 657; x_wconf 89' lang='lat' dir='ltr'>ad</span> <span class='ocrx_word' id='word_1_80' title='bbox 553 620 673 657; x_wconf 84' lang='lat' dir='ltr'>filium</span> <span class='ocrx_word' id='word_1_81' title='bbox 706 620 755 658; x_wconf 92' lang='lat' dir='ltr'>D.</span> <span class='ocrx_word' id='word_1_82' title='bbox 788 621 1013 659; x_wconf 91' lang='lat' dir='ltr'>Bartschius</span> <span class='ocrx_word' id='word_1_83' title='bbox 1053 622 1247 659; x_wconf 84' lang='lat' dir='ltr'>existimat</span> <span class='ocrx_word' id='word_1_84' title='bbox 1286 633 1362 659; x_wconf 91' lang='lat' dir='ltr'>non</span> <span class='ocrx_word' id='word_1_85' title='bbox 1392 622 1534 660; x_wconf 89' lang='lat' dir='ltr'>rectius</span> <span class='ocrx_word' id='word_1_86' title='bbox 1574 622 1720 668; x_wconf 88' lang='lat' dir='ltr'>curari,</span> <span class='ocrx_word' id='word_1_87' title='bbox 1763 633 1878 670; x_wconf 88' lang='lat' dir='ltr'>quam</span> <span class='ocrx_word' id='word_1_88' title='bbox 1909 623 1941 659; x_wconf 88' lang='lat' dir='ltr'>si</span> <span class='ocrx_word' id='word_1_89' title='bbox 1973 622 2022 661; x_wconf 88' lang='lat' dir='ltr'>ad</span> 
     </span>
     <span class='ocr_line' id='line_1_9' title="bbox 232 677 2021 729; baseline 0.002 -15"><span class='ocrx_word' id='word_1_90' title='bbox 232 679 279 715; x_wconf 89' lang='lat' dir='ltr'>D.</span> <span class='ocrx_word' id='word_1_91' title='bbox 314 677 591 715; x_wconf 86' lang='lat' dir='ltr'>Schickardum</span> <span class='ocrx_word' id='word_1_92' title='bbox 623 680 835 727; x_wconf 83' lang='lat' dir='ltr'>mittantur,</span> <span class='ocrx_word' id='word_1_93' title='bbox 869 681 931 717; x_wconf 94' lang='lat' dir='ltr'>cui</span> <span class='ocrx_word' id='word_1_94' title='bbox 962 679 1080 718; x_wconf 90' lang='lat' dir='ltr'>velim</span> <span class='ocrx_word' id='word_1_95' title='bbox 1112 678 1254 718; x_wconf 82' lang='lat' dir='ltr'>addere</span> <span class='ocrx_word' id='word_1_96' title='bbox 1275 679 1419 726; x_wconf 87' lang='lat' dir='ltr'>literas,</span> <span class='ocrx_word' id='word_1_97' title='bbox 1451 681 1484 717; x_wconf 93' lang='lat' dir='ltr'>si</span> <span class='ocrx_word' id='word_1_98' title='bbox 1505 684 1657 728; x_wconf 91' lang='lat' dir='ltr'>tempus</span> <span class='ocrx_word' id='word_1_99' title='bbox 1679 678 1887 729; x_wconf 83' lang='lat' dir='ltr'>haberem3</span> <span class='ocrx_word' id='word_1_100' title='bbox 1919 680 2021 719; x_wconf 88' lang='lat' dir='ltr'>addo</span> 
     </span>
     <span class='ocr_line' id='line_1_10' title="bbox 232 735 1611 786; baseline 0.001 -14"><span class='ocrx_word' id='word_1_101' title='bbox 232 735 409 773; x_wconf 85' lang='lat' dir='ltr'>salutem.</span> <span class='ocrx_word' id='word_1_102' title='bbox 471 736 572 774; x_wconf 85' lang='lat' dir='ltr'>Vale</span> <span class='ocrx_word' id='word_1_103' title='bbox 606 741 644 774; x_wconf 90' lang='lat' dir='ltr'>et</span> <span class='ocrx_word' id='word_1_104' title='bbox 673 748 912 786; x_wconf 85' lang='lat' dir='ltr'>prosperare.</span> <span class='ocrx_word' id='word_1_105' title='bbox 973 737 1117 786; x_wconf 86' lang='lat' dir='ltr'>Sagani</span> <span class='ocrx_word' id='word_1_106' title='bbox 1150 736 1186 777; x_wconf 89' lang='lat' dir='ltr'>d.</span> <span class='ocrx_word' id='word_1_107' title='bbox 1222 742 1257 775; x_wconf 88' lang='grc'>6.</span> <span class='ocrx_word' id='word_1_108' title='bbox 1291 736 1388 786; x_wconf 91' lang='lat' dir='ltr'>Maji</span> <span class='ocrx_word' id='word_1_109' title='bbox 1419 749 1454 776; x_wconf 89' lang='lat' dir='ltr'>a.</span> <span class='ocrx_word' id='word_1_110' title='bbox 1490 738 1611 775; x_wconf 82' lang='lat'><strong>1630.</strong></span> 
     </span>
    </p>

    <p class='ocr_par' dir='ltr' id='par_1_3' title="bbox 232 793 2024 1134">
     <span class='ocr_line' id='line_1_11' title="bbox 369 793 2022 844; baseline 0.002 -14"><span class='ocrx_word' id='word_1_111' title='bbox 369 793 622 842; x_wconf 87' lang='lat' dir='ltr'>Keplerus</span> <span class='ocrx_word' id='word_1_112' title='bbox 667 794 984 844; x_wconf 83' lang='lat' dir='ltr'>Berneggero</span> <span class='ocrx_word' id='word_1_113' title='bbox 1031 794 1071 833; x_wconf 84' lang='lat' dir='ltr'><strong>S.</strong></span> <span class='ocrx_word' id='word_1_114' title='bbox 1119 795 1163 835; x_wconf 91' lang='lat' dir='ltr'>P.</span> <span class='ocrx_word' id='word_1_115' title='bbox 1210 795 1258 832; x_wconf 93' lang='lat' dir='ltr'>D.</span> <span class='ocrx_word' id='word_1_116' title='bbox 1327 795 1547 832; x_wconf 75' lang='lat' dir='ltr'>Clarissimo</span> <span class='ocrx_word' id='word_1_117' title='bbox 1595 795 1906 843; x_wconf 86' lang='lat' dir='ltr'>amicissimeque</span> <span class='ocrx_word' id='word_1_118' title='bbox 1951 795 2022 835; x_wconf 87' lang='lat' dir='ltr'>vir.</span> 
     </span>
     <span class='ocr_line' id='line_1_12' title="bbox 232 850 2022 902; baseline 0.002 -15"><span class='ocrx_word' id='word_1_119' title='bbox 232 850 381 888; x_wconf 90' lang='lat' dir='ltr'>Literas</span> <span class='ocrx_word' id='word_1_120' title='bbox 413 856 501 889; x_wconf 90' lang='lat' dir='ltr'>tuas</span> <span class='ocrx_word' id='word_1_121' title='bbox 535 855 572 890; x_wconf 81' lang='lat'><strong>8.</strong></span> <span class='ocrx_word' id='word_1_122' title='bbox 606 851 711 901; x_wconf 83' lang='lat' dir='ltr'>Sept.</span> <span class='ocrx_word' id='word_1_123' title='bbox 742 854 905 902; x_wconf 89' lang='lat' dir='ltr'>scriptas</span> <span class='ocrx_word' id='word_1_124' title='bbox 937 853 1087 902; x_wconf 89' lang='lat' dir='ltr'>accepit</span> <span class='ocrx_word' id='word_1_125' title='bbox 1117 853 1360 891; x_wconf 85' lang='lat' dir='ltr'>Francofurti</span> <span class='ocrx_word' id='word_1_126' title='bbox 1390 853 1493 891; x_wconf 89' lang='lat' dir='ltr'>Frid.</span> <span class='ocrx_word' id='word_1_127' title='bbox 1517 852 1745 891; x_wconf 82' lang='lat' dir='ltr'>Bartschius</span> <span class='ocrx_word' id='word_1_128' title='bbox 1777 852 1916 890; x_wconf 86' lang='lat' dir='ltr'>affinis.</span> <span class='ocrx_word' id='word_1_129' title='bbox 1967 853 2022 891; x_wconf 82' lang='lat' dir='ltr'>Eo</span> 
     </span>
     <span class='ocr_line' id='line_1_13' title="bbox 232 909 2020 960; baseline 0.001 -13"><span class='ocrx_word' id='word_1_130' title='bbox 232 910 332 947; x_wconf 90' lang='lat' dir='ltr'>enim</span> <span class='ocrx_word' id='word_1_131' title='bbox 364 910 636 957; x_wconf 87' lang='lat' dir='ltr'>praemiseram</span> <span class='ocrx_word' id='word_1_132' title='bbox 660 909 780 957; x_wconf 90' lang='lat' dir='ltr'>illum,</span> <span class='ocrx_word' id='word_1_133' title='bbox 814 916 856 949; x_wconf 91' lang='lat' dir='ltr'>ut</span> <span class='ocrx_word' id='word_1_134' title='bbox 887 910 1077 960; x_wconf 89' lang='lat' dir='ltr'>quidquid</span> <span class='ocrx_word' id='word_1_135' title='bbox 1099 911 1254 949; x_wconf 88' lang='lat' dir='ltr'>tandem</span> <span class='ocrx_word' id='word_1_136' title='bbox 1277 911 1539 960; x_wconf 81' lang='lat' dir='ltr'>Tampachius</span> <span class='ocrx_word' id='word_1_137' title='bbox 1562 915 1664 949; x_wconf 89' lang='lat' dir='ltr'>esset</span> <span class='ocrx_word' id='word_1_138' title='bbox 1685 910 1869 957; x_wconf 88' lang='lat' dir='ltr'>facturus,</span> <span class='ocrx_word' id='word_1_139' title='bbox 1901 922 2020 960; x_wconf 86' lang='lat' dir='ltr'>para-</span> 
     </span>
     <span class='ocr_line' id='line_1_14' title="bbox 232 967 2022 1018; baseline 0.002 -15"><span class='ocrx_word' id='word_1_140' title='bbox 232 972 313 1003; x_wconf 91' lang='lat' dir='ltr'>tum</span> <span class='ocrx_word' id='word_1_141' title='bbox 344 978 404 1005; x_wconf 88' lang='lat' dir='ltr'>me</span> <span class='ocrx_word' id='word_1_142' title='bbox 437 967 692 1006; x_wconf 86' lang='lat' dir='ltr'>ostenderem.</span> <span class='ocrx_word' id='word_1_143' title='bbox 755 968 902 1007; x_wconf 87' lang='lat' dir='ltr'>Cecidit</span> <span class='ocrx_word' id='word_1_144' title='bbox 933 974 1079 1016; x_wconf 89' lang='lat' dir='ltr'>tamen,</span> <span class='ocrx_word' id='word_1_145' title='bbox 1120 968 1224 1018; x_wconf 90' lang='lat' dir='ltr'>quod</span> <span class='ocrx_word' id='word_1_146' title='bbox 1256 981 1301 1007; x_wconf 86' lang='lat' dir='ltr'>ex</span> <span class='ocrx_word' id='word_1_147' title='bbox 1333 970 1526 1018; x_wconf 86' lang='lat' dir='ltr'>praesenti</span> <span class='ocrx_word' id='word_1_148' title='bbox 1566 980 1638 1006; x_wconf 90' lang='lat' dir='ltr'>usu</span> <span class='ocrx_word' id='word_1_149' title='bbox 1680 980 1765 1006; x_wconf 90' lang='lat' dir='ltr'>meo</span> <span class='ocrx_word' id='word_1_150' title='bbox 1799 980 1883 1006; x_wconf 90' lang='lat' dir='ltr'>esse</span> <span class='ocrx_word' id='word_1_151' title='bbox 1914 975 2022 1017; x_wconf 91' lang='lat' dir='ltr'>puto,</span> 
     </span>
     <span class='ocr_line' id='line_1_15' title="bbox 233 1026 2024 1066; baseline 0.002 -5"><span class='ocrx_word' id='word_1_152' title='bbox 233 1026 381 1062; x_wconf 89' lang='lat' dir='ltr'>utinam</span> <span class='ocrx_word' id='word_1_153' title='bbox 413 1030 515 1063; x_wconf 89' lang='lat' dir='ltr'>esset</span> <span class='ocrx_word' id='word_1_154' title='bbox 547 1026 662 1064; x_wconf 90' lang='lat' dir='ltr'>etiam</span> <span class='ocrx_word' id='word_1_155' title='bbox 695 1038 741 1064; x_wconf 86' lang='lat' dir='ltr'>ex</span> <span class='ocrx_word' id='word_1_156' title='bbox 779 1026 1054 1066; x_wconf 90' lang='lat' dir='ltr'>studiosorum.</span> <span class='ocrx_word' id='word_1_157' title='bbox 1113 1027 1364 1065; x_wconf 89' lang='lat' dir='ltr'>Contractum</span> <span class='ocrx_word' id='word_1_158' title='bbox 1403 1028 1489 1064; x_wconf 88' lang='lat' dir='ltr'>iniit</span> <span class='ocrx_word' id='word_1_159' title='bbox 1519 1026 1746 1065; x_wconf 90' lang='lat' dir='ltr'>Bartschius</span> <span class='ocrx_word' id='word_1_160' title='bbox 1786 1037 1872 1064; x_wconf 90' lang='lat' dir='ltr'>cum</span> <span class='ocrx_word' id='word_1_161' title='bbox 1903 1026 2024 1065; x_wconf 87' lang='lat' dir='ltr'>Tam·-</span> 
     </span>
     <span class='ocr_line' id='line_1_16' title="bbox 232 1082 1613 1134; baseline 0.002 -15"><span class='ocrx_word' id='word_1_162' title='bbox 232 1082 372 1132; x_wconf 87' lang='lat' dir='ltr'>pachio</span> <span class='ocrx_word' id='word_1_163' title='bbox 406 1082 452 1121; x_wconf 90' lang='lat' dir='ltr'>de</span> <span class='ocrx_word' id='word_1_164' title='bbox 483 1088 566 1121; x_wconf 90' lang='lat' dir='ltr'>toto</span> <span class='ocrx_word' id='word_1_165' title='bbox 599 1095 726 1133; x_wconf 90' lang='lat' dir='ltr'>opere,</span> <span class='ocrx_word' id='word_1_166' title='bbox 760 1097 874 1134; x_wconf 91' lang='lat' dir='ltr'>quem</span> <span class='ocrx_word' id='word_1_167' title='bbox 905 1085 1128 1123; x_wconf 87' lang='lat' dir='ltr'>confirmavi</span> <span class='ocrx_word' id='word_1_168' title='bbox 1159 1084 1280 1123; x_wconf 90' lang='lat' dir='ltr'>literis</span> <span class='ocrx_word' id='word_1_169' title='bbox 1311 1085 1446 1134; x_wconf 89' lang='lat' dir='ltr'>Lipsia</span> <span class='ocrx_word' id='word_1_170' title='bbox 1475 1085 1613 1122; x_wconf 89' lang='lat' dir='ltr'>missis.</span> 
     </span>
    </p>

    <p class='ocr_par' dir='ltr' id='par_1_4' title="bbox 231 1139 2024 1309">
     <span class='ocr_line' id='line_1_17' title="bbox 368 1139 2022 1191; baseline 0.002 -15"><span class='ocrx_word' id='word_1_171' title='bbox 368 1139 510 1189; x_wconf 90' lang='lat' dir='ltr'>Miror,</span> <span class='ocrx_word' id='word_1_172' title='bbox 550 1152 651 1180; x_wconf 89' lang='lat' dir='ltr'>nunc</span> <span class='ocrx_word' id='word_1_173' title='bbox 689 1142 843 1181; x_wconf 91' lang='lat' dir='ltr'>demum</span> <span class='ocrx_word' id='word_1_174' title='bbox 875 1155 898 1181; x_wconf 90' lang='lat' dir='ltr'>a</span> <span class='ocrx_word' id='word_1_175' title='bbox 929 1148 966 1182; x_wconf 92' lang='lat' dir='ltr'>te</span> <span class='ocrx_word' id='word_1_176' title='bbox 1004 1144 1240 1181; x_wconf 89' lang='lat' dir='ltr'>mentionem</span> <span class='ocrx_word' id='word_1_177' title='bbox 1279 1143 1361 1181; x_wconf 87' lang='lat' dir='ltr'>fieri</span> <span class='ocrx_word' id='word_1_178' title='bbox 1402 1142 1598 1181; x_wconf 90' lang='lat' dir='ltr'>literarum</span> <span class='ocrx_word' id='word_1_179' title='bbox 1636 1142 1745 1191; x_wconf 82' lang='lat' dir='ltr'>Maj0</span> <span class='ocrx_word' id='word_1_180' title='bbox 1784 1142 2022 1191; x_wconf 86' lang='lat' dir='ltr'>scriptarum.</span> 
     </span>
     <span class='ocr_line' id='line_1_18' title="bbox 234 1198 2024 1250; baseline 0.002 -15"><span class='ocrx_word' id='word_1_181' title='bbox 234 1198 356 1247; x_wconf 85' lang='lat' dir='ltr'>Atqui</span> <span class='ocrx_word' id='word_1_182' title='bbox 387 1200 543 1248; x_wconf 89' lang='lat' dir='ltr'>saepius</span> <span class='ocrx_word' id='word_1_183' title='bbox 585 1201 731 1239; x_wconf 89' lang='lat' dir='ltr'>interea</span> <span class='ocrx_word' id='word_1_184' title='bbox 761 1202 909 1250; x_wconf 83' lang='lat' dir='ltr'>scripsi.</span> <span class='ocrx_word' id='word_1_185' title='bbox 968 1201 1029 1240; x_wconf 92' lang='lat' dir='ltr'>De</span> <span class='ocrx_word' id='word_1_186' title='bbox 1060 1201 1207 1250; x_wconf 89' lang='lat' dir='ltr'>Mappa</span> <span class='ocrx_word' id='word_1_187' title='bbox 1238 1201 1340 1250; x_wconf 92' lang='lat' dir='ltr'>quod</span> <span class='ocrx_word' id='word_1_188' title='bbox 1373 1203 1525 1250; x_wconf 88' lang='lat' dir='ltr'>quaeris</span> <span class='ocrx_word' id='word_1_189' title='bbox 1557 1205 1615 1239; x_wconf 91' lang='lat' dir='ltr'>est</span> <span class='ocrx_word' id='word_1_190' title='bbox 1644 1199 1733 1247; x_wconf 88' lang='lat' dir='ltr'>illa,</span> <span class='ocrx_word' id='word_1_191' title='bbox 1777 1211 1892 1248; x_wconf 88' lang='lat' dir='ltr'>quam</span> <span class='ocrx_word' id='word_1_192' title='bbox 1934 1205 2024 1239; x_wconf 87' lang='lat' dir='ltr'>ante</span> 
     </span>
     <span class='ocr_line' id='line_1_19' title="bbox 231 1256 2021 1309; baseline 0.001 -15"><span class='ocrx_word' id='word_1_193' title='bbox 231 1256 438 1294; x_wconf 88' lang='lat' dir='ltr'>triennium</span> <span class='ocrx_word' id='word_1_194' title='bbox 469 1258 628 1306; x_wconf 92' lang='lat' dir='ltr'>promisi</span> <span class='ocrx_word' id='word_1_195' title='bbox 659 1259 696 1295; x_wconf 93' lang='lat' dir='ltr'>in</span> <span class='ocrx_word' id='word_1_196' title='bbox 729 1258 853 1297; x_wconf 88' lang='lat' dir='ltr'>Tabb.</span> <span class='ocrx_word' id='word_1_197' title='bbox 877 1258 978 1298; x_wconf 86' lang='lat' dir='ltr'>Rud.</span> <span class='ocrx_word' id='word_1_198' title='bbox 1012 1258 1061 1297; x_wconf 87' lang='lat' dir='ltr'>ad</span> <span class='ocrx_word' id='word_1_199' title='bbox 1083 1260 1227 1297; x_wconf 87' lang='lat' dir='ltr'>calcem</span> <span class='ocrx_word' id='word_1_200' title='bbox 1248 1264 1540 1309; x_wconf 89' lang='lat' dir='ltr'>praeceptorum</span> <span class='ocrx_word' id='word_1_201' title='bbox 1565 1259 1610 1297; x_wconf 91' lang='lat' dir='ltr'>de</span> <span class='ocrx_word' id='word_1_202' title='bbox 1633 1258 1813 1306; x_wconf 85' lang='lat' dir='ltr'>catalogo</span> <span class='ocrx_word' id='word_1_203' title='bbox 1834 1258 2021 1296; x_wconf 90' lang='lat' dir='ltr'>locorum.</span> 
     </span>
    </p>

    <p class='ocr_par' dir='ltr' id='par_1_5' title="bbox 230 1313 2023 1599">
     <span class='ocr_line' id='line_1_20' title="bbox 375 1313 2023 1365; baseline 0.002 -14"><span class='ocrx_word' id='word_1_204' title='bbox 375 1313 571 1364; x_wconf 86' lang='lat' dir='ltr'>Synopsin</span> <span class='ocrx_word' id='word_1_205' title='bbox 602 1316 653 1355; x_wconf 91' lang='lat' dir='ltr'>D.</span> <span class='ocrx_word' id='word_1_206' title='bbox 678 1317 904 1355; x_wconf 88' lang='lat' dir='ltr'>Bartschius</span> <span class='ocrx_word' id='word_1_207' title='bbox 937 1329 1045 1355; x_wconf 88' lang='lat' dir='ltr'>meus</span> <span class='ocrx_word' id='word_1_208' title='bbox 1077 1317 1126 1355; x_wconf 91' lang='lat' dir='ltr'>ad</span> <span class='ocrx_word' id='word_1_209' title='bbox 1159 1329 1218 1356; x_wconf 88' lang='lat' dir='ltr'>me</span> <span class='ocrx_word' id='word_1_210' title='bbox 1250 1317 1380 1356; x_wconf 88' lang='lat' dir='ltr'>retulit</span> <span class='ocrx_word' id='word_1_211' title='bbox 1411 1322 1605 1364; x_wconf 86' lang='lat' dir='ltr'>causatus,</span> <span class='ocrx_word' id='word_1_212' title='bbox 1639 1315 1777 1354; x_wconf 87' lang='lat' dir='ltr'>excudi</span> <span class='ocrx_word' id='word_1_213' title='bbox 1798 1327 1874 1354; x_wconf 90' lang='lat' dir='ltr'>non</span> <span class='ocrx_word' id='word_1_214' title='bbox 1893 1327 2023 1365; x_wconf 89' lang='lat' dir='ltr'>posse,</span> 
     </span>
     <span class='ocr_line' id='line_1_21' title="bbox 231 1372 2023 1424; baseline 0.002 -16"><span class='ocrx_word' id='word_1_215' title='bbox 231 1372 304 1409; x_wconf 90' lang='lat' dir='ltr'>nisi</span> <span class='ocrx_word' id='word_1_216' title='bbox 337 1373 546 1411; x_wconf 88' lang='lat' dir='ltr'>etiamnum</span> <span class='ocrx_word' id='word_1_217' title='bbox 579 1373 689 1412; x_wconf 89' lang='lat' dir='ltr'>aliter</span> <span class='ocrx_word' id='word_1_218' title='bbox 721 1375 968 1422; x_wconf 86' lang='lat' dir='ltr'>describatur,</span> <span class='ocrx_word' id='word_1_219' title='bbox 1001 1380 1276 1424; x_wconf 87' lang='lat' dir='ltr'>praetereaque</span> <span class='ocrx_word' id='word_1_220' title='bbox 1297 1375 1470 1413; x_wconf 90' lang='lat' dir='ltr'>inutilem</span> <span class='ocrx_word' id='word_1_221' title='bbox 1497 1375 1708 1424; x_wconf 86' lang='lat' dir='ltr'>juventuti,</span> <span class='ocrx_word' id='word_1_222' title='bbox 1740 1375 1814 1411; x_wconf 90' lang='lat' dir='ltr'>nisi</span> <span class='ocrx_word' id='word_1_223' title='bbox 1836 1374 2023 1423; x_wconf 87' lang='lat' dir='ltr'>explane-</span> 
     </span>
     <span class='ocr_line' id='line_1_22' title="bbox 233 1430 2022 1483; baseline 0.002 -17"><span class='ocrx_word' id='word_1_224' title='bbox 233 1435 315 1478; x_wconf 81' lang='lat' dir='ltr'>tur3</span> <span class='ocrx_word' id='word_1_225' title='bbox 347 1430 531 1478; x_wconf 87' lang='lat' dir='ltr'>facturus,</span> <span class='ocrx_word' id='word_1_226' title='bbox 563 1433 636 1469; x_wconf 90' lang='lat' dir='ltr'>nisi</span> <span class='ocrx_word' id='word_1_227' title='bbox 669 1432 791 1480; x_wconf 89' lang='lat' dir='ltr'>fallor,</span> <span class='ocrx_word' id='word_1_228' title='bbox 824 1433 926 1471; x_wconf 88' lang='lat' dir='ltr'>idem</span> <span class='ocrx_word' id='word_1_229' title='bbox 958 1433 1122 1480; x_wconf 78' lang='lat' dir='ltr'>Euclidi‚</span> <span class='ocrx_word' id='word_1_230' title='bbox 1156 1433 1292 1483; x_wconf 90' lang='lat' dir='ltr'>Papio,</span> <span class='ocrx_word' id='word_1_231' title='bbox 1326 1434 1551 1482; x_wconf 90' lang='lat' dir='ltr'>Apollonio,</span> <span class='ocrx_word' id='word_1_232' title='bbox 1584 1433 1794 1479; x_wconf 88' lang='lat' dir='ltr'>Alhazeni‚</span> <span class='ocrx_word' id='word_1_233' title='bbox 1826 1444 1916 1470; x_wconf 90' lang='lat' dir='ltr'>nam</span> <span class='ocrx_word' id='word_1_234' title='bbox 1948 1433 2022 1470; x_wconf 88' lang='lat' dir='ltr'>im-</span> 
     </span>
     <span class='ocr_line' id='line_1_23' title="bbox 233 1488 2023 1541; baseline 0.003 -16"><span class='ocrx_word' id='word_1_235' title='bbox 233 1488 384 1537; x_wconf 85' lang='lat' dir='ltr'>patiens</span> <span class='ocrx_word' id='word_1_236' title='bbox 417 1493 475 1526; x_wconf 88' lang='lat' dir='ltr'>est</span> <span class='ocrx_word' id='word_1_237' title='bbox 503 1489 626 1528; x_wconf 91' lang='lat' dir='ltr'>lector</span> <span class='ocrx_word' id='word_1_238' title='bbox 656 1490 802 1529; x_wconf 88' lang='lat' dir='ltr'>talium.</span> <span class='ocrx_word' id='word_1_239' title='bbox 863 1491 1004 1530; x_wconf 90' lang='lat' dir='ltr'>Posset</span> <span class='ocrx_word' id='word_1_240' title='bbox 1034 1493 1065 1529; x_wconf 86' lang='lat' dir='ltr'>si</span> <span class='ocrx_word' id='word_1_241' title='bbox 1098 1491 1216 1530; x_wconf 87' lang='lat' dir='ltr'>vellet</span> <span class='ocrx_word' id='word_1_242' title='bbox 1247 1503 1308 1530; x_wconf 90' lang='lat' dir='ltr'>me</span> <span class='ocrx_word' id='word_1_243' title='bbox 1339 1492 1499 1530; x_wconf 86' lang='lat' dir='ltr'>absente</span> <span class='ocrx_word' id='word_1_244' title='bbox 1543 1491 1730 1530; x_wconf 85' lang='lat' dir='ltr'>excudere</span> <span class='ocrx_word' id='word_1_245' title='bbox 1762 1491 1802 1527; x_wconf 88' lang='lat' dir='ltr'>in</span> <span class='ocrx_word' id='word_1_246' title='bbox 1833 1495 2023 1541; x_wconf 85' lang='lat' dir='ltr'>typogra-</span> 
     </span>
     <span class='ocr_line' id='line_1_24' title="bbox 230 1545 1468 1599; baseline 0.005 -16"><span class='ocrx_word' id='word_1_247' title='bbox 230 1545 346 1595; x_wconf 91' lang='lat' dir='ltr'>pheio</span> <span class='ocrx_word' id='word_1_248' title='bbox 378 1545 605 1595; x_wconf 89' lang='lat' dir='ltr'>Saganensi,</span> <span class='ocrx_word' id='word_1_249' title='bbox 638 1548 707 1587; x_wconf 90' lang='lat' dir='ltr'>sed</span> <span class='ocrx_word' id='word_1_250' title='bbox 737 1554 844 1598; x_wconf 91' lang='lat' dir='ltr'>puto,</span> <span class='ocrx_word' id='word_1_251' title='bbox 877 1561 1005 1588; x_wconf 90' lang='lat' dir='ltr'>meum</span> <span class='ocrx_word' id='word_1_252' title='bbox 1037 1555 1263 1599; x_wconf 86' lang='lat' dir='ltr'>exspectant</span> <span class='ocrx_word' id='word_1_253' title='bbox 1291 1549 1468 1589; x_wconf 86' lang='lat' dir='ltr'>reditum.</span> 
     </span>
    </p>

    <p class='ocr_par' dir='ltr' id='par_1_6' title="bbox 231 1603 2027 2223">
     <span class='ocr_line' id='line_1_25' title="bbox 376 1603 2024 1657; baseline 0.002 -15"><span class='ocrx_word' id='word_1_254' title='bbox 376 1603 538 1643; x_wconf 85' lang='lat' dir='ltr'>Gratam</span> <span class='ocrx_word' id='word_1_255' title='bbox 569 1606 780 1656; x_wconf 89' lang='lat' dir='ltr'>amplector</span> <span class='ocrx_word' id='word_1_256' title='bbox 810 1607 1118 1657; x_wconf 84' lang='lat' dir='ltr'>hospitalitatem</span> <span class='ocrx_word' id='word_1_257' title='bbox 1150 1614 1269 1646; x_wconf 90' lang='lat' dir='ltr'>tuam.</span> <span class='ocrx_word' id='word_1_258' title='bbox 1316 1608 1423 1646; x_wconf 90' lang='lat' dir='ltr'>Deus</span> <span class='ocrx_word' id='word_1_259' title='bbox 1455 1619 1525 1646; x_wconf 91' lang='lat' dir='ltr'>vos</span> <span class='ocrx_word' id='word_1_260' title='bbox 1547 1611 1713 1654; x_wconf 87' lang='lat' dir='ltr'>tueatur,</span> <span class='ocrx_word' id='word_1_261' title='bbox 1744 1607 1892 1656; x_wconf 87' lang='lat' dir='ltr'>patriae</span> <span class='ocrx_word' id='word_1_262' title='bbox 1914 1619 2024 1646; x_wconf 88' lang='lat' dir='ltr'>meae</span> 
     </span>
     <span class='ocr_line' id='line_1_26' title="bbox 232 1662 2023 1715; baseline 0.002 -17"><span class='ocrx_word' id='word_1_263' title='bbox 232 1662 409 1700; x_wconf 89' lang='lat' dir='ltr'>miseriae</span> <span class='ocrx_word' id='word_1_264' title='bbox 429 1664 667 1702; x_wconf 88' lang='lat' dir='ltr'>misereatur.</span> <span class='ocrx_word' id='word_1_265' title='bbox 707 1665 825 1703; x_wconf 89' lang='lat' dir='ltr'>Nulla</span> <span class='ocrx_word' id='word_1_266' title='bbox 856 1666 1025 1705; x_wconf 87' lang='lat' dir='ltr'>conditio</span> <span class='ocrx_word' id='word_1_267' title='bbox 1059 1668 1236 1715; x_wconf 82' lang='lat' dir='ltr'>quamvis</span> <span class='ocrx_word' id='word_1_268' title='bbox 1266 1666 1480 1715; x_wconf 77' lang='lat' dir='ltr'>longinqua</span> <span class='ocrx_word' id='word_1_269' title='bbox 1511 1665 1584 1703; x_wconf 86' lang='lat' dir='ltr'>hac</span> <span class='ocrx_word' id='word_1_270' title='bbox 1614 1677 1740 1704; x_wconf 89' lang='lat' dir='ltr'>rerum</span> <span class='ocrx_word' id='word_1_271' title='bbox 1771 1665 2023 1703; x_wconf 89' lang='lat' dir='ltr'>humanarum</span> 
     </span>
     <span class='ocr_line' id='line_1_27' title="bbox 231 1720 2022 1773; baseline 0.003 -17"><span class='ocrx_word' id='word_1_272' title='bbox 231 1720 502 1760; x_wconf 85' lang='lat' dir='ltr'>incertitudine</span> <span class='ocrx_word' id='word_1_273' title='bbox 535 1727 592 1760; x_wconf 91' lang='lat' dir='ltr'>est</span> <span class='ocrx_word' id='word_1_274' title='bbox 622 1722 873 1772; x_wconf 87' lang='lat' dir='ltr'>repudianda.</span> <span class='ocrx_word' id='word_1_275' title='bbox 909 1748 958 1753; x_wconf 91' lang='lat'>—</span> <span class='ocrx_word' id='word_1_276' title='bbox 993 1724 1054 1762; x_wconf 92' lang='lat' dir='ltr'>De</span> <span class='ocrx_word' id='word_1_277' title='bbox 1086 1724 1287 1763; x_wconf 85' lang='lat' dir='ltr'>Ludovico</span> <span class='ocrx_word' id='word_1_278' title='bbox 1324 1724 1403 1762; x_wconf 91' lang='lat' dir='ltr'>filio</span> <span class='ocrx_word' id='word_1_279' title='bbox 1437 1723 1528 1773; x_wconf 89' lang='lat' dir='ltr'>quid</span> <span class='ocrx_word' id='word_1_280' title='bbox 1573 1724 1736 1761; x_wconf 85' lang='lat' dir='ltr'>scribam</span> <span class='ocrx_word' id='word_1_281' title='bbox 1775 1734 1852 1760; x_wconf 89' lang='lat' dir='ltr'>non</span> <span class='ocrx_word' id='word_1_282' title='bbox 1884 1723 2022 1762; x_wconf 89' lang='lat' dir='ltr'>habeo.</span> 
     </span>
     <span class='ocr_line' id='line_1_28' title="bbox 232 1777 2027 1832; baseline 0.003 -19"><span class='ocrx_word' id='word_1_283' title='bbox 232 1777 339 1814; x_wconf 87' lang='lat' dir='ltr'>Nihil</span> <span class='ocrx_word' id='word_1_284' title='bbox 371 1778 436 1817; x_wconf 92' lang='lat' dir='ltr'>ille</span> <span class='ocrx_word' id='word_1_285' title='bbox 470 1792 492 1817; x_wconf 84' lang='lat' dir='ltr'>a</span> <span class='ocrx_word' id='word_1_286' title='bbox 523 1792 584 1819; x_wconf 90' lang='lat' dir='ltr'>me</span> <span class='ocrx_word' id='word_1_287' title='bbox 615 1783 771 1830; x_wconf 86' lang='lat' dir='ltr'>nuperis</span> <span class='ocrx_word' id='word_1_288' title='bbox 803 1781 923 1820; x_wconf 87' lang='lat' dir='ltr'>literis</span> <span class='ocrx_word' id='word_1_289' title='bbox 954 1783 1066 1831; x_wconf 87' lang='lat' dir='ltr'>petiit</span> <span class='ocrx_word' id='word_1_290' title='bbox 1098 1788 1135 1820; x_wconf 87' lang='lat' dir='ltr'>et</span> <span class='ocrx_word' id='word_1_291' title='bbox 1165 1795 1235 1832; x_wconf 89' lang='lat' dir='ltr'>par</span> <span class='ocrx_word' id='word_1_292' title='bbox 1265 1786 1347 1820; x_wconf 89' lang='lat' dir='ltr'>erat</span> <span class='ocrx_word' id='word_1_293' title='bbox 1368 1783 1536 1830; x_wconf 91' lang='lat' dir='ltr'>omnino,</span> <span class='ocrx_word' id='word_1_294' title='bbox 1570 1783 1662 1830; x_wconf 87' lang='lat' dir='ltr'>quia</span> <span class='ocrx_word' id='word_1_295' title='bbox 1684 1780 1941 1820; x_wconf 88' lang='lat' dir='ltr'>conditionem</span> <span class='ocrx_word' id='word_1_296' title='bbox 1968 1786 2027 1819; x_wconf 91' lang='lat' dir='ltr'>est</span> 
     </span>
     <span class='ocr_line' id='line_1_29' title="bbox 232 1835 2026 1890; baseline 0.003 -18"><span class='ocrx_word' id='word_1_297' title='bbox 232 1835 434 1884; x_wconf 85' lang='lat' dir='ltr'>amplexus</span> <span class='ocrx_word' id='word_1_298' title='bbox 466 1848 513 1875; x_wconf 89' lang='lat' dir='ltr'>ne</span> <span class='ocrx_word' id='word_1_299' title='bbox 543 1843 705 1887; x_wconf 88' lang='lat' dir='ltr'>peteret.</span> <span class='ocrx_word' id='word_1_300' title='bbox 765 1839 835 1877; x_wconf 89' lang='lat' dir='ltr'>Est</span> <span class='ocrx_word' id='word_1_301' title='bbox 865 1844 993 1878; x_wconf 86' lang='lat' dir='ltr'>tamen</span> <span class='ocrx_word' id='word_1_302' title='bbox 1029 1840 1167 1878; x_wconf 85' lang='lat' dir='ltr'>affecto</span> <span class='ocrx_word' id='word_1_303' title='bbox 1200 1852 1378 1890; x_wconf 90' lang='lat' dir='ltr'>corpore,</span> <span class='ocrx_word' id='word_1_304' title='bbox 1418 1852 1559 1889; x_wconf 87' lang='lat' dir='ltr'>passus</span> <span class='ocrx_word' id='word_1_305' title='bbox 1598 1851 1718 1889; x_wconf 88' lang='lat' dir='ltr'>nuper</span> <span class='ocrx_word' id='word_1_306' title='bbox 1748 1839 1945 1888; x_wconf 73' lang='lat' dir='ltr'>herniam,</span> <span class='ocrx_word' id='word_1_307' title='bbox 1987 1844 2026 1878; x_wconf 92' lang='lat' dir='ltr'>et</span> 
     </span>
     <span class='ocr_line' id='line_1_30' title="bbox 234 1895 2026 1948; baseline 0.003 -18"><span class='ocrx_word' id='word_1_308' title='bbox 234 1904 421 1942; x_wconf 89' lang='lat' dir='ltr'>oppressa</span> <span class='ocrx_word' id='word_1_309' title='bbox 451 1895 712 1946; x_wconf 83' lang='lat' dir='ltr'>Wirtebergia</span> <span class='ocrx_word' id='word_1_310' title='bbox 744 1909 878 1936; x_wconf 89' lang='lat' dir='ltr'>vereor</span> <span class='ocrx_word' id='word_1_311' title='bbox 908 1904 951 1936; x_wconf 94' lang='lat' dir='ltr'>ut</span> <span class='ocrx_word' id='word_1_312' title='bbox 981 1909 1089 1936; x_wconf 90' lang='lat' dir='ltr'>soror</span> <span class='ocrx_word' id='word_1_313' title='bbox 1119 1911 1206 1937; x_wconf 90' lang='lat' dir='ltr'>mea</span> <span class='ocrx_word' id='word_1_314' title='bbox 1235 1900 1360 1948; x_wconf 82' lang='lat' dir='ltr'>possit</span> <span class='ocrx_word' id='word_1_315' title='bbox 1390 1898 1448 1936; x_wconf 89' lang='lat' dir='ltr'>illi</span> <span class='ocrx_word' id='word_1_316' title='bbox 1479 1898 1705 1936; x_wconf 88' lang='lat' dir='ltr'>submittere</span> <span class='ocrx_word' id='word_1_317' title='bbox 1737 1897 1830 1947; x_wconf 90' lang='lat' dir='ltr'>quid</span> <span class='ocrx_word' id='word_1_318' title='bbox 1862 1897 1909 1936; x_wconf 91' lang='lat' dir='ltr'>de</span> <span class='ocrx_word' id='word_1_319' title='bbox 1930 1899 2026 1936; x_wconf 90' lang='lat' dir='ltr'>meis</span> 
     </span>
     <span class='ocr_line' id='line_1_31' title="bbox 233 1951 2023 2005; baseline 0.004 -18"><span class='ocrx_word' id='word_1_320' title='bbox 233 1951 336 2000; x_wconf 89' lang='lat' dir='ltr'>apud</span> <span class='ocrx_word' id='word_1_321' title='bbox 367 1952 484 1991; x_wconf 90' lang='lat' dir='ltr'>illam.</span> <span class='ocrx_word' id='word_1_322' title='bbox 546 1954 631 2003; x_wconf 77' lang='lat' dir='ltr'>Age</span> <span class='ocrx_word' id='word_1_323' title='bbox 664 1956 792 2003; x_wconf 87' lang='lat' dir='ltr'>igitur,</span> <span class='ocrx_word' id='word_1_324' title='bbox 825 1956 1012 1994; x_wconf 87' lang='lat' dir='ltr'>arbitratu</span> <span class='ocrx_word' id='word_1_325' title='bbox 1042 1961 1109 1994; x_wconf 91' lang='lat' dir='ltr'>tuo</span> <span class='ocrx_word' id='word_1_326' title='bbox 1142 1962 1249 1995; x_wconf 90' lang='lat' dir='ltr'>utere</span> <span class='ocrx_word' id='word_1_327' title='bbox 1278 1968 1428 1994; x_wconf 90' lang='lat' dir='ltr'>rursum</span> <span class='ocrx_word' id='word_1_328' title='bbox 1459 1961 1579 2005; x_wconf 90' lang='lat' dir='ltr'>pater,</span> <span class='ocrx_word' id='word_1_329' title='bbox 1613 1955 1728 1994; x_wconf 89' lang='lat' dir='ltr'>modo</span> <span class='ocrx_word' id='word_1_330' title='bbox 1750 1967 1798 1993; x_wconf 86' lang='lat' dir='ltr'>ne</span> <span class='ocrx_word' id='word_1_331' title='bbox 1819 1954 2023 2005; x_wconf 86' lang='lat' dir='ltr'>indulgeas</span> 
     </span>
     <span class='ocr_line' id='line_1_32' title="bbox 231 2010 2023 2064; baseline 0.004 -19"><span class='ocrx_word' id='word_1_332' title='bbox 231 2010 401 2048; x_wconf 86' lang='lat' dir='ltr'>nimium.</span> <span class='ocrx_word' id='word_1_333' title='bbox 464 2010 611 2059; x_wconf 85' lang='lat' dir='ltr'>Quodsi</span> <span class='ocrx_word' id='word_1_334' title='bbox 642 2012 696 2050; x_wconf 88' lang='lat' dir='ltr'>nil</span> <span class='ocrx_word' id='word_1_335' title='bbox 726 2014 895 2062; x_wconf 89' lang='lat' dir='ltr'>petierit,</span> <span class='ocrx_word' id='word_1_336' title='bbox 940 2014 1127 2064; x_wconf 88' lang='lat' dir='ltr'>quidquid</span> <span class='ocrx_word' id='word_1_337' title='bbox 1165 2014 1360 2054; x_wconf 87' lang='lat' dir='ltr'>residuum</span> <span class='ocrx_word' id='word_1_338' title='bbox 1400 2015 1471 2053; x_wconf 91' lang='lat' dir='ltr'>erit</span> <span class='ocrx_word' id='word_1_339' title='bbox 1502 2014 1549 2053; x_wconf 87' lang='lat' dir='ltr'>de</span> <span class='ocrx_word' id='word_1_340' title='bbox 1585 2018 1663 2052; x_wconf 88' lang='lat'>100</span> <span class='ocrx_word' id='word_1_341' title='bbox 1697 2013 1904 2064; x_wconf 88' lang='lat' dir='ltr'>(siquidem</span> <span class='ocrx_word' id='word_1_342' title='bbox 1935 2013 2023 2052; x_wconf 87' lang='lat' dir='ltr'>illos</span> 
     </span>
     <span class='ocr_line' id='line_1_33' title="bbox 232 2067 2020 2125; baseline 0.003 -21"><span class='ocrx_word' id='word_1_343' title='bbox 232 2078 349 2117; x_wconf 90' lang='lat' dir='ltr'>opera</span> <span class='ocrx_word' id='word_1_344' title='bbox 371 2068 536 2118; x_wconf 83' lang='lat' dir='ltr'>Eggoldi</span> <span class='ocrx_word' id='word_1_345' title='bbox 557 2067 784 2125; x_wconf 87' lang='lat' dir='ltr'>acceperis),</span> <span class='ocrx_word' id='word_1_346' title='bbox 816 2071 854 2108; x_wconf 91' lang='lat' dir='ltr'>id</span> <span class='ocrx_word' id='word_1_347' title='bbox 875 2084 989 2111; x_wconf 89' lang='lat' dir='ltr'>serva</span> <span class='ocrx_word' id='word_1_348' title='bbox 1020 2074 1058 2109; x_wconf 90' lang='lat' dir='ltr'>in</span> <span class='ocrx_word' id='word_1_349' title='bbox 1080 2085 1174 2111; x_wconf 89' lang='lat' dir='ltr'>usus</span> <span class='ocrx_word' id='word_1_350' title='bbox 1206 2074 1336 2111; x_wconf 87' lang='lat' dir='ltr'>uxoris</span> <span class='ocrx_word' id='word_1_351' title='bbox 1356 2078 1460 2121; x_wconf 90' lang='lat' dir='ltr'>tuae,</span> <span class='ocrx_word' id='word_1_352' title='bbox 1493 2084 1594 2121; x_wconf 90' lang='lat' dir='ltr'>quae</span> <span class='ocrx_word' id='word_1_353' title='bbox 1615 2072 1702 2110; x_wconf 91' lang='lat' dir='ltr'>loco</span> <span class='ocrx_word' id='word_1_354' title='bbox 1730 2083 1854 2119; x_wconf 89' lang='lat' dir='ltr'>meae,</span> <span class='ocrx_word' id='word_1_355' title='bbox 1885 2075 2020 2119; x_wconf 90' lang='lat' dir='ltr'>mater,</span> 
     </span>
     <span class='ocr_line' id='line_1_34' title="bbox 231 2125 2021 2181; baseline 0.004 -19"><span class='ocrx_word' id='word_1_356' title='bbox 231 2125 444 2164; x_wconf 89' lang='lat' dir='ltr'>thalamum</span> <span class='ocrx_word' id='word_1_357' title='bbox 474 2129 620 2178; x_wconf 88' lang='lat' dir='ltr'>nuptiis</span> <span class='ocrx_word' id='word_1_358' title='bbox 651 2130 901 2179; x_wconf 89' lang='lat' dir='ltr'>instaurabit,</span> <span class='ocrx_word' id='word_1_359' title='bbox 943 2132 976 2168; x_wconf 90' lang='lat' dir='ltr'>si</span> <span class='ocrx_word' id='word_1_360' title='bbox 1007 2132 1113 2180; x_wconf 89' lang='lat' dir='ltr'>prius</span> <span class='ocrx_word' id='word_1_361' title='bbox 1153 2133 1269 2170; x_wconf 88' lang='lat' dir='ltr'>etiam</span> <span class='ocrx_word' id='word_1_362' title='bbox 1307 2130 1435 2181; x_wconf 90' lang='lat' dir='ltr'>plures</span> <span class='ocrx_word' id='word_1_363' title='bbox 1475 2142 1654 2169; x_wconf 88' lang='lat' dir='ltr'>nummos</span> <span class='ocrx_word' id='word_1_364' title='bbox 1686 2129 1735 2168; x_wconf 91' lang='lat' dir='ltr'>ad</span> <span class='ocrx_word' id='word_1_365' title='bbox 1767 2129 1838 2168; x_wconf 88' lang='lat' dir='ltr'>hos</span> <span class='ocrx_word' id='word_1_366' title='bbox 1871 2134 2021 2169; x_wconf 86' lang='lat' dir='ltr'>sumtus</span> 
     </span>
     <span class='ocr_line' id='line_1_35' title="bbox 231 2184 460 2223; baseline 0.009 -2"><span class='ocrx_word' id='word_1_367' title='bbox 231 2184 460 2223; x_wconf 90' lang='lat' dir='ltr'>submisero.</span> 
     </span>
    </p>

    <p class='ocr_par' dir='ltr' id='par_1_7' title="bbox 231 2241 2021 2412">
     <span class='ocr_line' id='line_1_36' title="bbox 370 2241 2020 2297; baseline 0.003 -18"><span class='ocrx_word' id='word_1_368' title='bbox 370 2241 543 2292; x_wconf 89' lang='lat' dir='ltr'>Lipsiam</span> <span class='ocrx_word' id='word_1_369' title='bbox 582 2244 671 2282; x_wconf 88' lang='lat' dir='ltr'>veni</span> <span class='ocrx_word' id='word_1_370' title='bbox 709 2241 836 2296; x_wconf 75' lang='lat' dir='ltr'><strong>4.s14.</strong></span> <span class='ocrx_word' id='word_1_371' title='bbox 870 2244 979 2294; x_wconf 79' lang='lat' dir='ltr'>Oct.‚</span> <span class='ocrx_word' id='word_1_372' title='bbox 1024 2246 1163 2286; x_wconf 88' lang='lat' dir='ltr'>diverti</span> <span class='ocrx_word' id='word_1_373' title='bbox 1202 2246 1306 2297; x_wconf 90' lang='lat' dir='ltr'>apud</span> <span class='ocrx_word' id='word_1_374' title='bbox 1348 2246 1510 2285; x_wconf 86' lang='lat' dir='ltr'>alterum</span> <span class='ocrx_word' id='word_1_375' title='bbox 1553 2247 1840 2295; x_wconf 85' lang='lat' dir='ltr'>Berneggerum</span> <span class='ocrx_word' id='word_1_376' title='bbox 1871 2257 2020 2296; x_wconf 84' lang='lat' dir='ltr'>meum3</span> 
     </span>
     <span class='ocr_line' id='line_1_37' title="bbox 231 2300 2021 2355; baseline 0.003 -19"><span class='ocrx_word' id='word_1_377' title='bbox 231 2310 371 2337; x_wconf 88' lang='lat' dir='ltr'>nomen</span> <span class='ocrx_word' id='word_1_378' title='bbox 403 2300 459 2338; x_wconf 91' lang='lat' dir='ltr'>illi</span> <span class='ocrx_word' id='word_1_379' title='bbox 490 2301 692 2352; x_wconf 88' lang='lat' dir='ltr'>Philippus</span> <span class='ocrx_word' id='word_1_380' title='bbox 724 2302 876 2351; x_wconf 87' lang='lat' dir='ltr'>Miiller,</span> <span class='ocrx_word' id='word_1_381' title='bbox 909 2303 1008 2343; x_wconf 91' lang='lat' dir='ltr'>med.</span> <span class='ocrx_word' id='word_1_382' title='bbox 1039 2304 1166 2344; x_wconf 92' lang='lat' dir='ltr'>licent.</span> <span class='ocrx_word' id='word_1_383' title='bbox 1200 2309 1237 2343; x_wconf 88' lang='lat' dir='ltr'>et</span> <span class='ocrx_word' id='word_1_384' title='bbox 1267 2305 1471 2355; x_wconf 88' lang='lat' dir='ltr'>professor.</span> <span class='ocrx_word' id='word_1_385' title='bbox 1513 2305 1625 2343; x_wconf 91' lang='lat' dir='ltr'>Nunc</span> <span class='ocrx_word' id='word_1_386' title='bbox 1654 2306 1692 2342; x_wconf 89' lang='lat' dir='ltr'>in</span> <span class='ocrx_word' id='word_1_387' title='bbox 1716 2305 1915 2354; x_wconf 87' lang='lat' dir='ltr'>procinctu</span> <span class='ocrx_word' id='word_1_388' title='bbox 1936 2316 2021 2343; x_wconf 91' lang='lat' dir='ltr'>sum</span> 
     </span>
     <span class='ocr_line' id='line_1_38' title="bbox 232 2358 1925 2412; baseline 0.003 -18"><span class='ocrx_word' id='word_1_389' title='bbox 232 2358 355 2396; x_wconf 88' lang='lat' dir='ltr'>iturus</span> <span class='ocrx_word' id='word_1_390' title='bbox 388 2358 644 2397; x_wconf 89' lang='lat' dir='ltr'>Ratisbonam</span> <span class='ocrx_word' id='word_1_391' title='bbox 676 2364 714 2398; x_wconf 90' lang='lat' dir='ltr'>et</span> <span class='ocrx_word' id='word_1_392' title='bbox 744 2361 919 2400; x_wconf 90' lang='lat' dir='ltr'>Lincium</span> <span class='ocrx_word' id='word_1_393' title='bbox 951 2362 1117 2412; x_wconf 89' lang='lat' dir='ltr'>indeque</span> <span class='ocrx_word' id='word_1_394' title='bbox 1149 2362 1199 2401; x_wconf 88' lang='lat' dir='ltr'>ad</span> <span class='ocrx_word' id='word_1_395' title='bbox 1230 2363 1378 2402; x_wconf 88' lang='lat' dir='ltr'>Ducem</span> <span class='ocrx_word' id='word_1_396' title='bbox 1411 2368 1449 2401; x_wconf 89' lang='lat' dir='ltr'>et</span> <span class='ocrx_word' id='word_1_397' title='bbox 1479 2365 1534 2401; x_wconf 90' lang='lat' dir='ltr'>sic</span> <span class='ocrx_word' id='word_1_398' title='bbox 1566 2363 1765 2411; x_wconf 86' lang='lat' dir='ltr'>Saganum</span> <span class='ocrx_word' id='word_1_399' title='bbox 1795 2362 1843 2400; x_wconf 92' lang='lat' dir='ltr'>D.</span> <span class='ocrx_word' id='word_1_400' title='bbox 1876 2362 1925 2400; x_wconf 90' lang='lat' dir='ltr'>V.</span> 
     </span>
    </p>

    <p class='ocr_par' dir='ltr' id='par_1_8' title="bbox 230 2416 2020 2761">
     <span class='ocr_line' id='line_1_39' title="bbox 372 2416 2020 2470; baseline 0.003 -17"><span class='ocrx_word' id='word_1_401' title='bbox 372 2416 503 2465; x_wconf 87' lang='lat' dir='ltr'>Rogat</span> <span class='ocrx_word' id='word_1_402' title='bbox 532 2429 650 2466; x_wconf 83' lang='lat' dir='ltr'>gener</span> <span class='ocrx_word' id='word_1_403' title='bbox 679 2430 800 2467; x_wconf 90' lang='lat' dir='ltr'>meus,</span> <span class='ocrx_word' id='word_1_404' title='bbox 833 2425 875 2457; x_wconf 89' lang='lat' dir='ltr'>ut</span> <span class='ocrx_word' id='word_1_405' title='bbox 905 2422 1055 2459; x_wconf 89' lang='lat' dir='ltr'>mittam</span> <span class='ocrx_word' id='word_1_406' title='bbox 1086 2420 1136 2459; x_wconf 91' lang='lat' dir='ltr'>ad</span> <span class='ocrx_word' id='word_1_407' title='bbox 1168 2426 1205 2459; x_wconf 92' lang='lat' dir='ltr'>te</span> <span class='ocrx_word' id='word_1_408' title='bbox 1237 2421 1313 2460; x_wconf 91' lang='lat' dir='ltr'>duo</span> <span class='ocrx_word' id='word_1_409' title='bbox 1354 2421 1590 2470; x_wconf 82' lang='lat' dir='ltr'>exemplaria</span> <span class='ocrx_word' id='word_1_410' title='bbox 1622 2420 1921 2470; x_wconf 87' lang='lat' dir='ltr'>Ephemeridum</span> <span class='ocrx_word' id='word_1_411' title='bbox 1952 2433 2020 2470; x_wconf 89' lang='lat' dir='ltr'>pro</span> 
     </span>
     <span class='ocr_line' id='line_1_40' title="bbox 230 2474 2017 2528; baseline 0.004 -19"><span class='ocrx_word' id='word_1_412' title='bbox 230 2476 268 2510; x_wconf 89' lang='lat' dir='ltr'>te</span> <span class='ocrx_word' id='word_1_413' title='bbox 301 2476 338 2510; x_wconf 86' lang='lat' dir='ltr'>et</span> <span class='ocrx_word' id='word_1_414' title='bbox 367 2474 416 2512; x_wconf 94' lang='lat' dir='ltr'>D.</span> <span class='ocrx_word' id='word_1_415' title='bbox 450 2474 659 2514; x_wconf 86' lang='lat' dir='ltr'>Schmidio.</span> <span class='ocrx_word' id='word_1_416' title='bbox 711 2476 825 2516; x_wconf 87' lang='lat' dir='ltr'>Petet</span> <span class='ocrx_word' id='word_1_417' title='bbox 857 2482 894 2517; x_wconf 91' lang='lat' dir='ltr'>et</span> <span class='ocrx_word' id='word_1_418' title='bbox 926 2478 1070 2517; x_wconf 85' lang='lat' dir='ltr'>Remus</span> <span class='ocrx_word' id='word_1_419' title='bbox 1101 2484 1139 2517; x_wconf 89' lang='lat' dir='ltr'>et</span> <span class='ocrx_word' id='word_1_420' title='bbox 1168 2479 1270 2517; x_wconf 89' lang='lat' dir='ltr'>filius</span> <span class='ocrx_word' id='word_1_421' title='bbox 1301 2491 1421 2519; x_wconf 89' lang='lat' dir='ltr'>meus.</span> <span class='ocrx_word' id='word_1_422' title='bbox 1462 2479 1596 2517; x_wconf 88' lang='lat' dir='ltr'>Scribo</span> <span class='ocrx_word' id='word_1_423' title='bbox 1628 2481 1743 2528; x_wconf 86' lang='lat' dir='ltr'>igitur</span> <span class='ocrx_word' id='word_1_424' title='bbox 1764 2478 2017 2528; x_wconf 88' lang='lat' dir='ltr'>Tampachio,</span> 
     </span>
     <span class='ocr_line' id='line_1_41' title="bbox 230 2531 2020 2587; baseline 0.004 -20"><span class='ocrx_word' id='word_1_425' title='bbox 230 2531 357 2568; x_wconf 89' lang='lat' dir='ltr'>mittat</span> <span class='ocrx_word' id='word_1_426' title='bbox 388 2537 553 2581; x_wconf 89' lang='lat' dir='ltr'>quatuor</span> <span class='ocrx_word' id='word_1_427' title='bbox 573 2535 692 2583; x_wconf 87' lang='lat' dir='ltr'>partis</span> <span class='ocrx_word' id='word_1_428' title='bbox 715 2534 965 2585; x_wconf 85' lang='lat' dir='ltr'>Saganensis,</span> <span class='ocrx_word' id='word_1_429' title='bbox 998 2536 1088 2575; x_wconf 93' lang='lat' dir='ltr'>dum</span> <span class='ocrx_word' id='word_1_430' title='bbox 1110 2538 1300 2576; x_wconf 89' lang='lat' dir='ltr'>rescribas</span> <span class='ocrx_word' id='word_1_431' title='bbox 1322 2543 1376 2583; x_wconf 91' lang='lat' dir='ltr'>tu,</span> <span class='ocrx_word' id='word_1_432' title='bbox 1407 2549 1498 2574; x_wconf 91' lang='lat' dir='ltr'>num</span> <span class='ocrx_word' id='word_1_433' title='bbox 1529 2538 1607 2575; x_wconf 90' lang='lat' dir='ltr'>sint</span> <span class='ocrx_word' id='word_1_434' title='bbox 1628 2538 1866 2587; x_wconf 87' lang='lat' dir='ltr'>Argentinae</span> <span class='ocrx_word' id='word_1_435' title='bbox 1887 2548 2020 2575; x_wconf 85' lang='lat' dir='ltr'>exem-</span> 
     </span>
     <span class='ocr_line' id='line_1_42' title="bbox 232 2588 2018 2645; baseline 0.004 -21"><span class='ocrx_word' id='word_1_436' title='bbox 232 2588 354 2637; x_wconf 86' lang='lat' dir='ltr'>plaria</span> <span class='ocrx_word' id='word_1_437' title='bbox 384 2592 502 2640; x_wconf 89' lang='lat' dir='ltr'>partis</span> <span class='ocrx_word' id='word_1_438' title='bbox 534 2591 754 2640; x_wconf 89' lang='lat' dir='ltr'>Lincensis‚</span> <span class='ocrx_word' id='word_1_439' title='bbox 801 2606 900 2643; x_wconf 90' lang='lat' dir='ltr'>quae</span> <span class='ocrx_word' id='word_1_440' title='bbox 937 2595 1028 2633; x_wconf 90' lang='lat' dir='ltr'>addi</span> <span class='ocrx_word' id='word_1_441' title='bbox 1059 2596 1228 2645; x_wconf 85' lang='lat' dir='ltr'>possint,</span> <span class='ocrx_word' id='word_1_442' title='bbox 1271 2600 1314 2633; x_wconf 89' lang='lat' dir='ltr'>ut</span> <span class='ocrx_word' id='word_1_443' title='bbox 1344 2597 1394 2634; x_wconf 90' lang='lat' dir='ltr'>sit</span> <span class='ocrx_word' id='word_1_444' title='bbox 1423 2601 1550 2634; x_wconf 91' lang='lat' dir='ltr'>tomus</span> <span class='ocrx_word' id='word_1_445' title='bbox 1580 2596 1740 2645; x_wconf 86' lang='lat' dir='ltr'>integer.</span> <span class='ocrx_word' id='word_1_446' title='bbox 1801 2594 1901 2634; x_wconf 89' lang='lat' dir='ltr'>Vale</span> <span class='ocrx_word' id='word_1_447' title='bbox 1933 2606 2018 2633; x_wconf 89' lang='lat' dir='ltr'>cum</span> 
     </span>
     <span class='ocr_line' id='line_1_43' title="bbox 231 2646 2020 2704; baseline 0.003 -20"><span class='ocrx_word' id='word_1_448' title='bbox 231 2646 394 2696; x_wconf 87' lang='lat' dir='ltr'>conjuge</span> <span class='ocrx_word' id='word_1_449' title='bbox 427 2654 465 2687; x_wconf 91' lang='lat' dir='ltr'>et</span> <span class='ocrx_word' id='word_1_450' title='bbox 494 2649 645 2697; x_wconf 87' lang='lat' dir='ltr'>liberis,</span> <span class='ocrx_word' id='word_1_451' title='bbox 685 2653 918 2702; x_wconf 89' lang='lat' dir='ltr'>unicamque</span> <span class='ocrx_word' id='word_1_452' title='bbox 949 2653 1136 2692; x_wconf 89' lang='lat' dir='ltr'>ecclesiae</span> <span class='ocrx_word' id='word_1_453' title='bbox 1168 2653 1397 2702; x_wconf 90' lang='lat' dir='ltr'>anchoram,</span> <span class='ocrx_word' id='word_1_454' title='bbox 1437 2665 1570 2704; x_wconf 88' lang='lat' dir='ltr'>preces</span> <span class='ocrx_word' id='word_1_455' title='bbox 1607 2653 1657 2693; x_wconf 89' lang='lat' dir='ltr'>ad</span> <span class='ocrx_word' id='word_1_456' title='bbox 1685 2654 1813 2693; x_wconf 88' lang='lat' dir='ltr'>Deum</span> <span class='ocrx_word' id='word_1_457' title='bbox 1853 2664 1921 2704; x_wconf 85' lang='lat' dir='ltr'>pro</span> <span class='ocrx_word' id='word_1_458' title='bbox 1952 2652 2020 2691; x_wconf 92' lang='lat' dir='ltr'>illa</span> 
     </span>
     <span class='ocr_line' id='line_1_44' title="bbox 230 2708 880 2761; baseline 0.012 -19"><span class='ocrx_word' id='word_1_459' title='bbox 230 2708 267 2742; x_wconf 94' lang='lat' dir='ltr'>et</span> <span class='ocrx_word' id='word_1_460' title='bbox 296 2716 356 2744; x_wconf 92' lang='lat' dir='ltr'>me</span> <span class='ocrx_word' id='word_1_461' title='bbox 387 2718 538 2746; x_wconf 90' lang='lat' dir='ltr'>mecum</span> <span class='ocrx_word' id='word_1_462' title='bbox 567 2708 715 2747; x_wconf 91' lang='lat' dir='ltr'>fortiter</span> <span class='ocrx_word' id='word_1_463' title='bbox 743 2711 880 2761; x_wconf 89' lang='lat' dir='ltr'>arripe.</span> 
     </span>
    </p>

    <p class='ocr_par' dir='ltr' id='par_1_9' title="bbox 371 2764 1214 2818">
     <span class='ocr_line' id='line_1_45' title="bbox 371 2764 1214 2818; baseline 0.007 -16"><span class='ocrx_word' id='word_1_464' title='bbox 371 2764 528 2815; x_wconf 87' lang='lat' dir='ltr'>Lipsiae</span> <span class='ocrx_word' id='word_1_465' title='bbox 560 2765 622 2805; x_wconf 90' lang='lat' dir='ltr'>die</span> <span class='ocrx_word' id='word_1_466' title='bbox 657 2765 813 2818; x_wconf 75' lang='lat' dir='ltr'><strong>11.l21.</strong></span> <span class='ocrx_word' id='word_1_467' title='bbox 848 2767 934 2807; x_wconf 86' lang='lat' dir='ltr'>Oct.</span> <span class='ocrx_word' id='word_1_468' title='bbox 967 2770 1058 2807; x_wconf 91' lang='lat' dir='ltr'>anni</span> <span class='ocrx_word' id='word_1_469' title='bbox 1092 2773 1214 2808; x_wconf 83' lang='lat'><strong>1630.</strong></span> 
     </span>
    </p>

    <p class='ocr_par' dir='ltr' id='par_1_10' title="bbox 229 2829 2017 3173">
     <span class='ocr_line' id='line_1_46' title="bbox 367 2829 2017 2880; baseline 0.005 -17"><span class='ocrx_word' id='word_1_470' title='bbox 367 2829 495 2865; x_wconf 89' lang='lat' dir='ltr'>Anno</span> <span class='ocrx_word' id='word_1_471' title='bbox 522 2831 644 2868; x_wconf 77' lang='lat'><strong>1630.</strong></span> <span class='ocrx_word' id='word_1_472' title='bbox 670 2833 766 2878; x_wconf 87' lang='lat' dir='ltr'>typis</span> <span class='ocrx_word' id='word_1_473' title='bbox 793 2834 1060 2878; x_wconf 83' lang='lat' dir='ltr'>Saganensibus</span> <span class='ocrx_word' id='word_1_474' title='bbox 1086 2845 1219 2871; x_wconf 83' lang='lat' dir='ltr'>excusa</span> <span class='ocrx_word' id='word_1_475' title='bbox 1243 2838 1298 2870; x_wconf 89' lang='lat' dir='ltr'>est</span> <span class='ocrx_word' id='word_1_476' title='bbox 1313 2835 1486 2880; x_wconf 43' lang='lat' dir='ltr'>&amp;istola</span> <span class='ocrx_word' id='word_1_477' title='bbox 1503 2836 1553 2872; x_wconf 78' lang='lat' dir='ltr'>ad</span> <span class='ocrx_word' id='word_1_478' title='bbox 1571 2836 1806 2878; x_wconf 79' lang='lat' dir='ltr'>Terrentium,</span> <span class='ocrx_word' id='word_1_479' title='bbox 1833 2845 1939 2879; x_wconf 88' lang='lat' dir='ltr'>quam</span> <span class='ocrx_word' id='word_1_480' title='bbox 1955 2837 2017 2872; x_wconf 87' lang='lat' dir='ltr'>ab·</span> 
     </span>
     <span class='ocr_line' id='line_1_47' title="bbox 229 2885 2016 2938; baseline 0.004 -18"><span class='ocrx_word' id='word_1_481' title='bbox 229 2885 381 2922; x_wconf 88' lang='lat' dir='ltr'>solutam</span> <span class='ocrx_word' id='word_1_482' title='bbox 414 2888 567 2925; x_wconf 80' lang='lat' dir='ltr'>diximus</span> <span class='ocrx_word' id='word_1_483' title='bbox 601 2891 674 2927; x_wconf 89' lang='lat' dir='ltr'>fine</span> <span class='ocrx_word' id='word_1_484' title='bbox 709 2892 793 2927; x_wconf 83' lang='lat' dir='ltr'>anni</span> <span class='ocrx_word' id='word_1_485' title='bbox 817 2892 929 2937; x_wconf 76' lang='lat'>1627,</span> <span class='ocrx_word' id='word_1_486' title='bbox 964 2897 1000 2928; x_wconf 91' lang='lat' dir='ltr'>et</span> <span class='ocrx_word' id='word_1_487' title='bbox 1023 2891 1309 2938; x_wconf 74' lang='lat' dir='ltr'>Ephemeridum</span> <span class='ocrx_word' id='word_1_488' title='bbox 1333 2893 1422 2928; x_wconf 90' lang='lat' dir='ltr'>Pars</span> <span class='ocrx_word' id='word_1_489' title='bbox 1447 2893 1492 2927; x_wconf 91' lang='grc' dir='ltr'>Π.</span> <span class='ocrx_word' id='word_1_490' title='bbox 1519 2897 1555 2927; x_wconf 91' lang='lat' dir='ltr'>et</span> <span class='ocrx_word' id='word_1_491' title='bbox 1579 2893 1645 2930; x_wconf 85' lang='grc' dir='ltr'><strong>ΙΙΙ.</strong></span> <span class='ocrx_word' id='word_1_492' title='bbox 1694 2892 1736 2926; x_wconf 91' lang='lat' dir='ltr'>In</span> <span class='ocrx_word' id='word_1_493' title='bbox 1761 2892 1945 2936; x_wconf 88' lang='lat' dir='ltr'>Epistolae</span> <span class='ocrx_word' id='word_1_494' title='bbox 1970 2894 2016 2928; x_wconf 85' lang='lat' dir='ltr'>ad</span> 
     </span>
     <span class='ocr_line' id='line_1_48' title="bbox 229 2943 2015 2997; baseline 0.006 -21"><span class='ocrx_word' id='word_1_495' title='bbox 229 2943 453 2979; x_wconf 87' lang='lat' dir='ltr'>Terrentium</span> <span class='ocrx_word' id='word_1_496' title='bbox 487 2946 711 2983; x_wconf 85' lang='lat' dir='ltr'>dedicatione</span> <span class='ocrx_word' id='word_1_497' title='bbox 743 2948 802 2993; x_wconf 80' lang='lat' dir='ltr'>(ad</span> <span class='ocrx_word' id='word_1_498' title='bbox 832 2948 1132 2986; x_wconf 88' lang='lat' dir='ltr'>Wallenstenium</span> <span class='ocrx_word' id='word_1_499' title='bbox 1167 2961 1195 2987; x_wconf 93' lang='lat' dir='ltr'>s.</span> <span class='ocrx_word' id='word_1_500' title='bbox 1223 2950 1270 2994; x_wconf 90' lang='lat' dir='ltr'>d.)</span> <span class='ocrx_word' id='word_1_501' title='bbox 1296 2950 1468 2995; x_wconf 84' lang='lat' dir='ltr'>legimus:</span> <span class='ocrx_word' id='word_1_502' title='bbox 1507 2947 1856 2997; x_wconf 87' lang='lat' dir='ltr'>Typographorum</span> <span class='ocrx_word' id='word_1_503' title='bbox 1886 2947 2015 2986; x_wconf 90' lang='lat' dir='ltr'>nullus</span> 
     </span>
     <span class='ocr_line' id='line_1_49' title="bbox 231 3000 2015 3055; baseline 0.005 -20"><span class='ocrx_word' id='word_1_504' title='bbox 231 3009 315 3035; x_wconf 89' lang='lat' dir='ltr'>cum</span> <span class='ocrx_word' id='word_1_505' title='bbox 346 3000 478 3047; x_wconf 91' lang='lat' dir='ltr'>proelo</span> <span class='ocrx_word' id='word_1_506' title='bbox 509 3004 664 3051; x_wconf 90' lang='lat' dir='ltr'>proprio</span> <span class='ocrx_word' id='word_1_507' title='bbox 687 3002 886 3053; x_wconf 83' lang='lat' dir='ltr'>Saganum</span> <span class='ocrx_word' id='word_1_508' title='bbox 917 3010 960 3043; x_wconf 92' lang='lat' dir='ltr'>ut</span> <span class='ocrx_word' id='word_1_509' title='bbox 990 3008 1170 3045; x_wconf 88' lang='lat' dir='ltr'>transiret</span> <span class='ocrx_word' id='word_1_510' title='bbox 1203 3006 1334 3045; x_wconf 91' lang='lat' dir='ltr'>induci</span> <span class='ocrx_word' id='word_1_511' title='bbox 1364 3006 1502 3055; x_wconf 91' lang='lat' dir='ltr'>potuit.</span> <span class='ocrx_word' id='word_1_512' title='bbox 1543 3005 1682 3054; x_wconf 85' lang='lat' dir='ltr'>Itaque</span> <span class='ocrx_word' id='word_1_513' title='bbox 1705 3016 1788 3053; x_wconf 89' lang='lat' dir='ltr'>ego,</span> <span class='ocrx_word' id='word_1_514' title='bbox 1822 3009 1865 3043; x_wconf 92' lang='lat' dir='ltr'>ut</span> <span class='ocrx_word' id='word_1_515' title='bbox 1885 3005 2015 3055; x_wconf 87' lang='lat' dir='ltr'>Ephe-</span> 
     </span>
     <span class='ocr_line' id='line_1_50' title="bbox 231 3056 2016 3114; baseline 0.006 -23"><span class='ocrx_word' id='word_1_516' title='bbox 231 3056 418 3095; x_wconf 88' lang='lat' dir='ltr'>meridum</span> <span class='ocrx_word' id='word_1_517' title='bbox 450 3062 730 3108; x_wconf 78' lang='lat' dir='ltr'>exspectationi</span> <span class='ocrx_word' id='word_1_518' title='bbox 761 3062 1037 3112; x_wconf 88' lang='lat' dir='ltr'>satisfacerem,</span> <span class='ocrx_word' id='word_1_519' title='bbox 1071 3064 1187 3114; x_wconf 87' lang='lat' dir='ltr'>hujus</span> <span class='ocrx_word' id='word_1_520' title='bbox 1220 3069 1258 3103; x_wconf 90' lang='lat' dir='ltr'>et</span> <span class='ocrx_word' id='word_1_521' title='bbox 1288 3064 1453 3102; x_wconf 92' lang='lat' dir='ltr'>aliorum</span> <span class='ocrx_word' id='word_1_522' title='bbox 1484 3062 1646 3101; x_wconf 90' lang='lat' dir='ltr'>duorum</span> <span class='ocrx_word' id='word_1_523' title='bbox 1677 3073 1864 3101; x_wconf 89' lang='lat' dir='ltr'>annorum</span> <span class='ocrx_word' id='word_1_524' title='bbox 1886 3063 2016 3113; x_wconf 87' lang='lat' dir='ltr'>Ephe-</span> 
     </span>
     <span class='ocr_line' id='line_1_51' title="bbox 230 3112 2014 3173; baseline 0.006 -23"><span class='ocrx_word' id='word_1_525' title='bbox 230 3112 396 3153; x_wconf 85' lang='lat' dir='ltr'>meridas</span> <span class='ocrx_word' id='word_1_526' title='bbox 426 3115 722 3158; x_wconf 86' lang='lat' dir='ltr'>Francofurtum</span> <span class='ocrx_word' id='word_1_527' title='bbox 753 3118 802 3162; x_wconf 86' lang='lat' dir='ltr'>ad</span> <span class='ocrx_word' id='word_1_528' title='bbox 834 3118 1019 3164; x_wconf 84' lang='lat' dir='ltr'>Moenum</span> <span class='ocrx_word' id='word_1_529' title='bbox 1049 3123 1246 3173; x_wconf 87' lang='lat' dir='ltr'>praemisi.</span> <span class='ocrx_word' id='word_1_530' title='bbox 1286 3122 1499 3172; x_wconf 88' lang='lat' dir='ltr'>Postquam</span> <span class='ocrx_word' id='word_1_531' title='bbox 1531 3119 1690 3163; x_wconf 81' lang='lat' dir='ltr'>Octobri</span> <span class='ocrx_word' id='word_1_532' title='bbox 1719 3132 1852 3163; x_wconf 84' lang='lat' dir='ltr'>mense</span> <span class='ocrx_word' id='word_1_533' title='bbox 1873 3132 2014 3172; x_wconf 85' lang='lat' dir='ltr'>operae</span> 
     </span>
    </p>
   </div>
  </div>
 </body>
</html>
