2126 3388
204 170 288 213 953
871 167 955 202 Vita
977 166 1001 201 J
1003 166 1127 202 oannis
1152 166 1311 212 Kepleri.

203 290 342 338 quibus
395 291 521 337 potest
564 282 742 333 expedire
790 295 869 321 rem
905 284 1048 323 studet.
1129 284 1352 323 Herwartus
1398 286 1526 320 autem
1569 282 1827 333 Keplerianae
1867 284 1988 322 inter-

204 348 428 396 pretationis
460 342 604 381 auxilio
639 341 751 379 valde
784 347 985 379 contentus
1016 343 1161 391 gratias
1192 354 1268 380 non
1300 340 1415 378 modo
1458 341 1585 378 verbis
1625 342 1724 389 egit,
1762 340 1831 379 sed
1872 343 1988 380 etiam

207 404 337 441 retulit
370 414 454 439 cum
486 400 674 437 donorum
706 398 950 446 liberalitate,
982 404 1064 437 tum
1095 412 1262 448 quoque,
1295 411 1380 437 cum
1412 400 1494 447 ipse
1525 399 1837 447 frequentissima
1863 399 1989 437 homi-

207 474 295 498 num
329 458 605 497 consuetudine
638 462 819 503 uteretur,
851 458 971 495 literis
997 458 1323 495 commendaticiis
1356 456 1404 494 ad
1431 468 1600 494 summos
1633 462 1670 494 et
1700 457 1989 505 potentissimos

204 521 316 565 viros,
350 517 520 565 inprimis
552 515 601 553 ad
632 515 838 552 nonnullos
868 515 1044 553 Jesuitas
1077 515 1316 564 (Herwartus
1358 515 1440 563 ipse
1482 520 1563 552 erat
1603 526 1702 551 unus
1735 525 1785 560 ex¹
1811 513 1989 552 Jesuita-

204 588 284 612 rum
309 571 519 624 societate),
553 573 602 611 ad
625 573 855 619 Welserum‚
888 573 936 611 ad
961 573 1230 611 Coloniensem
1253 572 1596 621 Archiepiscopum
1621 572 1797 620 aliosque
1823 574 1986 621 seriptis.

203 634 287 682 Qua
331 633 520 670 Herwarti
563 630 895 669 commendatione
937 631 1050 668 valde
1090 631 1224 679 adjuta
1267 636 1324 668 est
1355 630 1512 678 Kepleri
1551 642 1628 675 res,
1672 641 1758 667 cum
1797 635 1834 667 et
1873 630 1990 668 Pater

204 691 400 735 Casalius,
445 689 554 737 cujus
594 689 696 738 apud
732 689 986 726 Archiducem
1025 688 1310 726 Ferdinandum
1351 700 1499 725 summa
1540 689 1748 725 auctoritas
1789 694 1825 724 et
1865 690 1991 736 gratia

203 755 294 795 erat,
330 751 363 784 in
398 748 574 796 Styriaca
605 748 733 784 uxoris
766 747 1001 784 haereditate
1038 747 1268 795 permultum
1300 746 1520 795 prodesset,
1553 752 1589 783 et
1613 745 1808 783 Welserus
1839 747 1990 794 (aerarii

206 806 412 855 imperialis
443 806 674 854 praefectus)
709 805 896 852 quidquid
939 805 1091 842 debitae
1131 806 1317 853 pecuniae
1360 806 1397 840 in
1429 806 1605 840 maximis
1643 805 1875 852 imperatorii
1907 803 1989 840 fisci

203 867 392 913 angustiis
424 869 586 911 poterat,
620 862 788 911 Keplero
821 862 1000 909 solveret,
1039 868 1076 900 et
1109 863 1432 910 Areliiepiscopus
1465 861 1708 898 coloniensis
1739 861 1988 898 mathemati-

203 935 287 959 cum
321 924 368 960 ab
401 921 601 959 Herwarto
635 919 943 958 commendatum
985 920 1201 969 adjutorem
1233 932 1344 957 suum
1377 920 1597 966 adhiberet,
1644 931 1730 957 cum
1762 931 1847 965 eas,
1889 930 1989 967 quae

205 993 271 1029 per
302 980 485 1018 Sanctum
519 979 725 1027 Imperium
758 978 974 1015 Romanum
1018 980 1054 1014 in
1087 990 1158 1015 usu
1199 984 1305 1015 eraut
1348 983 1386 1016 et
1424 989 1624 1014 mensuras
1664 984 1702 1014 et
1741 988 1919 1014 nummos
1951 978 1989 1013 in

205 1039 374 1076 ordinem
407 1044 445 1074 et
486 1037 656 1085 aliquam
700 1038 858 1073 unitatis
899 1037 1084 1073 rationem
1117 1035 1288 1084 redigere
1326 1036 1442 1073 vellet
1468 1038 1555 1081 (Cfr.
1583 1038 1651 1072 vol.
1680 1039 1722 1073 V.
1755 1049 1789 1082 p.
1816 1039 1881 1074 616
1909 1039 1989 1082 ss),

204 1096 381 1144 idemque
413 1100 632 1132 astronomo
666 1094 909 1140 concederet,
953 1100 992 1130 ut
1024 1094 1149 1131 sidera
1187 1093 1323 1131 melius
1365 1094 1571 1132 observare
1614 1099 1745 1142 posset
1777 1093 1988 1143 telescopio

203 1166 251 1191 eo
294 1160 463 1203 tempore
506 1154 661 1190 invento
704 1153 779 1198 uti,
825 1152 934 1200 cujus
967 1163 1038 1200 ope
1081 1153 1114 1189 ei
1151 1151 1264 1189 Jovis
1301 1151 1487 1189 satellites
1522 1154 1743 1200 conspicere
1779 1151 1910 1198 licuit,
1951 1157 1989 1189 et

202 1212 358 1261 Kepleri
401 1223 555 1260 quoque
593 1211 750 1259 n'egotia
789 1209 1070 1247 liberalissimis
1112 1211 1291 1257 praemiis
1329 1209 1545 1247 honoraret.
1606 1209 1818 1258 Keplerum
1860 1214 1989 1247 autem

204 1283 287 1308 cum
309 1270 472 1307 Jestiitis
505 1268 676 1306 Deckero
710 1268 754 1305 de
788 1267 1056 1315 chronologia,
1092 1267 1370 1315 Grienbergero
1405 1273 1442 1306 et
1473 1267 1643 1305 Guldino
1676 1267 1722 1305 de
1754 1268 1990 1305 astronomia

204 1334 242 1366 et
273 1328 545 1365 mathematica
582 1326 808 1363 familiarius
852 1325 1048 1363 literarum
1088 1328 1355 1363 commercium
1399 1327 1586 1374 incepisse
1630 1325 1728 1363 idem
1766 1325 1990 1363 Herwartus

203 1389 284 1424 sine
317 1386 433 1423 dubio
467 1389 600 1422 auctor
631 1390 723 1421 erat.
786 1383 881 1420 Cum
904 1383 1104 1421 Praetorio
1138 1383 1301 1432 denique
1334 1383 1547 1422 Altdorfiae
1579 1383 1868 1421 mathematices
1900 1395 1991 1432 pro-

203 1446 369 1490 fessore,
404 1443 512 1492 cujus
546 1442 591 1479 de
623 1441 833 1478 Prodromo
862 1441 1050 1490 judicium
1081 1441 1250 1490 Keplero
1283 1454 1306 1478 a
1338 1442 1566 1480 cancellario
1605 1444 1763 1479 missum
1796 1448 1854 1480 est
1886 1445 1934 1487 (v.
1962 1453 1990 1478 s.

204 1517 236 1549 p.
263 1505 327 1539 6223
355 1512 440 1547 ssi,
480 1506 742 1538 astronomum
773 1505 810 1537 et
841 1501 1017 1536 notitiam
1050 1505 1087 1536 et
1117 1499 1418 1537 familiaritatem
1449 1500 1591 1538 habere
1623 1499 1722 1537 idem
1746 1500 1867 1538 voluit
1887 1500 1991 1538 Her-

204 1565 355 1604 warlus,
391 1561 455 1607 qui
487 1560 603 1596 etiam
626 1558 671 1595 de
694 1557 918 1607 Tychonica
946 1557 1151 1607 hypothesi
1188 1557 1310 1594 lunari
1343 1557 1543 1596 doctorum
1576 1560 1822 1605 quaestiones
1852 1559 1984 1595 movit.

340 1617 540 1654 Hei-warto
583 1616 628 1653 de
666 1618 815 1653 ratione
854 1615 1117 1663 Copernicana
1160 1615 1419 1653 dubitationes
1465 1627 1549 1653 cum
1591 1615 1782 1664 Keplerus
1824 1618 1989 1654 eximere

205 1676 337 1722 vellet,
378 1681 509 1723 aperte
553 1680 590 1711 et
621 1674 781 1711 honeste
825 1681 957 1711 contra
998 1685 1084 1711 eum
1118 1674 1421 1721 Copernicanam
1464 1685 1619 1711 causam
1660 1673 1841 1713 defendit.
1903 1674 1989 1722 Quo

204 1741 372 1782 tempore
405 1734 477 1770 hoc
510 1731 759 1781 epistolarum
793 1733 1059 1769 commercium
1092 1734 1373 1780 frequentatum
1406 1738 1474 1778 est,
1509 1732 1674 1769 ecclesia
1706 1731 1884 1770 Romana
1914 1743 1990 1769 non

205 1798 312 1829 tauta
344 1793 551 1829 severitate
594 1789 806 1827 doctrinam
840 1790 1144 1838 Copernicanam
1184 1791 1438 1838 improbavit,
1483 1796 1627 1838 quanta
1669 1795 1806 1838 postea
1838 1791 1989 1838 (1616)

206 1862 289 1887 eain
323 1849 617 1895 condemnavit3
651 1859 765 1896 quam
799 1848 847 1884 ob
879 1859 956 1885 rem
979 1847 1180 1885 Herwarto
1213 1847 1300 1885 fidei
1334 1847 1547 1886 catholicae
1579 1847 1862 1885 studiosissimo
1896 1859 1991 1885 con-

203 1909 337 1945 fessori
368 1907 474 1944 nulla
505 1912 586 1944 erat
627 1918 761 1952 causa,
802 1917 867 1942 cur
908 1905 1117 1942 doctrInam
1162 1918 1244 1942 eam
1282 1906 1468 1953 rejiceret.
1535 1906 1676 1942 Totum
1715 1913 1842 1943 autem
1888 1905 1992 1944 Her-

204 1968 310 2002 warti
344 1967 511 2002 animum
544 1970 584 2001 ut
615 1965 668 2001 rei
693 1964 980 2012 Copernicanae
1012 1963 1231 2001 conciliaret
1254 1975 1418 2012 eumque
1452 1963 1497 2001 de
1529 1963 1644 2012 hujus
1667 1963 1863 2002 doctrinae
1887 1965 1990 2002 veri-

187 2030 287 2061 <tate
322 2025 578 2069 convinceret,
611 2034 808 2070 nunquam
839 2021 1030 2070 Keplerus
1063 2023 1188 2069 potuit
1221 2021 1380 2059 efficere.

347 2081 562 2129 Quaerente
594 2080 795 2118 Herwarto
828 2079 1013 2127 judicium
1045 2079 1203 2128 Kepleri
1235 2080 1281 2117 de
1314 2079 1477 2117 Gilberti
1508 2079 1606 2116 libro
1639 2078 1684 2116 de
1717 2084 1912 2128 magnete,
1958 2081 1990 2117 is

209 2141 405 2189 explicans
438 2151 500 2184 ca,
545 2150 642 2186 quae
686 2139 755 2186 ipsi
800 2137 845 2174 de
884 2139 1024 2175 virtute
1061 2139 1281 2186 magnetica
1321 2139 1404 2174 visa
1440 2139 1535 2183 sint,
1577 2137 1672 2174 haec
1709 2137 1754 2174 de
1788 2138 1990 2186 Copernici

212 2198 417 2247 hypothesi
456 2195 581 2234 addit:
630 2195 768 2247 „Quod
802 2195 849 2232 ad
888 2200 1032 2233 motum
1066 2195 1232 2234 Telluris
1274 2197 1428 2240 attinet,
1472 2195 1583 2232 facile
1624 2196 1766 2243 poteris
1807 2196 1989 2243 cogitare,

209 2267 440 2305 magnopere
480 2266 539 2292 me
577 2255 847 2303 probaturum,
895 2265 993 2301 quae
1035 2253 1098 2291 ille
1126 2255 1341 2299 (Gilbertus)
1377 2253 1425 2290 ad
1459 2253 1762 2301 Copernicanam
1802 2255 1989 2291 rationem

206 2313 479 2351 stabiliendam
511 2312 637 2358 affert,
682 2323 765 2350 cum
801 2312 1085 2359 Copernicanus
1118 2317 1154 2349 et
1186 2312 1266 2360 ipse
1298 2313 1381 2347 sim.
1444 2310 1569 2348 Velim
1602 2306 1729 2348 tamen
1760 2311 1989 2359 perpendas,

206 2374 329 2420 ipsum
363 2370 673 2420 probabilitatem
706 2369 841 2406 saltem
875 2369 1052 2417 profiteri.
1094 2370 1283 2406 Diurnum
1306 2368 1445 2406 Terrae
1470 2376 1613 2405 motum
1638 2370 1814 2406 omnibus
1840 2369 1990 2406 machi-

207 2432 265 2466 nis
297 2430 478 2475 adstruit,
513 2428 560 2466 de
590 2439 718 2465 annno
752 2427 953 2475 suspendit
984 2428 1234 2477 sententiam,
1274 2427 1369 2464 forte
1409 2427 1500 2475 quia
1531 2433 1774 2463 astronomus
1805 2438 1880 2464 non
1914 2432 1989 2474 est3

207 2489 314 2535 alias,
349 2489 380 2524 si
412 2488 507 2524 bene
540 2487 630 2523 novi
662 2485 743 2533 ejus
777 2486 989 2533 ingenium,
1024 2485 1214 2522 mordicus
1246 2484 1380 2521 fuisset
1413 2488 1632 2532 arrepturus
1664 2490 1701 2522 et
1732 2484 1872 2522 hunc.“
1928 2484 1988 2521 Ad

206 2546 301 2583 haec
332 2556 432 2583 anno
459 2548 565 2582 1603
600 2545 742 2592 scripta
773 2542 963 2592 Keplerus
996 2543 1092 2580 redit
1124 2554 1224 2579 anno
1252 2546 1370 2588 1607,
1406 2542 1619 2588 Herwarto‚
1653 2543 1716 2590 qui
1739 2542 1816 2579 alia.
1837 2544 1985 2580 ratione

205 2604 445 2651 planetarum
479 2608 515 2639 et
546 2601 647 2639 Solis
680 2606 824 2638 motum
862 2612 1015 2637 servare
1048 2606 1208 2637 conatus
1240 2606 1297 2637 est
1330 2611 1442 2648 quam
1477 2600 1734 2648 Copernicus,
1773 2612 1885 2649 aegre
1916 2599 1987 2637 ad-

205 2662 370 2698 mittenti
401 2666 546 2698 motum
569 2659 745 2705 Telluris,
779 2659 979 2706 Copernici
1012 2659 1197 2695 rationem
1228 2658 1401 2706 pluribus
1424 2658 1590 2706 explicat
1612 2663 1648 2696 et
1670 2659 1724 2695 sic
1745 2657 1856 2695 finem
1878 2658 1986 2695 facit:

210 2719 317 2767 „Non
351 2718 447 2756 adeo
481 2717 688 2756 absurdum
721 2716 871 2753 videtur
901 2716 1089 2765 physicis,
1123 2722 1222 2753 stare
1255 2716 1382 2753 Solem
1416 2727 1460 2753 ac
1492 2717 1637 2754 moveri
1669 2715 1835 2754 Terram.
1886 2714 1983 2752 Sen-

208 2779 325 2813 tentia
358 2777 403 2814 de
437 2777 593 2814 circuitu
627 2775 729 2812 Solis
769 2780 903 2822 peccat
936 2776 971 2810 in
1003 2773 1198 2823 regulam,
1243 2785 1341 2822 quae
1373 2780 1535 2822 possunt
1577 2774 1656 2811 fieri
1694 2785 1761 2821 per
1791 2774 1985 2821 pauciora,

208 2846 281 2870 non
315 2834 454 2871 debent
486 2834 564 2871 fieri
595 2844 661 2881 per
693 2833 813 2881 plura.
877 2832 1042 2868 Possunt
1081 2838 1208 2869 autern
1251 2832 1393 2868 salvari
1426 2832 1692 2879 phaenomena
1723 2836 1849 2868 stante
1881 2829 1984 2868 Sole.

211 2891 287 2929 Sed
319 2903 387 2929 nec
419 2893 576 2929 circuitu
609 2903 705 2939 opus
738 2896 795 2928 est
826 2889 873 2926 ad
907 2891 1103 2927 circuitum
1137 2891 1272 2926 ceteris
1306 2889 1605 2935 conciliandum,
1639 2900 1724 2926 cum
1755 2888 1839 2925 sola
1870 2887 1986 2925 volu-

209 2950 310 2985 tione
342 2950 379 2986 id
411 2951 544 2998 possit.
608 2949 783 2997 Denique
824 2946 988 2984 naturali
1022 2948 1141 2984 motui
1174 2949 1295 2995 magis
1337 2952 1394 2984 est
1426 2954 1744 2991 consentaneum,
1787 2943 1986 2983 volutione

210 3006 309 3042 Solis
342 3007 533 3044 conciliari
568 3012 605 3044 et
636 3006 760 3043 inferri
794 3006 928 3043 ceteris
961 3006 1193 3042 circuitionis
1216 3006 1496 3051 necessitatem,
1532 3005 1620 3042 dum
1642 3004 1881 3040 emanatione
1905 3004 1985 3040 vir-

212 3065 300 3099 tutis
340 3078 471 3102 imao-³1.
515 3064 575 3101 vel
607 3062 706 3109 ἑλξει
738 3069 865 3100 utatur
906 3062 955 3099 ad
993 3062 1332 3100 circumvehendos
1372 3069 1530 3100 ceteros.
1595 3063 1645 3097 At
1675 3059 1866 3108 quomodo
1909 3062 1985 3098 cir-

212 3122 333 3159 cuitus
367 3121 466 3160 Solis
498 3121 674 3160 conciliet
705 3118 840 3161 ceteris
873 3121 1091 3170 circuitum,
1137 3119 1173 3157 id
1204 3131 1281 3159 non
1324 3121 1377 3158 ita
1413 3120 1526 3158 facile
1566 3124 1623 3157 est
1654 3117 1822 3156 definire.
1885 3118 1984 3158 Nam
