2126 3388
873 168 972 205 1599.
1004 167 1101 205 1600.
1797 161 1880 208 715

226 287 337 331 16⁰0.
372 289 582 328 Revolutio
605 290 713 328 anni:
750 288 838 328 Hoc
860 300 961 327 anno
984 290 1055 327 iter
1077 289 1229 338 suscepi
1251 289 1289 325 in
1311 287 1562 334 Bohemiam3
1595 285 1668 322 iter
1690 284 1884 331 ingressus

88 342 244 387 sum'6.
277 348 476 395 ‚januar-ii,
519 354 556 387 3.
590 349 789 386 Februarii
830 349 920 386 veni
952 348 1000 385 ad
1032 347 1276 397 Tychoncm‚
1319 350 1356 385 5.
1390 345 1590 383 Februarii
1623 343 1752 380 omnia
1783 352 1883 390 quae

90 406 273 455 optabam
307 406 406 444 ultro
439 407 532 444 mihi
565 407 714 446 detulit.
778 406 901 455 Aprili
934 418 1072 444 nomen
1104 418 1232 444 meum
1263 405 1312 443 ad
1345 403 1602 442 Corraducem
1630 403 1787 448 (imperii
1804 413 1884 447 pro-

89 467 364 511 cancellarium)
400 465 555 513 detulit3
588 468 750 503 assentit
781 464 859 503 ille.
922 463 1042 502 Junio
1075 465 1170 502 redii
1203 463 1393 510 Gratium,
1427 462 1603 511 deposito
1635 461 1709 498 1106
1739 470 1884 508 propo-

92 524 180 560 sito.
241 522 363 569 Julio,
398 536 482 561 cum
512 521 557 577 ’11
582 525 651 561 iret
683 535 749 573 per
781 524 811 561 I.
846 523 1023 568 domum,
1059 524 1202 561 Cacsar
1232 522 1408 573 Tyclioni
1441 521 1487 558 (16
1519 532 1579 558 mc
1612 517 1788 557 vocando
1819 529 1885 554 as-

91 582 223 619 sensit.
289 582 368 631 Ego
400 583 547 620 interea
578 583 615 618 in
649 582 778 632 Styria
809 583 941 631 accepi
972 583 1177 631 pecuniam
1211 603 1265 610 —
1299 585 1379 619 200
1412 578 1581 616 thaleros
1613 600 1667 606 ——
1698 588 1767 626 pro
1792 575 1884 625 My-

89 641 216 677 sterio.
278 638 494 689 Utrumque
533 645 712 689 coeptum
756 642 942 689 superiori
982 641 1185 677 Decembri
1228 645 1264 677 ct
1295 639 1504 684 JanuariO,
1548 649 1632 674 cum
1669 633 1715 688 ’11
1750 634 1884 671 itidem

90 699 262 746 proxime
294 699 324 736 I.
359 699 513 736 domum
547 704 679 736 staret.
740 699 814 736 Die
849 704 884 736 7.
910 699 1077 747 Augusti
1109 699 1279 736 secunda
1311 699 1396 735 vice
1428 707 1547 734 causa
1576 694 1772 744 religionis
1794 692 1886 729 mihi

88 767 174 793 cum
205 757 351 794 familia
383 758 640 805 migrandum.
684 756 805 794 Incidi
838 758 953 794 etiam
986 758 1022 793 111
1057 762 1285 804 quartanam
1318 761 1355 794 et
1376 754 1624 793 vehementer
1655 753 1783 790 attrivi
1806 762 1885 788 rem

88 814 333 860 familiarem,
376 818 554 864 quamvis
598 815 715 865 paulo
759 816 864 864 prius
905 819 942 853 et
982 816 1167 852 auxerim.
1234 819 1298 855 30.
1332 813 1569 864 Septembris
1608 813 1679 849 iter
1710 822 1792 848 sum
1822 810 1884 845 in-

87 884 241 922 gressus
272 873 452 920 Pragam.

228 939 329 982 Quae
355 939 412 974 hic
437 940 562 984 paucis
589 938 706 973 verbis
731 939 843 973 refert
869 939 1047 983 Keplcrus
1074 939 1147 974 fata
1173 939 1255 973 anni
1285 940 1393 979 1000,
1419 938 1474 972 his
1501 936 1630 982 partim
1657 946 1675 970 e
1702 934 1885 970 codicibus

88 997 351 1032 Viennensibus
379 1002 414 1032 et
438 997 753 1039 Pulkoviensibus‚
780 997 910 1041 partim
938 1008 980 1031 ex
1006 998 1048 1032 iis
1075 997 1260 1038 desumtis‚
1289 1007 1388 1040 quae·
1405 1005 1521 1039 nuper
1545 995 1581 1028 111
1608 992 1790 1029 codicibus
1817 992 1885 1026 Ba-

86 1055 194 1090 sileae
221 1055 442 1090 conservatis
454 1056 487 1099 ss)
517 1054 828 1099 deprehendinms,
855 1055 1091 1091 illustrantur.
1134 1056 1206 1091 Iter
1232 1056 1267 1089 in
1294 1054 1504 1089 Bohemiam
1538 1052 1622 1087 fecit
1648 1051 1824 1096 Keplerus
1849 1050 1883 1084 in

88 1116 260 1150 comitatu
279 1115 430 1149 Baronis
451 1114 493 1148 (16
512 1113 722 1155 Hoffmann,
752 1115 813 1157 qui
831 1125 910 1148 cum
929 1114 1087 1158 Keplero
1114 1113 1253 1149 faveret
1279 1116 1313 1147 et
1331 1112 1512 1159 Tychonis
1538 1110 1781 1146 familiaritate
1799 1118 1885 1144 usus

88 1173 207 1217 fuerit,
233 1173 333 1207 illum
362 1173 494 1208 celebri
521 1172 685 1207 Caesaris
711 1178 917 1206 astronomo
946 1172 1220 1207 commendavit.
1268 1172 1352 1216 Ipse
1377 1181 1460 1206 vero
1486 1169 1666 1214 Keplerns
1693 1173 1798 1203 antea
1822 1177 1886 1211 per

86 1232 207 1267 literas
233 1232 439 1276 Tychonem
466 1231 613 1274 adierat,
650 1241 827 1275 quaerens
853 1242 937 1264 num
964 1231 1083 1265 aditus
1110 1230 1155 1264 ad
1181 1228 1281 1264 illum
1310 1229 1375 1263 sibi
1400 1233 1524 1273 pateat
1550 1233 1584 1262 et
1610 1231 1778 1271 acceptus
1804 1226 1862 1261 sit.

226 1290 378 1335 Tycho
407 1290 437 1324 d.
464 1290 519 1325 20.
549 1289 713 1324 Januarii
748 1289 921 1324 Benatica
953 1289 1042 1323 haec
1074 1289 1172 1323 dedit
1204 1288 1248 1322 ad
1278 1289 1497 1332 Pragensem
1524 1287 1693 1321 amicum:
1733 1283 1887 1319 Advenit

86 1360 164 1383 cum
190 1348 264 1383 filio
290 1349 371 1383 inde
398 1360 418 1383 a
442 1349 548 1383 litore
567 1348 732 1383 Balthico
759 1347 903 1392 quidam
932 1359 949 1381 e
969 1348 1214 1382 conterraneis
1239 1346 1384 1391 nostris,
1410 1345 1461 1381 M.
1490 1345 1586 1380 Chr.
1607 1344 1886 1388 Longomon-

85 1412 221 1442 tanus
247 1407 401 1450 nomine,
429 1417 449 1441 a
465 1417 521 1441 me
539 1407 610 1440 huc
627 1410 787 1447 vocatus,
814 1405 989 1449 siquidem
1014 1405 1045 1439 is
1067 1406 1143 1449 jam
1162 1410 1279 1447 antea,
1306 1404 1390 1439 dum
1412 1404 1449 1438 in
1467 1404 1582 1438 Dania
1600 1413 1775 1447 morarer,
1801 1400 1888 1435 mihi

84 1466 119 1500 in
144 1465 263 1501 insula
287 1476 367 1500 mea
385 1465 648 1509 Uraniburgica
665 1475 730 1508 per
748 1464 953 1499 octennium
973 1464 1091 1498 fuerat
1110 1464 1328 1499 domesticus
1355 1468 1391 1498 61
1415 1464 1451 1498 111
1479 1463 1658 1498 exercitiis
1677 1461 1887 1497 astronomi-

86 1524 135 1559 cis
162 1534 307 1568 operam
334 1523 540 1568 diligentem
567 1523 669 1557 nobis
695 1523 936 1567 praestiterat.
973 1522 1039 1556 1116
1066 1533 1145 1556 611111
1171 1522 1265 1557 bona
1284 1525 1408 1557 nostra
1425 1522 1527 1556 venia
1551 1522 1703 1566 primum
1727 1520 1763 1553 in
1781 1520 1887 1554 Prus-

87 1583 173 1618 siam
200 1584 391 1628 navigavit,
419 1586 547 1627 postea
565 1581 802 1617 Rostochium
829 1582 935 1626 venit,
963 1581 1025 1616 ubi
1050 1593 1130 1616 cum
1155 1581 1388 1626 percepisset,
1413 1591 1469 1615 mc
1495 1581 1531 1615 111
1556 1591 1637 1615 arec
1656 1577 1888 1614 Ranzoviana

87 1642 308 1685 consedisse,
335 1653 390 1676 me
416 1641 510 1676 ultro
537 1641 690 1675 accessit
717 1645 752 1675 et
777 1640 961 1685 aliquanto
987 1640 1161 1684 temporis
1186 1640 1294 1675 isthic
1319 1650 1458 1674 mecum
1485 1644 1644 1674 moratus
1670 1648 1725 1672 1116
1742 1635 1887 1679 Magde-

86 1700 235 1743 burgum
262 1700 451 1735 comitatus
480 1703 549 1741 est,
586 1704 716 1743 postea
740 1699 977 1733 Rostochium
1011 1709 1194 1743 reversus,
1227 1699 1276 1733 ibi
1313 1702 1478 1732 eventum
1514 1708 1632 1732 rerum
1667 1705 1825 1730 mearum
1850 1694 1886 1727 in

85 1758 258 1792 Bohemia
294 1759 531 1803 exspectavit.
581 1758 687 1793 Nunc
723 1767 806 1792 vero
846 1757 962 1792 (1611110
1002 1758 1099 1801 apud
1136 1767 1192 1791 me
1225 1758 1437 1801 comparuit.
1496 1756 1638 1790 Placuit
1673 1753 1758 1788 mihi
1797 1752 1886 1786 haec

86 1816 190 1861 ratio,
218 1822 258 1852 ut
283 1817 370 1851 meis
397 1816 573 1851 sumtibus
599 1817 923 1859 Longomontanus
948 1816 1100 1860 Pragae,
1128 1815 1241 1850 donec
1266 1814 1319 1849 illi
1345 1815 1450 1849 aliter
1474 1822 1707 1858 prospexero,
1733 1811 1828 1845 vivat
1853 1813 1889 1844 et

85 1886 150 1920 pro
175 1886 230 1910 me
266 1885 357 1919 quae
391 1875 630 1919 praefinivero
665 1873 834 1909 elaboret.
885 1875 942 1909 Ad
975 1880 1077 1908 tuum
1110 1873 1282 1908 auxilium
1314 1883 1389 1907 rem
1414 1873 1509 1907 hanc
1542 1872 1661 1907 defero
1687 1870 1886 1914 ipsumque,

87 1933 148 1976 qui
182 1933 267 1967 mihi
304 1943 445 1977 semper
482 1933 613 1967 charus
642 1939 676 1967 et
703 1938 873 1977 acceptus
906 1932 993 1977 fuit,
1027 1932 1095 1967 tibi
1121 1931 1349 1975 commendo,
1382 1941 1516 1975 rogans
1541 1935 1576 1966 te
1602 1940 1667 1974 per
1697 1927 1885 1962 amicitiam

85 1997 256 2035 nostram,
284 1990 372 2025 velis
401 1991 443 2025 de
470 1990 692 2026 habitatione
721 1996 755 2025 et
779 1991 876 2026 victu
902 1991 970 2035 ipsi
995 1991 1223 2035 prospicere,
1250 1991 1324 2026 sive
1349 1991 1385 2026 id
1410 1991 1446 2025 in
1473 1990 1622 2034 collegio
1648 1993 1785 2031 vestro,
1812 1985 1885 2020 sive

86 2049 169 2083 alibi
195 2049 231 2084 in
256 2050 459 2093 propinquo
483 2049 560 2084 fieri
588 2054 709 2093 queat.
737 2070 779 2074 ——

226 2108 293 2143 Die
318 2109 374 2144 20.
400 2109 483 2145 Jan.
509 2109 599 2143 haec
625 2108 685 2143 dat
712 2108 864 2153 Tycho
891 2108 1185 2143 Hoffmanno:
1211 2109 1344 2151 Magno
1363 2106 1493 2152 gaudio
1512 2104 1662 2140 affectus
1690 2114 1779 2145 sum,
1806 2113 1885 2138 cum

87 2167 164 2201 heri
180 2167 320 2211 vesperi
337 2177 381 2201 ex
398 2166 485 2201 meis
505 2166 721 2209 domesticis,
747 2167 818 2202 huc
837 2167 1078 2211 (Benaticam)
1104 2167 1223 2211 Praga
1241 2166 1503 2201 revertentibus
1520 2163 1678 2209 percepi,
1704 2162 1885 2196 Illustrem

88 2226 176 2261 Gen.
204 2226 317 2260 Tuam
344 2236 388 2259 ex
413 2225 565 2260 Austria
589 2234 706 2268 nuper
731 2223 864 2258 salvam
893 2228 929 2258 et
954 2224 1170 2259 incolumem
1196 2225 1367 2260 rediisse.
1388 2252 1394 2259 .
1416 2250 1424 2259 .
1443 2252 1452 2260 .
1497 2224 1656 2266 Cumque
1681 2231 1776 2255 nunc
1800 2219 1884 2253 Pra-

89 2294 168 2328 gam
203 2284 358 2318 nobilem
385 2289 420 2319 et
445 2283 622 2318 eruditum
647 2281 931 2323 adolescentem,
960 2281 1194 2317 Franciscum
1220 2282 1498 2328 Tengnaglium,
1524 2281 1611 2316 mihi
1639 2278 1884 2318 domesticum,

88 2342 148 2385 qui
182 2345 264 2376 ante
299 2352 433 2386 paucas
467 2341 712 2376 hebdomadas
746 2351 791 2375 ex
815 2341 933 2384 patria
967 2341 1038 2375 huc
1072 2351 1237 2376 reversus
1271 2346 1342 2386 est,
1374 2352 1446 2375 una
1479 2351 1558 2374 eum
1591 2338 1665 2372 filio
1691 2347 1769 2371 meo
1797 2340 1884 2370 natu

88 2399 238 2443 majore,
265 2410 307 2433 ex
334 2410 390 2434 me
417 2400 663 2443 denominato,
697 2398 804 2433 certis
840 2398 883 2433 de
910 2399 1028 2433 causis
1054 2399 1260 2441 amandam,
1284 2410 1357 2433 non
1382 2398 1484 2443 potui
1510 2396 1766 2439 intermittere,
1800 2393 1882 2437 quin

89 2458 200 2492 hasce
231 2470 294 2501 pro
329 2458 423 2493 felici
455 2458 574 2493 reditu
606 2458 663 2493 Ill.
692 2457 780 2491 Gen.
807 2457 905 2491 Tuae
942 2457 1235 2500 congratulantes
1270 2468 1339 2490 una
1364 2456 1542 2490 mitterem
1579 2457 1684 2498 atque
1710 2453 1752 2486 iis
1779 2450 1883 2485 simul

92 2515 326 2558 injungerem,
353 2520 392 2550 ut
417 2516 532 2550 Tuam
558 2516 614 2551 Ill.
645 2516 734 2551 Gen.
762 2520 908 2559 captata
934 2515 1205 2560 opportunitate
1231 2515 1444 2549 accedentes
1472 2525 1516 2549 ex
1541 2524 1596 2547 me
1622 2510 1885 2547 officiosissime

89 2574 299 2608 salutarent.
350 2574 563 2617 Pergratum
589 2585 673 2608 vero
701 2578 765 2616 est,
792 2573 887 2617 quod
913 2573 968 2609 Ill.
996 2573 1202 2607 Dominatio
1228 2573 1306 2606 Tua
1332 2572 1567 2607 excellentem
1593 2567 1882 2603 mathematicum

87 2632 132 2666 D.
157 2632 207 2665 M.
233 2632 409 2665 tloannem
435 2631 630 2675 Keplerum
655 2632 691 2667 in
717 2643 782 2666 suo
808 2631 981 2665 comitatu
1005 2631 1076 2665 huc
1102 2631 1147 2665 ad
1172 2640 1238 2664 nos
1264 2629 1301 2663 in
1326 2629 1537 2664 Bohemiam
1568 2625 1776 2667 adduxerit,
1812 2634 1881 2666 qua

88 2690 194 2724 etiam
219 2689 255 2723 in
280 2693 384 2733 parte
409 2700 481 2723 non
506 2689 656 2724 obscure
683 2691 800 2725 elucet
824 2691 881 2724 111.
910 2691 998 2726 Gen.
1026 2691 1125 2725 Tuae
1157 2699 1243 2734 erga
1267 2687 1434 2724 sublimia
1458 2684 1521 2720 illa
1546 2687 1581 2718 et
1606 2692 1626 2716 a
1650 2681 1748 2724 vulgi
1773 2687 1880 2724 captu

196 2818 230 2861 ³³)
247 2820 361 2849 Insunt
380 2820 601 2849 bibliothecae
618 2820 793 2850 Basiliensi
814 2820 877 2850 duo
897 2820 1079 2861 volumina,
1096 2829 1235 2859 quorum
1253 2819 1392 2849 alterum
1412 2817 1559 2848 continet
1576 2815 1732 2856 epistolas
1750 2814 1879 2852 Tyeho-

94 2867 144 2897 nis
171 2867 210 2896 ad
238 2867 346 2896 varios
373 2866 528 2907 scriptas,
556 2865 696 2896 alterum
722 2865 878 2906 epistolas
903 2867 1063 2906 plurimas
1089 2866 1130 2895 ad
1155 2865 1343 2904 Tychonem
1371 2866 1478 2897 datas,
1528 2862 1693 2900 Tychonis
1720 2859 1880 2901 epistolae

93 2922 221 2950 omnes,
250 2914 395 2953 exceptis
419 2913 537 2953 paucis
564 2913 680 2944 danica
704 2911 819 2952 lingua
845 2913 995 2952 scriptis,
1028 2921 1094 2942 non
1119 2913 1226 2952 ipsius
1253 2912 1410 2941 exhibent
1434 2918 1587 2949 manum,
1614 2907 1670 2938 sed
1697 2908 1879 2948 descriptae

91 2964 167 2990 sunt
191 2969 211 2990 a
238 2960 374 2990 diversis
401 2959 580 3000 (quaedam
613 2960 666 2990 bis
691 2957 817 3000 terve),
851 2967 919 2988 una
954 2959 1053 2988 etiam
1085 2960 1208 2999 scripta
1240 2961 1288 2988 est
1313 2967 1331 2987 a
1356 2957 1497 2999 Keplero
1532 2954 1711 2985 Benaticae
1746 2954 1877 2995 (Martio

90 3015 199 3037 mense
226 3005 340 3047 1600),
366 3005 479 3036 multis
507 3007 698 3036 correcturis
724 3003 778 3045 (ab
806 3004 872 3036 alia
897 3002 1007 3044 manu)
1035 3004 1227 3038 deformata.
1270 3003 1441 3045 Epistolae
1467 3001 1607 3033 aliorum
1631 3001 1671 3031 ad
1689 3001 1877 3040 Tychonem

93 3051 189 3083 datae
214 3062 346 3084 manum
373 3053 528 3083 exhibent
554 3053 750 3093 scriptorum
776 3053 936 3092 ipsorum.
978 3051 1166 3091 Nescimus,
1190 3059 1270 3081 num
1296 3060 1409 3081 verum
1434 3050 1638 3091 suspicemur
1664 3048 1691 3078 si
1718 3048 1877 3091 dicamus,

92 3099 318 3130 collectionem
343 3100 427 3130 hanc
452 3109 522 3130 esse
549 3109 640 3141 eam,
675 3099 714 3130 de
740 3109 807 3140 qua
831 3098 995 3139 Keplerus
1022 3096 1099 3138 (vol.
1125 3098 1151 3129 I.
1177 3107 1211 3138 p.
1239 3095 1317 3140 191)
1345 3098 1441 3139 dicit,
1471 3094 1691 3128 dubitandum
1716 3103 1806 3135 esse,
1837 3105 1877 3126 an

92 3146 135 3175 sit
160 3149 258 3187 typus
282 3147 408 3188 incepti
431 3145 510 3177 libri
534 3147 576 3177 11.
602 3145 830 3188 Epistolarum
856 3144 1111 3177 continuandus.
