2126 3388
269 156 355 204 770
943 155 1027 190 vita
1050 154 1203 191 Joannis
1227 153 1390 200 Kepleri.

406 274 564 310 Primum
597 273 668 308 hoe
693 282 788 307 anno
813 271 993 316 Keplerus
1026 271 1063 306 in
1087 270 1201 306 literis
1225 270 1271 307 ad
1295 269 1530 306 Maestlinum
1562 268 1595 304 d.
1621 269 1678 305 31.
1703 268 1827 304 Martii
1852 267 1944 303 datis
1968 277 2065 303 men-

268 334 403 369 tionem
427 331 513 366 facit
539 329 716 365 sororis
742 330 835 374 (nat.
852 340 946 364 anno
967 328 1083 373 1584),
1111 339 1205 372 quae
1221 329 1376 374 posthac
1393 327 1533 372 pastori
1548 326 1706 362 Bindero
1726 326 1860 370 nupsit,
1886 326 2064 361 scribens:

273 388 404 426 Causa
442 385 538 423 mihi
581 386 712 423 nuncii
743 384 919 423 mittendi
951 383 1041 422 talis
1082 389 1159 431 est,
1199 385 1239 420 in
1280 395 1357 433 qua
1396 383 1603 432 plurimum
1635 395 1659 421 a
1690 388 1727 420 te
1754 382 1886 431 juvari
1916 388 2064 431 potero.

267 446 430 484 Ambire
464 444 603 482 dicitur
632 442 775 482 Jacobi
806 442 993 489 Kienlini,
1027 443 1091 491 qui
1123 443 1162 479 in
1193 442 1335 480 sorensi
1356 441 1488 490 platea
1507 441 1670 488 habitat,
1703 440 1828 477 affinis
1849 443 1923 478 mei
1946 451 2067 489 nepos

269 516 315 542 ex
345 503 460 541 fratre
491 513 660 540 sororem
689 514 815 540 meam
838 500 1240 550 Margaretham,
1274 511 1373 549 quae
1395 499 1546 548 Pragae
1567 511 1716 538 mecum
1747 500 1820 536 suit
1846 503 1934 536 ante
1956 499 2068 536 bien·
2125 521 2126 544 3

265 562 385 598 nium.
444 560 561 598 Patre
600 571 686 598 meo
729 561 872 598 amisso
913 570 1027 597 nemo
1068 570 1239 597 sororem
1277 570 1404 596 meam
1444 559 1604 607 propius
1645 559 1802 604 attinet,
1845 562 1882 594 et
1912 557 1945 593 si
1977 556 2068 605 quid

266 621 305 656 in
336 618 619 669 praejudicium
650 630 779 657 meum
809 618 959 667 pepigit
989 622 1112 656 mater
1141 629 1239 664 mea,
1272 628 1388 665 quam
1420 615 1537 654 audio
1569 627 1690 665 nuper
1712 615 1915 664 Tubingac
1936 614 2068 662 fuisse,

265 677 304 714 id
337 679 565 727 quantisper
596 678 691 714 citra
722 679 864 714 sororis
897 688 1099 714 assensum
1131 676 1274 713 sactum
1297 681 1366 721 est,
1399 680 1522 712 ratum
1547 685 1624 712 non
1647 674 1786 711 habco.
1839 674 1890 710 At
1911 681 1951 710 ut
1974 685 2067 711 con-

269 735 358 774 silio
391 741 429 774 et
459 737 692 773 auctoritate
723 737 865 773 sororis
903 736 1101 783 negotium
1133 745 1247 783 agam
1279 732 1446 780 utiliter,
1489 735 1580 781 quia
1617 733 1757 769 notitia
1787 732 1954 769 hominis
1985 733 2068 780 ipsc

266 804 392 842 care0,
427 805 544 844 cogor
575 806 660 831 eam
693 806 717 831 a
750 793 968 830 fautoribus
999 794 1094 831 meis
1116 797 1230 841 teque
1252 791 1438 840 imprimis
1469 797 1612 840 petere.
1653 791 1739 828 Non
1762 801 1920 839 possum
1943 791 2068 838 preci-

265 853 339 890 bus
372 851 604 890 contendere
637 851 917 898 vehemcntius,
950 863 1066 900 quam
1088 856 1170 888 ate
1191 848 1394 896 contendo,
1428 856 1469 886 ut
1491 850 1658 887 hominis
1689 849 1893 894 fortunam,
1925 848 2067 903 famam

263 912 458 960 animique
491 910 721 959 qualitates,
755 916 950 958 quatenus
980 909 1150 947 futurum
1182 909 1382 946 existimas
1414 907 1509 945 utile
1540 909 1661 945 sorori
1693 918 1815 953 meae,
1848 905 1939 943 mihi
1972 918 2068 955 ape-

266 970 356 1016 rias,
388 974 457 1007 aut
487 975 676 1018 quantum
708 970 790 1017 ipse
822 980 899 1006 non
930 972 1053 1017 potes,
1086 967 1136 1004 ab
1168 967 1303 1003 amicis
1336 965 1537 1004 commode
1561 972 1671 1015 potes
1703 971 1909 1013 tuumque,
1942 965 2068 1002 fautor

269 1028 426 1076 optime,
460 1027 663 1065 consilium
697 1026 904 1075 adjungas.
955 1025 1065 1073 Quae
1097 1026 1227 1062 omnia
1257 1025 1314 1061 uti
1345 1035 1419 1062 non
1451 1025 1587 1073 opinor
1619 1023 1752 1072 aliqua
1782 1035 1869 1061 cum
1890 1023 2068 1061 molestia

267 1084 330 1123 vel
361 1085 533 1135 periculo
565 1086 694 1132 scribi,
728 1086 781 1123 ita
812 1087 969 1133 insuper
1000 1089 1132 1121 sancte
1163 1084 1364 1132 promittO,
1399 1094 1460 1120 mc
1492 1083 1591 1120 clam
1623 1082 1858 1120 habiturum.
1922 1080 2068 1130 Opinor

267 1148 422 1192 autem,
469 1144 536 1181 tibi
586 1148 715 1181 notam
764 1155 849 1181 esse
895 1154 1019 1180 meam
1062 1142 1344 1191 integritatem,
1396 1147 1432 1178 et
1477 1140 1609 1189 vides,
1656 1140 1752 1177 nihil
1798 1152 1859 1178 me
1908 1141 2067 1186 curiose,

263 1201 360 1239 nihil
390 1207 543 1251 praeter
575 1201 782 1239 utilitatem
813 1202 957 1238 sororis
996 1211 1105 1238 meae
1147 1211 1345 1248 quaerere.
1405 1198 1580 1237 Nuneius
1622 1199 1864 1248 exspectabit
1905 1210 2069 1248 respon-

263 1271 361 1298 sum,
426 1259 525 1298 Vale
556 1258 790 1309 Praeceptor
823 1260 1059 1297 charissime.
1118 1257 1284 1306 Pragae.
1347 1257 1492 1295 Excell.
1526 1258 1636 1296 Tuae
1667 1258 1910 1307 gratissimus
1950 1257 2068 1294 disci-

263 1317 381 1368 pulus
423 1316 462 1357 J.
504 1317 663 1367 Kepler.
715 1340 773 1346 -—
833 1319 1068 1361 Maestliuus,
1103 1318 1153 1352 uti
1187 1323 1425 1353 consueverat
1464 1318 1534 1353 hoc
1567 1323 1749 1363 tempore,
1787 1318 1837 1352 nil
1871 1316 2067 1362 respondit,

265 1376 391 1425 quod,
424 1383 465 1413 ut
496 1377 621 1413 scribit
645 1378 841 1423 Keplerus,
887 1377 1078 1424 ingratam
1120 1381 1156 1411 et
1198 1374 1454 1422 periculosam
1502 1374 1606 1412 dices
1657 1376 1857 1412 materiam
1893 1374 2070 1422 responsi

264 1435 432 1472 futuram
462 1435 593 1473 fuisse.
654 1434 760 1482 Age,
795 1440 831 1471 te
862 1433 983 1472 libero
1016 1433 1089 1470 hac
1121 1433 1318 1478 molestia,
1359 1434 1486 1469 forsan
1521 1434 1622 1471 enim
1649 1433 1733 1481 jam
1766 1444 1879 1482 porro
1912 1443 2071 1470 necesse

270 1504 346 1531 non
379 1492 506 1542 esni-²)
566 1491 620 1530 At
651 1491 748 1529 illud
779 1497 891 1541 pcto,
936 1496 977 1529 ut
1008 1490 1245 1539 respondeas
1287 1490 1333 1528 de
1365 1491 1501 1539 eclipsi
1532 1491 1635 1529 Solis
1667 1497 1705 1529 et
1735 1494 1767 1528 si
1800 1493 1859 1528 vis
1892 1490 1938 1529 de
1970 1489 2068 1536 aliis,

272 1562 373 1600 quae
406 1550 496 1589 olim
537 1550 734 1600 petebam.
794 1551 875 1588 Aut
912 1560 1021 1587 sume
1061 1550 1261 1586 materiam
1302 1561 1348 1586 ex
1381 1548 1533 1598 Opticis
1576 1550 1671 1588 meis
1677 1577 1917 1590 ........
1978 1547 2070 1586 Jam

271 1621 386 1658 agam
419 1614 547 1647 tecum
577 1610 777 1658 negotium
809 1609 1016 1658 privatum.
1081 1605 1123 1655 li,
1151 1604 1212 1660 Q,
1250 1611 1278 1651 ό
1315 1607 1483 1645 absoluti
1506 1614 1613 1654 sunt,
1646 1614 1793 1645 restant
1825 1607 1912 1648 duo.
1943 1606 2071 1644 Moles

265 1667 360 1705 mihi
394 1667 615 1706 tabularum
648 1667 835 1705 incumbit
867 1668 952 1715 uni3
984 1666 1168 1704 salarium
1201 1667 1427 1714 impeditum
1461 1672 1531 1704 est.
1590 1667 1724 1716 Nuper
1754 1671 1883 1704 tamen
1916 1665 2071 1703 vinculo

267 1726 510 1764 ordinantiae
543 1738 627 1763 sum
666 1725 714 1764 ad
753 1725 881 1763 aulam
914 1724 1144 1771 adstrictus,
1185 1725 1300 1762 rebus
1332 1726 1583 1773 percuntibus
1615 1731 1652 1763 et
1682 1726 1773 1763 navi
1805 1724 1976 1774 scopulis
1998 1725 2071 1760 im-

267 1786 449 1832 minente,
484 1784 663 1822 omnibus
695 1783 743 1821 ad
777 1783 1011 1822 enatandum
1045 1783 1254 1820 discinctis.
1306 1783 1349 1819 In
1382 1782 1455 1821 hac
1488 1783 1654 1821 colluvie
1686 1783 1841 1832 indigeo
1873 1781 2070 1821 studiosis.

267 1842 379 1891 Rogo
412 1842 465 1881 H.
497 1842 542 1880 T.
576 1847 618 1880 ut
650 1843 832 1891 privatim
873 1847 911 1881 ct
941 1843 973 1880 si
1004 1842 1085 1879 fieri
1127 1847 1256 1891 potest
1295 1842 1394 1879 clam
1434 1847 1526 1890 agat
1568 1854 1653 1880 cum
1695 1842 1890 1890 aliquibus
1921 1843 2070 1890 stipen—

268 1901 412 1949 diariis,
449 1912 547 1950 quos
579 1899 739 1938 idoncos
770 1901 851 1939 sore
882 1906 998 1950 putas
1032 1906 1068 1938 ct
1100 1899 1269 1948 agilibus
1302 1901 1465 1949 ingeniis
1499 1900 1715 1949 praeditos3
1747 1899 1801 1937 nil
1831 1901 1965 1947 refert,
1999 1900 2069 1938 etsi

270 1959 367 1997 nihil
399 1964 467 1997 aut
497 1971 632 2009 parum
666 1960 703 1996 in
735 1958 900 1998 mathesi
931 1958 1184 2009 profecerint,
1227 1956 1351 1995 solam
1391 1958 1568 1996 desidero
1601 1959 1852 2008 cupiditatem
1885 1957 2069 1996 discendi.

270 2017 311 2055 Si
345 2017 390 2055 dc
423 2017 492 2055 tali
533 2017 626 2054 mihi
670 2023 821 2056 constet
862 2017 1024 2066 ejusque
1063 2028 1220 2054 manum
1264 2017 1450 2063 viderem,
1495 2017 1639 2055 adirem
1671 2030 1739 2067 per
1776 2017 1907 2055 literas
1939 2016 2069 2054 aulam

270 2075 462 2125 Principis
494 2075 848 2126 Wiirttcnbergici,
890 2087 1031 2125 rogans
1063 2084 1105 2113 ut
1137 2087 1224 2113 cum
1258 2076 1302 2111 iis
1335 2077 1549 2122 sumtibus,
1594 2077 1658 2124 qui
1692 2078 1729 2112 in
1762 2077 1887 2124 ipsum
1919 2076 2070 2124 impen-

270 2132 409 2171 duntur
441 2134 657 2184 TubIngae,
690 2134 793 2184 apud
826 2146 884 2172 me
907 2136 1040 2172 vivere
1062 2138 1270 2183 pateretur.
1309 2134 1499 2181 insolens,
1532 2134 1598 2172 scd
1623 2136 1914 2183 promissionem
1947 2133 2072 2171 habco

273 2204 297 2230 a
327 2204 467 2241 magno
500 2192 668 2241 quodam
701 2193 935 2231 consiliario.
988 2191 1065 2230 Sed
1093 2193 1206 2241 cupio
1238 2193 1344 2241 prius
1378 2192 1423 2229 de
1456 2198 1560 2229 certa
1582 2193 1750 2241 quadam
1775 2204 1941 2241 persona
1967 2192 2072 2240 ejus-

275 2262 349 2299 que
383 2250 635 2299 qualitatibns
667 2263 752 2289 esse
785 2256 933 2298 certus,
977 2263 1091 2299 quam
1133 2262 1192 2288 res
1223 2250 1354 2299 palam
1384 2250 1464 2288 fiat.
1526 2244 1726 2300 Spei-oea
1758 2256 1794 2289 te
1832 2251 2072 2288 humanitate

276 2320 372 2356 esse,
405 2315 447 2346 ut
478 2308 526 2347 ad
558 2309 631 2346 hoc
662 2310 802 2347 saltem
833 2314 1016 2358 punctum
1051 2320 1209 2346 censeas
1239 2307 1562 2357 respondendum.
1597 2309 1707 2347 Vale.
1745 2302 1920 2347 10.J'un.
1948 2313 2069 2347 1606.

274 2370 362 2405 Cum
385 2370 598 2404 Maestlinus
625 2381 696 2405 nou
721 2369 946 2413 rescriberet,
973 2367 1152 2413 Kepierus
1181 2379 1323 2412 quoque
1341 2368 1536 2415 obmutuit3
1563 2371 1727 2415 proxima
1744 2370 1859 2415 ipsius
1877 2370 1923 2405 ad
1939 2370 2072 2405 Maest-

273 2428 386 2464 linum
412 2428 506 2472 data,
531 2439 621 2472 quae
647 2433 824 2472 superest,
853 2419 1179 2473 epist01;1‚‘scripta
1206 2432 1259 2462 est
1285 2438 1377 2462 anno
1406 2429 1504 2464 1013.

411 2486 560 2522 Librum
587 2487 630 2522 de
657 2486 807 2521 Stella
832 2487 955 2521 Nova
988 2486 1058 2520 1100
1093 2496 1184 2519 anuo
1217 2485 1354 2521 editum
1388 2497 1468 2521 esse
1505 2485 1805 2532 supradiximus,
1853 2487 1895 2521 In
1920 2487 2073 2532 epistola

278 2545 497 2581 dedicatoria
522 2544 567 2579 ad
592 2545 850 2590 Imperatorem
883 2543 1118 2595 Rudolphum
1143 2543 1241 2588 (data
1276 2544 1412 2589 „pridie
1445 2545 1568 2580 Nonas
1604 2544 1874 2590 Septembi·es“)
1906 2546 1995 2581 haec
2029 2545 2072 2581 de

417 2668 450 2712 >³)
477 2669 611 2701 Besoldi
647 2679 781 2712 quoque
814 2670 976 2701 auxilium
1010 2671 1149 2711 petiisse
1174 2671 1353 2711 Kepierum
1379 2671 1412 2701 in
1440 2682 1473 2701 re
1507 2671 1745 2702 matrimoniali
1777 2672 1914 2713 sororis,
1947 2681 1987 2702 ex
2013 2672 2072 2702 hac

285 2717 419 2749 Besoldi
444 2718 660 2758 responsione
685 2720 842 2758 apparet:
862 2742 868 2748 .
890 2743 896 2749 .
921 2742 928 2749 .
946 2743 954 2749 .
997 2717 1095 2756 Quod
1122 2727 1193 2747 cum
1219 2718 1410 2748 testimonio
1438 2719 1569 2749 certiori
1596 2727 1663 2748 una
1681 2719 1855 2749 consilium
1883 2720 1917 2748 in
1943 2728 1976 2748 re
2001 2722 2070 2748 tam

279 2765 382 2795 ardua
405 2773 426 2794 a
451 2774 501 2795 me
528 2765 665 2805 expetis,
692 2773 752 2805 pro
779 2763 924 2793 amicitia
959 2765 1063 2802 magis
1088 2767 1202 2794 nostra
1227 2774 1324 2804 quam
1351 2765 1526 2804 prudentia
1552 2765 1649 2806 facis,
1684 2775 1720 2795 ac
1747 2766 1802 2807 ita,
1828 2775 1915 2806 quae
1941 2766 2068 2806 impru-

281 2811 394 2842 denter
418 2810 529 2841 forsan
563 2811 801 2852 superaddam,
834 2813 870 2840 ut
895 2819 916 2840 a
941 2811 1081 2841 candido
1114 2814 1146 2840 et
1179 2813 1304 2851 optimo
1338 2813 1489 2852 profes-ta
1524 2813 1636 2842 animo
1673 2812 1776 2851 habe,
1811 2821 1850 2842 ac
1881 2813 1983 2851 scias,
2020 2821 2071 2842 me

281 2856 455 2888 alutarium
482 2857 596 2898 illum,
629 2859 686 2897 qui
712 2867 854 2888 sororem
889 2861 979 2888 tuam
1004 2859 1037 2887 iu
1063 2858 1314 2888 matrimonium
1339 2862 1446 2899 amat,
1481 2868 1546 2889 non
1572 2859 1662 2889 intus
1697 2867 1757 2888 nec
1782 2868 1916 2898 prorsus
1940 2859 2006 2889 nisi
2032 2858 2071 2888 de

279 2903 365 2935 facie
391 2914 536 2936 noscere.
585 2904 631 2934 Ea
656 2914 716 2945 pro
741 2908 861 2941 aetate,
887 2914 973 2945 quac
1001 2905 1302 2946 opportunissima,
1329 2907 1383 2935 'sat
1408 2915 1572 2947 superque
1599 2905 1747 2947 elegans,
1775 2909 1899 2936 statura
1922 2915 2071 2946 procera,

282 2960 400 2990 corpus
425 2954 588 2991 vegetum,
615 2951 670 2981 sed
695 2951 788 2990 lepos
818 2950 864 2987 (ut
889 2961 1004 2992 parum
1031 2950 1160 2989 elegans
1188 2952 1366 2981 formarum
1393 2962 1466 2982 sum
1494 2951 1669 2993 spectator)
1695 2953 1729 2982 in
1748 2956 1840 2990 gestu
1865 2951 2070 2993 aliquantum

284 2995 406 3030 deficit,
433 3002 547 3038 estque
573 2998 671 3027 nimis
695 2996 914 3027 ridiculorum
940 3007 1077 3027 morum
1129 2998 1284 3027 Animum
1310 2999 1389 3029 haec
1415 3001 1626 3037 agrestiorem
1650 2999 1750 3039 paulo
1778 3002 1903 3040 notare,
1930 3008 1996 3029 non
2023 3002 2071 3027 est

284 3042 372 3082 quod
396 3047 428 3073 te
453 3045 729 3083 physiognomum
754 3053 914 3076 moneam.
963 3044 1140 3085 Fortunae,
1166 3049 1203 3074 ut
1227 3048 1326 3084 puto,
1364 3050 1495 3079 tenues.
1533 3046 1590 3076 sed
1615 3046 1790 3086 ampliores
1815 3045 2009 3087 acquirendi
2035 3048 2072 3074 ut

287 3089 418 3126 quidem
444 3091 590 3131 occasio,
628 3090 677 3121 ita
706 3094 841 3131 propter
872 3091 1027 3121 inertiam
1061 3100 1136 3131 spes
1172 3094 1221 3121 est
1254 3101 1320 3121 non
1350 3093 1398 3123 ita
1430 3093 1548 3133 ampla.
1599 3092 1710 3123 Nolim
1743 3096 1853 3123 tamen
1883 3093 1918 3122 id
1949 3095 2070 3122 temere

288 3134 408 3175 credaS,
434 3145 492 3166 nee
518 3138 604 3166 enim
631 3138 779 3178 inspecta
805 3140 837 3167 et
861 3138 1014 3168 mihimet
1030 3141 1201 3178 comperta
1226 3139 1378 3179 0111111010,
1403 3139 1461 3170 sed
1479 3149 1519 3170 ex
1535 3137 1642 3170 relatu
1668 3140 1781 3171 uxoris
1806 3148 1896 3170 meae
1921 3138 2007 3174 dico,
2027 3155 2070 3162 --
