2126 3388
198 164 282 209 968
875 162 958 198 Vita
982 161 1132 197 Joannis
1155 161 1312 206 Kepleri.

200 285 395 335 „Fortuna
426 281 513 330 plus
546 292 661 329 quam
693 278 859 318 crudelis
891 280 1066 317 inducias
1103 291 1178 318 non
1218 279 1418 317 concessit.
1478 278 1582 316 Nihil
1624 278 1779 328 quidem
1818 279 1978 328 periculi

198 342 387 391 corporis,
420 338 513 375 nihil
547 339 651 375 vitae
684 349 853 375 meorum
886 339 1079 385 imminet,
1112 343 1150 376 et
1180 349 1282 375 vana
1313 337 1408 374 haec
1439 336 1572 374 nubila
1603 336 1780 385 dispellet
1810 337 1980 375 clarissi-

198 412 282 437 mus
315 397 488 435 veritatis
527 394 668 434 radius.
729 396 779 432 At
811 397 909 443 perit
950 396 1061 433 nobis
1101 395 1231 433 recula
1269 399 1399 432 nostra
1439 394 1633 442 funditus3
1675 394 1836 432 necdum
1877 397 1977 433 enim

196 458 293 495 finiri
323 459 450 504 potest
481 450 721 501 processus.“
776 452 980 490 Nonnullis
1011 454 1121 490 annis
1152 459 1240 501 post
1272 454 1422 500 (1623)
1455 452 1501 489 de
1533 451 1680 489 edenda
1711 464 1782 489 sua
1815 451 1979 500 „Astro-

197 515 325 552 nomia
346 511 514 548 Lunari“
549 510 644 548 haee
676 510 741 547 dat
762 511 1027 559 Berneggero:
1061 510 1171 548 Anne
1195 511 1388 559 egregium
1418 510 1585 557 facinus,
1619 509 1835 559 cyclopicos
1865 510 1978 559 hujus

201 571 382 619 temporis
415 579 538 605 mores
567 569 667 605 vivis
700 568 892 605 coloribus
925 568 1152 617 depingere,
1185 568 1251 606 sed
1285 568 1474 605 cautionis
1506 579 1622 605 eausa
1654 569 1762 605 terris
1793 579 1877 605 cum
1910 569 1977 606 tali

196 629 401 676 scriptione
434 625 617 663 excedere
649 627 763 673 inque
786 626 935 663 Lunam
966 625 1177 664 secedere?
1219 625 1464 674 Quamquam
1486 625 1577 674 quid
1601 626 1840 674 tergiversari
1860 625 1979 674 juva-

202 686 289 724 bit?
331 684 492 721 Missam
524 684 641 732 igitur
672 685 828 732 penitus
859 684 1046 722 faciamus
1075 685 1200 733 picem
1222 683 1323 721 hanc
1343 682 1539 732 politicam
1572 695 1719 732 nosque
1750 684 1982 721 inamoenis

198 741 466 793 philosophiae
501 742 632 778 viretis
664 740 777 790 plane
810 742 1115 780 contineamus.“

333 799 423 837 Jam
457 804 571 836 antea
602 799 794 847 Keplerus
827 800 1112 849 Berneggerum
1153 800 1309 848 saepius
1349 811 1417 849 per
1446 799 1577 836 literas
1620 799 1768 836 adierat
1800 798 1981 836 Austria-

198 869 327 896 corum
358 857 556 894 Nobilium
589 858 762 904 nomine,
796 859 861 906 qui
893 858 981 895 filiis
1015 858 1259 906 Argentorati
1292 857 1500 906 hospitium
1534 858 1782 905 quaerebant.
1844 856 1978 894 Eidem

198 926 298 954 anno
335 919 444 953 1624
474 914 649 952 Lincium
681 926 836 952 reverso
869 927 953 953 cum
986 916 1109 953 simile
1143 915 1325 964 quiddam
1357 915 1579 952 mandatum
1612 920 1731 960 esset,
1774 926 1849 952 non
1881 915 1980 952 alie-

197 985 286 1011 num
308 984 390 1011 esse
413 972 576 1018 videtur,
610 973 813 1021 epistolam
834 973 1077 1022 Berneggero
1099 975 1291 1022 scriptam,
1325 974 1434 1022 cujus
1463 974 1588 1009 exitus
1610 972 1686 1010 vol.
1711 972 1798 1010 VII.
1821 985 1858 1021 p.
1886 977 1980 1011 141.

198 1031 339 1069 allatus
381 1035 457 1076 est,
501 1030 575 1067 hoc
615 1031 701 1068 loco
742 1030 895 1069 addere.
958 1032 1062 1069 Data
1102 1036 1159 1068 est
1189 1031 1312 1068 Lineii
1345 1031 1380 1068 d.
1417 1035 1481 1068 29.
1515 1030 1646 1067 Martii
1677 1037 1714 1068 et
1745 1031 1979 1079 Berneggeri

202 1088 408 1138 respondet
437 1088 559 1125 literis
591 1088 625 1125 d.
663 1092 725 1126 14.
758 1088 969 1126 Februario
1003 1089 1114 1136 datis,
1149 1090 1290 1137 quibus
1322 1088 1383 1126 hic
1415 1087 1620 1125 nonnullos
1653 1087 1699 1125 de
1721 1088 1832 1126 Luna
1862 1088 1980 1126 libros

197 1147 326 1193 affert,
370 1156 467 1195 quos
507 1145 698 1195 Keplerus
741 1145 790 1183 ad
831 1147 1117 1185 Astronomiam
1158 1147 1349 1184 Lunarem
1392 1146 1578 1184 edendam
1621 1147 1744 1195 possit
1786 1146 1980 1185 adhibere.

197 1205 357 1253 Scripsit
395 1208 525 1242 autem
561 1204 674 1241 haec:
723 1203 827 1252 Quas
871 1204 919 1242 ad
953 1217 1011 1243 me
1054 1204 1193 1243 dedisti
1233 1204 1362 1242 literas
1405 1204 1687 1242 Miitscheliuus
1727 1203 1877 1242 demum
1912 1207 1979 1242 28.

201 1263 331 1300 Martii
365 1261 542 1299 reddidit.
594 1260 844 1311 Opportunus
876 1262 1084 1300 admodum
1115 1263 1187 1300 fuit
1217 1262 1300 1311 ejus
1331 1262 1535 1300 adventus.
1586 1262 1683 1299 Nam
1722 1261 1856 1300 eadem
1887 1262 1982 1300 hora

201 1321 336 1358 certior
369 1331 453 1356 sum
485 1318 668 1366 redditus,
701 1320 944 1357 tabellarium
978 1321 1290 1369 Eserdingensem
1329 1320 1377 1358 ad
1413 1331 1480 1357 vos
1514 1321 1666 1358 iturum.
1729 1320 1825 1357 Cum
1867 1321 1982 1368 igitur

198 1377 258 1415 Ill.
292 1383 329 1415 et
361 1376 457 1417 Gen.
492 1377 541 1415 D.
574 1378 622 1415 D.
656 1378 838 1415 Erasmus
870 1380 1008 1426 senior,
1040 1379 1082 1416 L.
1115 1379 1157 1418 B.
1189 1390 1211 1416 a
1243 1378 1475 1427 Starenberg
1506 1379 1545 1414 in
1568 1377 1749 1425 Riedeck,
1781 1377 1983 1427 Wildperg

199 1441 236 1474 et
263 1435 513 1483 Lobenstein,
547 1434 762 1472 Comitatus
785 1435 1089 1485 Schaunburgici
1122 1442 1160 1474 et
1190 1437 1287 1473 arcis
1318 1436 1548 1484 Eferdingae
1571 1436 1773 1482 Dominus,
1806 1439 1843 1473 in
1871 1447 1983 1474 man-

200 1494 299 1532 datis
331 1493 423 1530 mihi
456 1492 614 1540 dederit,
648 1490 719 1530 G²³³
752 1493 811 1531 Sae
844 1496 997 1532 nomine
1031 1494 1079 1532 ad
1111 1500 1147 1532 te
1179 1499 1220 1531 ut
1241 1494 1456 1541 scriberem,
1488 1493 1737 1531 Miitschelini
1768 1495 1983 1543 praesentis

202 1552 247 1589 de
279 1556 315 1589 te
348 1552 516 1588 narratio
548 1550 672 1589 lucem
703 1553 798 1589 mihi
829 1552 1029 1601 praetulit,
1074 1551 1165 1601 quid
1197 1552 1267 1590 abs
1300 1556 1336 1589 te
1369 1564 1436 1600 spe
1468 1563 1542 1589 uon
1583 1553 1688 1590 irrita
1728 1554 1806 1601 peti
1837 1556 1982 1601 posset.

199 1609 297 1648 Sunt
328 1609 384 1646 illi
424 1620 537 1658 quem
570 1609 648 1646 dixi
680 1609 823 1647 Baroni
865 1610 933 1647 filii
966 1610 1060 1657 duo,
1103 1609 1195 1648 Joh.
1228 1603 1444 1647 Richardus
1487 1615 1524 1647 et
1557 1609 1746 1659 Georgius
1779 1610 1981 1656 Henricus‚

200 1667 264 1705 ille
290 1671 353 1714 16,
384 1667 455 1704 iste
482 1670 531 1705 15
555 1678 753 1714 annorum,
785 1667 921 1705 florida
942 1673 1102 1716 uterque
1126 1667 1399 1715 adolescentia,
1424 1668 1706 1705 luxuriantibus
1729 1669 1983 1713 incrementis,

199 1725 329 1762 indole
360 1736 567 1774 generosa,
599 1726 752 1773 ingenio
784 1727 867 1763 miti
900 1730 938 1764 et
968 1726 1182 1773 tractabili,
1215 1727 1384 1763 moribus
1417 1727 1663 1774 incorruptis,
1709 1732 1750 1763 ut
1782 1728 1848 1775 qui
1881 1725 1984 1764 domi

199 1785 237 1819 in
268 1787 476 1831 conspectu
500 1787 700 1832 parentum
723 1783 1107 1832 prudentissimorum
1141 1789 1178 1821 et
1210 1785 1246 1820 in
1268 1784 1534 1833 praesentibus
1566 1785 1742 1821 fortunae
1774 1785 1983 1822 saevientis

198 1840 406 1878 insultibus
436 1842 618 1890 pietatem
652 1842 761 1879 unice
794 1841 1000 1879 colentium
1024 1841 1246 1879 educantur.
1289 1842 1517 1890 Magistrum
1540 1841 1683 1879 habent
1717 1843 1837 1879 virum
1869 1842 1984 1879 seda-

199 1903 296 1946 tum,
340 1904 492 1936 tuarum
535 1899 673 1936 artium
715 1899 901 1937 cultorem
942 1904 979 1937 et
1016 1905 1245 1937 sectatorem
1283 1911 1360 1938 nou
1403 1900 1612 1946 infelicem,
1656 1901 1721 1948 qui
1765 1899 1908 1938 dudum
1947 1901 1985 1936 in

200 1958 383 1995 comitatu
416 1956 717 1994 Tscheruemelii
759 1958 921 1995 Bai-onis
965 1956 1131 1995 Galliam
1174 1957 1281 1995 vidit.
1343 1957 1427 1995 Hos
1459 1962 1584 2006 pater,
1626 1959 1819 2005 profectus
1853 1969 1985 1996 eorum

199 2014 482 2063 cupidissimus,
517 2014 660 2051 diutius
692 2015 871 2062 equidem
903 2028 1017 2064 quam
1051 2017 1132 2064 ipse
1167 2015 1295 2061 vellet,
1328 2027 1396 2064 spe
1429 2020 1555 2053 tamen
1590 2015 1783 2054 eluctandi
1812 2017 1917 2065 prius
1939 2028 1985 2053 ex

200 2073 408 2110 infortunio
439 2073 519 2121 jam
551 2072 750 2120 triennali,
786 2073 886 2110 domi
920 2075 1128 2120 continuit3
1171 2073 1239 2111 sed
1272 2084 1356 2111 cum
1389 2072 1537 2111 videret
1568 2079 1735 2111 aetatem
1768 2075 1859 2123 ipsis
1891 2073 1983 2120 labi,

199 2130 353 2169 tandem
392 2130 441 2167 ad
480 2141 550 2168 vos
583 2131 811 2168 emittendos
842 2133 995 2179 statuit,
1040 2138 1082 2168 ut
1123 2133 1531 2180 ingeniiffmorumque
1570 2131 1756 2169 culturam
1802 2132 1985 2180 majorem

199 2188 302 2238 apud
344 2193 494 2226 exteros
535 2190 708 2237 interque
754 2188 1007 2237 frequentiam
1050 2189 1221 2238 aliquam
1262 2189 1475 2226 nobilitatis
1518 2189 1770 2227 Germanicae
1818 2191 1984 2239 capiant.

202 2247 298 2284 Cum
329 2251 458 2284 autem
490 2250 527 2284 et
558 2246 606 2283 ab
639 2246 725 2284 aliis
757 2252 794 2283 et
825 2260 848 2284 a
880 2259 950 2295 me,
985 2249 1049 2296 qui
1082 2247 1331 2296 quotidianus
1353 2249 1474 2296 ipsius
1497 2259 1581 2284 sum
1604 2247 1764 2296 hospes,
1799 2252 1885 2285 tuas
1906 2249 1986 2285 vir-

204 2310 307 2342 tutes
340 2316 364 2341 a
394 2304 515 2342 multo
548 2309 718 2353 tempore
750 2304 923 2343 audisset
952 2305 1184 2354 praedicari,
1223 2311 1390 2353 tuaeque
1423 2305 1647 2343 eruditionis
1680 2306 1916 2354 affectusque
1947 2306 1985 2341 in

199 2364 388 2412 patriam,
433 2364 470 2398 in
512 2363 713 2411 pietatem,
756 2364 793 2398 in
833 2363 962 2401 studia
1005 2364 1168 2401 honesta
1209 2365 1509 2412 experimentum
1543 2375 1587 2401 ex
1619 2365 1877 2401 monumentis
1909 2365 1986 2401 tuis

198 2421 380 2458 literar-iis
412 2420 667 2470 percepisset,
710 2421 924 2469 rogandum
956 2427 992 2460 te
1024 2422 1097 2459 hoc
1129 2432 1213 2459 meo
1244 2420 1348 2470 stylo
1380 2423 1549 2468 censuit,
1582 2423 1637 2458 uti
1668 2421 1756 2458 filiis
1789 2423 1868 2459 suis
1900 2433 1987 2468 cum

199 2480 383 2527 magistro
415 2477 597 2515 Fischer-o
630 2483 667 2516 ct
699 2489 775 2515 uno
807 2481 980 2518 ministro
1023 2480 1225 2529 probitatis
1268 2478 1491 2527 exploratae
1524 2479 1801 2517 habitationem
1841 2482 1877 2516 in
1911 2481 1986 2517 tuis

202 2536 377 2581 aedibus,
412 2547 435 2573 a
466 2535 606 2583 quibus
638 2547 790 2573 omnem
824 2539 943 2575 arceri
974 2537 1173 2575 levitatem
1207 2542 1506 2574 cousentaneum
1540 2542 1619 2584 est,
1653 2538 1875 2586 victumque
1905 2538 1986 2574 fru-

199 2593 337 2642 galem,
369 2593 564 2630 nobilibus
604 2593 787 2631 studiosis
819 2597 1110 2633 convenientem
1149 2591 1206 2648 (in
1238 2606 1314 2644 quo
1347 2595 1642 2643 commensales,
1687 2596 1752 2644 qui
1789 2595 1984 2634 literarum

201 2664 317 2689 causa
347 2656 569 2700 praesentes
602 2656 722 2698 erunt,
755 2664 830 2690 non
862 2658 1041 2691 recusant
1071 2652 1138 2690 sed
1171 2654 1373 2701 expetunt)
1407 2653 1642 2703 suppedites.
1697 2653 1756 2691 Ab
1787 2654 1871 2703 ipso
1895 2664 1985 2690 vero

205 2709 403 2747 Generoso
435 2714 593 2760 parente
626 2711 789 2759 pretium
817 2710 965 2759 justum
998 2717 1036 2748 et
1067 2712 1273 2757 usitatum,
1305 2722 1376 2749 nec
1407 2713 1507 2749 enim
1540 2713 1576 2748 in
1609 2712 1801 2761 praesenti
1832 2711 1986 2749 fortuna

198 2768 409 2816 jactantius
449 2766 596 2816 aliquid
628 2766 741 2814 dicit,
783 2771 944 2819 tempori
983 2773 1110 2806 tamen
1144 2773 1181 2806 et
1212 2770 1313 2806 bona
1344 2768 1418 2807 fide
1451 2769 1728 2807 numerandum
1771 2773 1981 2817 exspectes.

204 2825 447 2873 Quamquam
480 2837 571 2863 vero
603 2836 679 2862 non
713 2825 881 2872 dubitat,
923 2832 959 2865 te
991 2832 1189 2876 spectatae
1223 2828 1372 2864 virtutis
1414 2828 1535 2864 virum
1568 2828 1682 2866 facile
1713 2837 1985 2865 consensurum

201 2882 509 2932 laetaturumque
542 2882 588 2920 de
620 2885 780 2922 materia
812 2885 882 2921 tibi
915 2885 1048 2922 oblata
1079 2885 1174 2922 bene
1207 2884 1252 2922 de
1285 2885 1408 2935 patria
1450 2885 1638 2931 merendi,
1682 2884 1770 2922 dum
1802 2885 1838 2920 in
1872 2895 1985 2921 exor-

202 2940 337 2977 nandis
370 2940 452 2988 ejus
475 2941 705 2990 praecipuae
727 2942 941 2980 nobilitatis
968 2943 1179 2991 juvenibus
1203 2954 1358 2992 operam
1380 2944 1560 2991 erogatis,
1594 2942 1717 2980 voluit
1738 2947 1863 2979 tamen
1886 2941 1985 2980 hanc

206 2997 417 3035 voluntatis
449 3009 542 3035 suae
574 2998 896 3046 significationem
928 3012 995 3050 per
1025 3012 1084 3038 me
1116 3002 1322 3050 praemitti,
1356 3007 1393 3038 et
1424 3006 1466 3037 ut
1496 3000 1586 3038 filiis
1616 3001 1716 3045 suis,
1749 3004 1837 3049 post
1866 3011 1983 3036 unum

205 3065 372 3092 mensem
414 3057 653 3103 sequuturis,
695 3062 871 3106 paratum
902 3059 951 3095 sit
993 3058 1224 3108 hospitium,
1270 3064 1308 3096 et
1337 3063 1379 3096 ut
1409 3057 1529 3096 literis
1571 3058 1772 3096 occasione
1810 3059 1985 3106 proxima

204 3113 395 3162 rescriptis
434 3117 543 3154 tuum
575 3114 691 3152 etiam
723 3125 952 3155 consensum
984 3127 1102 3164 quam
1131 3117 1349 3155 maturrime
1391 3117 1541 3154 testeris
1579 3116 1805 3167 animosque
1844 3127 1984 3165 paren-
