2126 3388
894 144 993 180 1597.
1747 139 1830 185 697

38 276 120 311 nec,
154 263 306 303 credere
339 264 461 302 velint
492 276 539 302 an
572 276 669 311 non,
709 274 878 312 unquam
911 275 1041 302 seeum
1073 263 1147 313 ipsi
1179 264 1360 311 cogitant.
1422 263 1538 300 Docti
1577 260 1829 308 mediocriter,

39 334 115 371 quo
147 328 237 360 sunt
266 323 545 372 prudentiores,
579 323 652 360 hoc
683 325 832 359 cautius
864 334 947 360 sese
979 324 1194 360 immiscent
1223 321 1328 359 hisce
1360 321 1720 359 mathematicorum
1751 319 1831 356 liti-

40 382 124 419 bus.
177 380 278 429 Quin
302 384 378 419 imo
401 382 579 419 fascinari
613 385 792 430 possunt,
826 381 929 430 quod
963 385 1142 429 expertus
1174 380 1323 429 loquor,
1357 382 1586 418 auctoritate
1609 378 1830 415 matheseos

38 441 267 488 peritornm3
307 445 347 477 ut
387 452 472 477 cum
504 440 687 486 audiunt,
730 451 827 488 quas
866 440 947 486 jam
989 440 1200 477 habeamus
1232 438 1507 488 Ephemerides
1548 451 1593 476 cx
1627 437 1830 486 Copernici

37 497 318 548 hypothesibus
364 504 574 544 extructas,
622 500 841 548 quicunque
887 497 1001 536 hodic
1044 498 1214 536 scribant
1250 496 1526 546 Ephcmerides
1578 496 1831 545 Copernicum

40 567 173 594 omnes
205 558 326 605 sequi,
361 562 402 594 ut
433 568 518 594 cum
550 557 598 594 ab
632 557 725 606 ipsis
757 556 988 606 postulatur,
1023 561 1064 593 ut
1095 555 1326 602 concedant,
1357 555 1461 604 quod
1494 556 1646 592 nonnisi
1678 555 1714 590 in
1747 566 1832 591 ma-

39 614 137 652 thesi
179 615 362 653 institutis
401 615 653 653 demonstrari
694 617 834 664 possit,
877 615 1144 664 phaenomena
1185 616 1267 652 sine
1297 620 1405 651 motu
1437 614 1578 651 Terrae
1620 613 1831 651 consistere

39 684 114 710 non
148 685 274 722 posse.
325 671 429 712 Nam
471 675 542 711 etsi
584 673 680 711 haec
710 673 908 722 postulata
951 673 1010 710 vel
1045 675 1299 722 pronunciata
1329 684 1407 710 non
1439 676 1528 709 sunt
1559 672 1830 717 demonstrata,

39 735 128 768 sunt
167 737 294 769 tamen
332 744 354 768 a
395 743 470 769 non
513 732 795 769 mathematicis
836 731 1095 769 concedenda.
1165 732 1338 780 Cumque
1381 733 1456 767 sint
1499 742 1613 776 vera,
1655 741 1720 767 cur
1757 739 1833 766 non

40 800 107 839 pro
141 790 440 827 irrefutabilibus
474 789 798 827 obtruderentur?
849 790 1012 827 Restant
1044 791 1158 838 igitur
1190 790 1262 826 soli
1294 789 1568 835 mathematici,
1603 789 1832 837 quibuscum

40 848 177 896 majori
208 848 340 886 labore
372 849 509 897 agitur.
573 848 606 884 Ii
639 861 724 886 cum
757 859 894 885 nomen
935 848 1021 885 inde
1053 848 1246 893 habeant,
1279 859 1354 884 non
1389 846 1605 884 concedunt
1636 846 1834 895 postulata

40 908 122 944 sine
145 905 484 945 demonstratione.
537 905 708 955 Quorum
742 918 817 955 quo
841 907 1052 955 imperitior
1073 907 1249 956 quisque,
1282 906 1354 943 hoc
1386 905 1471 955 plus
1494 905 1639 953 negotii
1662 905 1832 942 facessit.

42 965 302 1003 Veruntamen
336 970 374 1003 et
405 965 467 1003 hic
497 965 706 1003 remedium
739 965 924 1003 adhibere
955 970 1084 1013 potest
1122 963 1304 1004 solitudo.
1366 964 1435 1000 Est
1471 964 1507 999 in
1541 963 1713 1012 quolibet
1746 962 1832 999 loco

42 1023 337 1061 mathematicus
369 1035 490 1072 unus3
535 1023 573 1060 id
608 1024 672 1061 ubi
714 1027 788 1070 est,
833 1025 1018 1072 optimum
1052 1027 1122 1061 est.
1184 1023 1284 1059 Tum
1314 1022 1346 1059 si
1378 1022 1497 1059 habet
1536 1021 1629 1059 alibi
1661 1021 1831 1059 locorum

42 1083 234 1131 opinionis
266 1083 424 1128 socium,
458 1082 588 1120 literas
621 1083 669 1120 ab
702 1083 786 1131 ipso
820 1083 1013 1131 impetret,
1048 1093 1124 1131 qua
1156 1083 1304 1119 ratione
1335 1081 1557 1118 monstratis
1589 1080 1709 1118 literis
1741 1077 1834 1130 (quo

41 1152 190 1178 rursum
222 1142 337 1178 etiam
370 1140 462 1177 mihi
493 1145 583 1178 tuae
615 1138 790 1189 prosunt)
824 1142 1044 1189 opinionem
1076 1141 1176 1178 hanc
1208 1140 1404 1177 inanimis
1437 1139 1635 1176 doctorum
1668 1139 1835 1175 excitare

41 1204 187 1247 potest,
233 1201 343 1248 quasi
384 1211 515 1236 omnes
556 1199 727 1247 undique
767 1199 1004 1247 professores
1036 1199 1314 1236 mathematum
1356 1199 1626 1235 consentirent.
1688 1197 1834 1233 Verum

42 1257 134 1306 quid
167 1257 299 1295 fraude
332 1269 429 1306 opus
462 1256 548 1295 est?
601 1257 760 1294 Confido
783 1257 935 1295 Galilee
958 1262 995 1295 et
1016 1257 1257 1307 progredere.
1311 1256 1349 1294 Si
1384 1257 1480 1294 bene
1502 1256 1688 1304 conjecto,
1720 1255 1836 1304 pauci

42 1315 88 1353 de
120 1316 338 1365 praecipuis
370 1316 551 1365 Europae
587 1315 872 1354 mathematicis
911 1329 933 1354 a
965 1317 1078 1353 nobis
1117 1315 1296 1353 secedere
1340 1315 1489 1353 volent:
1533 1318 1640 1351 tanta
1681 1314 1738 1350 vis
1779 1317 1835 1350 est

41 1376 227 1412 veritatis.
280 1374 321 1411 Si
352 1375 422 1411 tibi
455 1374 570 1412 Italia
600 1375 726 1412 minus
759 1380 818 1412 est
849 1374 988 1412 idonea
1020 1375 1068 1412 ad
1090 1373 1394 1424 publicationem
1426 1379 1462 1411 et
1493 1374 1524 1410 si
1558 1372 1690 1421 aliqua
1720 1371 1836 1409 habi-

40 1438 148 1470 turus
181 1444 221 1469 es
252 1432 541 1482 impedimenta,
573 1433 701 1470 forsan
735 1432 944 1471 Germania
974 1433 1087 1471 nobis
1119 1433 1218 1470 hanc
1249 1432 1465 1470 libertatem
1498 1430 1695 1470 concedet.
1758 1429 1835 1467 Sed

41 1490 87 1529 de
119 1491 177 1528 his
209 1492 317 1528 satis.
378 1490 438 1528 Tu
470 1491 609 1529 saltem
646 1493 797 1541 scriptis
838 1492 931 1529 mihi
972 1493 1214 1530 communica
1254 1492 1455 1540 privatim,
1501 1491 1532 1527 si
1571 1490 1726 1538 publice
1757 1500 1835 1526 non

40 1550 178 1599 placet,
211 1551 242 1586 si
275 1548 367 1598 quid
398 1551 436 1586 in
469 1549 670 1599 Copernici
704 1550 948 1588 commodum
979 1551 1174 1588 invenisti.

178 1608 289 1646 Nunc
319 1608 389 1645 abs
419 1613 458 1646 te
489 1609 618 1657 placet
650 1608 798 1657 aliquid
830 1609 1146 1647 observationum
1178 1608 1397 1657 postulare:
1441 1607 1589 1645 scilieet
1619 1605 1734 1653 mihi,
1769 1607 1833 1654 qui

39 1667 300 1704 instrumentis
340 1678 469 1713 careo,
511 1667 811 1716 confugiendum
854 1667 992 1705 estad
1025 1668 1135 1706 alios.
1198 1666 1331 1704 Habes
1372 1665 1645 1715 quadrantem,
1688 1666 1724 1700 in
1758 1676 1834 1713 quo

38 1727 164 1774 possis
198 1729 331 1762 notare
363 1724 517 1773 singula
547 1725 730 1774 scrupula
760 1727 883 1775 prima
915 1730 952 1764 et
984 1726 1219 1775 quadrantes
1250 1724 1488 1774 primorum?
1523 1723 1699 1761 Observa
1721 1723 1836 1771 igitur

39 1785 139 1821 circa
174 1788 237 1822 19.
270 1783 365 1821 Dec.
409 1783 577 1821 futurum
617 1784 859 1822 altitudinem
902 1784 1117 1823 eductionis
1157 1784 1305 1822 caudae
1349 1785 1386 1818 in
1420 1781 1518 1820 Ursa
1559 1782 1765 1819 maximam
1799 1785 1835 1819 et

38 1844 235 1879 minimam
269 1842 403 1879 eadem
435 1847 559 1880 nocte.
622 1842 687 1880 Sic
718 1844 818 1881 circa
841 1847 908 1882 26.
932 1843 1025 1883 Dec.
1060 1844 1226 1881 observa
1257 1841 1432 1879 similiter
1464 1845 1666 1889 utramque
1698 1839 1835 1877 stellae

39 1901 182 1950 polaris
215 1900 470 1938 altitudinem.
534 1900 701 1937 Primam
733 1901 885 1939 stellam
919 1902 1086 1939 observa
1117 1903 1233 1939 etiam
1267 1902 1367 1938 circa
1403 1904 1466 1937 19.
1491 1898 1619 1936 Martii
1653 1900 1742 1936 anni
1767 1901 1834 1936 98.

39 1959 241 1996 altitudine
272 1963 461 1996 nocturna
491 1959 587 1996 hora
621 1963 690 2006 12,
733 1960 894 1997 alteram
927 1972 958 1998 c.
994 1961 1060 1999 28.
1093 1960 1199 2008 Sept.
1241 1960 1357 1997 etiam
1402 1957 1497 1995 hora
1534 1962 1595 1995 12.
1657 1957 1757 1994 Nam
1789 1958 1835 2002 si,

39 2017 142 2067 quod
175 2022 279 2066 opto,
313 2017 528 2055 differentia
560 2018 753 2066 quaedam
785 2020 883 2056 inter
913 2018 1024 2056 binas
1058 2019 1350 2056 observationes
1384 2015 1594 2054 intercedet
1629 2016 1739 2051 unius
1771 2019 1836 2052 at—

39 2087 110 2125 que
143 2076 302 2113 alterius
334 2075 516 2124 scrupuli,
549 2077 672 2125 magis
704 2077 737 2113 si
772 2081 821 2114 10
856 2081 923 2114 aut
958 2081 1030 2118 15,
1072 2078 1124 2114 rei
1159 2089 1227 2125 per
1258 2081 1378 2113 totam
1411 2075 1690 2112 astronomiam
1721 2073 1833 2110 latis-

36 2136 131 2172 sime
164 2134 326 2171 difiusae
357 2140 626 2182 argumentum
659 2136 740 2174 erit.
802 2135 870 2173 Sin
902 2140 1030 2173 autem
1063 2135 1157 2172 nihil
1188 2134 1303 2184 plane
1337 2134 1573 2171 differentiae
1615 2131 1833 2181 deprehen-

38 2194 184 2236 demus,
218 2192 387 2242 palmam
418 2197 547 2230 tamen
579 2192 831 2231 demonstrati
861 2193 1091 2232 nobilissimi
1123 2193 1385 2242 problematis,
1419 2191 1604 2228 hactenus
1637 2204 1658 2227 a
1681 2192 1833 2227 nemine

37 2252 268 2296 affectatam,
301 2253 552 2288 communiter
582 2252 877 2300 reportabimus.
939 2251 1115 2300 Sapienti
1146 2256 1207 2290 sat
1238 2251 1393 2289 dictum.
1448 2250 1561 2286 Mitto
1596 2257 1724 2285 antem
1757 2248 1832 2285 duo

36 2312 192 2358 insuper
223 2309 457 2358 exemplaria
479 2309 724 2360 (Prodromi),
758 2311 849 2359 quia
877 2310 1165 2358 Hambergerus
1197 2309 1290 2347 mihi
1323 2308 1484 2354 dixerat,
1517 2312 1554 2345 te
1586 2307 1697 2357 plura
1730 2306 1834 2344 desi—

37 2368 183 2407 derare.
245 2367 470 2415 Cuicunque
502 2369 663 2414 miseris,
696 2368 760 2406 ille
792 2368 911 2406 literis
944 2368 990 2406 de
1020 2368 1153 2406 libello
1184 2369 1335 2417 scriptis
1367 2366 1581 2405 mercedem
1614 2366 1788 2403 solverit.

176 2425 286 2473 Vale,
320 2425 530 2463 clarissime
562 2427 632 2474 vir,
665 2432 702 2464 et
733 2438 801 2475 per
822 2427 1024 2475 epistolam
1047 2426 1315 2476 longissimam
1339 2430 1514 2464 mutuum
1538 2424 1632 2461 mihi
1653 2422 1833 2472 repende,

38 2484 186 2522 Graetii
221 2488 285 2523 13.
319 2482 405 2522 Oct.
442 2487 565 2523 1597.

175 2550 377 2594 Tychoni
400 2549 578 2584 Braheo
604 2549 784 2594 Keplerus
810 2550 854 2585 de
879 2550 1075 2586 Prodromo
1102 2561 1167 2585 suo
1193 2550 1283 2585 haec
1308 2549 1447 2585 scribit:

176 2612 272 2649 Cum
305 2617 363 2658 te,
406 2613 464 2647 vir
495 2611 752 2660 amplissime,
795 2612 1155 2650 mathematicorum
1199 2613 1368 2649 omnium
1409 2622 1487 2648 non
1526 2609 1642 2656 thus
1684 2612 1832 2645 tantum

37 2671 175 2709 aetatis
206 2669 274 2707 sed
306 2671 424 2707 totius
456 2670 543 2706 aevi
575 2669 822 2707 monarcham
853 2671 1095 2708 constituerit
1127 2669 1440 2718 incomparabilis
1473 2667 1646 2704 doctrina
1672 2666 1834 2715 judicii—

37 2742 111 2779 que
144 2729 403 2777 praestantia,
446 2727 618 2774 iniquum
652 2728 800 2773 fecero,
839 2729 872 2764 si
904 2727 1093 2776 opusculo
1127 2727 1173 2765 de
1204 2728 1452 2775 proportione
1485 2724 1679 2762 coelorum
1710 2735 1833 2773 nuper

38 2790 74 2824 in
106 2787 230 2825 lucem
263 2786 354 2823 dato
377 2785 465 2834 (sub
489 2784 619 2821 titulo:
654 2784 950 2822 Prodromus
984 2785 1420 2822 dissertationum
1452 2782 1832 2831 cosmographi-

38 2844 214 2895 carum)
246 2844 364 2882 ullam
396 2842 557 2891 gloriam
590 2848 656 2879 tuo
685 2841 833 2890 judicio
866 2849 903 2881 et
936 2842 1267 2880 commendatione
1308 2842 1486 2890 neglecta
1517 2852 1698 2889 aucuper,
1732 2853 1832 2888 quae

38 2916 97 2941 me
129 2915 249 2941 causa
279 2902 422 2946 movit,
463 2905 505 2937 ut
536 2902 692 2948 ignotus
724 2911 769 2937 ex
802 2900 875 2938 hoc
908 2901 1071 2937 obscuro
1104 2899 1334 2937 Germaniae
1367 2899 1510 2948 angulo
1552 2899 1684 2936 literas
1716 2899 1764 2935 ad
1796 2904 1832 2935 te

38 2963 245 3008 mitterem,
288 2965 436 2998 oratum
476 2969 543 3007 per
574 2957 682 2995 illum
714 2959 907 3006 ingentem
941 2959 1113 2995 veritatis
1154 2968 1340 3004 amorem,
1384 2969 1497 3005 quem
1538 2957 1575 2992 in
1608 2962 1645 2994 te
1678 2969 1833 3005 qnoque

37 3021 161 3058 inesse
202 3020 305 3057 fama
346 3023 436 3056 tuae
474 3015 749 3065 magnitudinis
792 3015 1010 3064 praedicat:
1053 3020 1114 3059 ut,
1157 3014 1250 3064 quid
1290 3016 1359 3053 tibi
1399 3015 1446 3053 de
1487 3014 1612 3052 isthoc
1656 3014 1833 3053 videatur

37 3079 211 3126 negotio,
244 3089 290 3115 ea
320 3077 540 3114 sinceritate
569 3081 606 3113 et
637 3075 898 3119 humanitate,
932 3085 1033 3123 quae
1064 3075 1103 3110 in
1135 3078 1172 3112 te
1203 3073 1467 3122 praedicatur,
1501 3073 1669 3121 explices
1703 3074 1833 3110 brevi-

37 3136 186 3186 busque
215 3136 338 3175 literis
367 3133 572 3185 significes
637 3131 669 3171 O
701 3144 761 3172 me
791 3132 958 3182 felicem,
991 3133 1025 3171 si
1055 3131 1160 3185 quod
1190 3131 1421 3181 Maestlino,
1453 3131 1554 3172 idem
1588 3135 1625 3170 et
1656 3130 1832 3182 'l‘ychoni
