2126 3388
854 176 954 214 1624.
983 177 1085 214 1625.
1783 176 1866 221 891

74 293 232 329 sondern
257 298 406 330 sonsten
430 294 544 330 sehon
569 294 656 329 alles
681 293 916 338 angewiesen.
963 295 1009 330 So
1043 295 1092 329 ist
1127 293 1190 329 auf
1222 293 1279 329 die
1305 294 1482 337 kunfftige
1510 293 1756 330 i‘viehshiilffe
1781 292 1873 328 auch

73 352 226 387 alberait
253 353 318 387 viel
349 354 533 398 anticipirt
556 352 712 397 worden,
741 353 804 388 der
821 352 1124 388 vnaufhorlichen
1151 353 1336 388 schweren
1356 353 1572 388 cestha-ihren
1599 352 1792 394 durmaig,
1819 352 1875 386 die

75 412 155 446 Wir
180 411 345 447 bisshero
372 414 527 457 erlittem
555 413 625 448 vud
651 412 758 447 deren
785 411 854 446 end
873 412 934 446 wir
959 412 1051 446 nor-h
1078 411 1176 447 nieht
1196 413 1308 445 seben
1329 411 1493 452 konnen,
1523 411 1589 445 wie
1607 410 1699 445 auch
1724 409 1877 443 auderet

71 469 395 514 mannichfaltigen
421 470 748 505 vnvermeidenlich
774 470 844 504 vnd
869 471 1092 505 mei-klichen
1118 469 1321 513 :iusslagem
1350 469 1523 504 darinuen
1549 470 1628 503 Wir
1653 478 1735 503 vnss
1762 467 1874 502 befiu-

72 527 153 571 den,
185 529 492 574 zugeschweigen.
548 528 702 574 Gelangt
741 529 915 564 demnaeh
952 540 997 563 au
1032 529 1075 563 E.
1109 529 1214 562 Rom.
1249 528 1338 572 Kay.
1371 527 1486 571 Mayt.
1528 537 1635 561 vuser
1671 525 1873 561 Allervuth.

71 585 196 627 bitten,
222 586 280 621 Sie
306 587 467 630 geruhen
492 597 577 621 mss
599 587 671 621 diss
698 586 781 621 falls
799 585 959 631 Allergn.
985 587 1042 621 fiir
1061 584 1306 628 entschuldigt.
1324 585 1506 628 zuhalten,
1533 585 1610 618 Ynd
1633 584 1730 619 diese
1749 594 1875 619 vnsere

71 644 283 680 wahrhaffte
310 645 497 688 erclerung
522 645 558 679 in
585 645 772 689 vngnaden
799 645 852 679 nit
878 644 1127 683 vfmnehmen,
1154 643 1353 678 Worinncn
1372 644 1415 677 E.
1434 643 1525 688 Kay.
1545 644 1657 688 Mayt.
1683 643 1718 676 iu
1745 642 1876 677 andere

70 702 283 747 mugliehste
310 713 387 748 weg
411 704 490 738 Wir
515 703 774 740 Allervnterth.
803 703 1191 747 dienstwillfahrigkeit
1217 703 1381 745 elz-sigen
1408 703 1564 746 konnen,
1590 703 1771 737 erkennen
1797 700 1876 735 Wir

69 773 154 797 vnss
179 762 288 798 darzu
313 762 493 798 Jederzeit
519 762 757 805 gehorsamist
783 762 965 806 sehuldig,
1002 761 1073 796 vnd
1099 760 1231 800 bereit,
1261 760 1472 794 deroselben
1498 760 1593 794 Vnss
1619 760 1688 794 vnd
1715 760 1874 804 gemeine

72 820 168 855 Statt
190 832 237 854 zu
262 821 372 866 Kays.
398 821 542 864 gnaden
567 820 824 855 Allervnterth.
851 820 1092 865 empfehlend.
1143 820 1275 853 Datum
1305 818 1359 853 12.
1384 818 1548 863 Jannarij
1576 819 1680 855 Anno
1709 820 1808 854 1625,

209 879 254 914 E.
279 879 370 925 Kay.
396 879 511 924 Mayt.
537 879 608 913 vnd
635 877 716 912 dess
742 877 920 922 Heyligen
946 877 1162 912 Romischen
1188 877 1322 913 Reichs

625 935 779 971 Getreue
804 935 1044 970 vnterthanen

984 993 1271 1038 Burgermeister
1296 994 1367 1030 rud
1393 994 1486 1029 Rath
1512 1005 1555 1029 zu
1581 995 1781 1039 Niirnberg.

211 1113 324 1155 1625.
370 1114 582 1151 Revolutio
617 1114 719 1151 anni.
756 1113 911 1157 ¹Natus
944 1113 1036 1150 mihi
1068 1113 1170 1150 filius
1203 1113 1454 1151 Hildebertus
1489 1119 1525 1151 6.
1563 1113 1705 1163 Aprilis
1737 1114 1874 1152 Lineii.

70 1175 297 1223 Baptisatus
329 1175 367 1209 in
398 1172 560 1211 aedibus
585 1172 830 1209 Altensteinii
855 1186 877 1210 a
899 1184 958 1209 me
982 1172 1182 1209 conductis
1215 1185 1236 1209 a
1269 1172 1405 1210 decani
1428 1172 1710 1210 Altebrandani
1743 1172 1875 1222 capel-

69 1234 174 1271 lano.
236 1232 417 1268 Patrimi:
454 1232 501 1269 D.
536 1231 581 1267 A.
616 1231 817 1276 Schwarz,
862 1231 952 1270 Seb.
986 1230 1242 1277 Paumaister,
1280 1231 1324 1267 Ι).
1357 1230 1578 1279 Stephanus
1601 1230 1874 1278 Maitrencker,

70 1291 294 1341 Weisianpae
336 1290 588 1328 baereditatis
628 1295 780 1327 curator
819 1296 855 1327 et
898 1289 1126 1326 advocatus.
1171 1311 1221 1316 —
1264 1289 1308 1326 In
1349 1288 1536 1327 Sueviam
1575 1291 1629 1325 ivi
1672 1289 1794 1338 Aprili
1839 1296 1875 1326 et

68 1349 190 1398 MaJ'O.
254 1350 399 1398 Accepi
431 1361 454 1386 a
484 1348 857 1395 Memmingensibus
896 1354 933 1385 et
977 1347 1354 1396 Campidunensibus
1390 1352 1500 1385 2000
1534 1348 1712 1385 florenos.
1775 1348 1875 1396 Sep—

69 1409 206 1447 tembri
229 1419 407 1445 reversus
432 1407 619 1444 Lincium.
662 1406 800 1443 Editae
823 1411 938 1444 notae
961 1407 997 1443 in
1022 1437 1029 1444 .
1056 1436 1064 1444 .
1088 1434 1096 1443 .
1113 1406 1156 1454 ff)
1192 1405 1407 1455 Obsignata
1430 1407 1522 1443 milii
1550 1406 1799 1445 bibliotheca.
1820 1428 1875 1432 —-

207 1473 434 1516 Berneggero
462 1473 608 1517 scripsit
632 1472 832 1517 Keplerus:

209 1534 302 1572 Jam
334 1535 382 1571 ab
416 1546 517 1572 anno
550 1534 654 1583 apud
685 1535 816 1572 aulam
850 1535 1030 1572 Caesaris
1063 1534 1205 1581 institi,
1240 1539 1281 1572 ut
1313 1535 1362 1572 ad
1394 1539 1542 1571 sumtus
1576 1534 1668 1572 milii
1701 1534 1877 1572 Tabula-

70 1605 171 1640 rum,
216 1605 313 1642 quas
352 1593 606 1640 absolverim,
651 1594 1047 1642 observationumque
1079 1593 1296 1643 Tyehonis,
1342 1605 1505 1642 quarum
1545 1594 1593 1630 ab
1637 1593 1720 1642 ejus
1752 1600 1874 1630 morte

72 1660 203 1690 custos
235 1653 289 1689 fui
322 1653 460 1689 unicus
492 1652 668 1699 idoneus,
703 1656 768 1690 alit
801 1664 873 1689 sua
904 1651 1138 1690 liberalitate
1171 1651 1316 1690 Caesar
1346 1659 1596 1698 succurreret,
1630 1657 1697 1689 aut
1728 1651 1877 1700 reliqua

70 1722 157 1747 mea
187 1709 439 1758 Rudolpliina
478 1712 705 1760 assignaret.
768 1710 810 1747 In
844 1712 918 1747 ista
962 1721 1193 1748 consensum
1235 1711 1441 1759 impetravi
1475 1710 1671 1755 Caesaris,
1715 1711 1807 1758 quia
1838 1710 1875 1746 id

70 1769 202 1806 malui.
265 1768 426 1816 Aliquid
457 1769 574 1817 igitur
605 1768 774 1818 pendent
805 1768 1133 1817 Memmingenses
1165 1774 1202 1806 et
1236 1768 1585 1817 Campiduuenses‚
1618 1774 1658 1805 at
1690 1767 1875 1806 Noriber-

71 1838 228 1876 genses,
274 1827 431 1876 duplum
466 1828 568 1876 ejus,
613 1828 649 1864 id
681 1835 739 1865 est
772 1831 882 1865 4000
916 1827 1083 1876 pendere
1111 1828 1232 1875 jussi,
1265 1832 1502 1865 recusarunt.
1563 1826 1706 1864 Jussus
1746 1832 1874 1864 tamen

72 1898 169 1932 sum,
203 1886 404 1933 Augustae
437 1887 648 1934 quitantias
681 1892 898 1935 permutare
932 1888 967 1922 in
1002 1885 1259 1924 defalcatione
1281 1887 1376 1934 ejus,
1411 1885 1513 1934 quod
1537 1886 1708 1934 proxime
1741 1885 1875 1922 decer-

73 1950 185 1981 netur
216 1944 265 1981 ab
298 1945 506 1990 universis,
551 1944 654 1993 quod
688 1944 867 1993 equidem
901 1945 1008 1982 brevi
1049 1944 1128 1982 fieri
1161 1956 1319 1982 neeesse
1351 1949 1421 1981 est.
1486 1943 1706 1992 Augustani
1740 1944 1876 1981 aerarii

71 2002 255 2051 praefecti
288 2009 330 2039 ut
360 2002 491 2040 literas
525 2002 703 2041 Caesaris
734 2005 995 2051 resignarunt,
1037 2005 1170 2052 copias
1204 2005 1241 2040 in
1275 2005 1320 2040 iis
1352 2002 1401 2039 ad
1433 2001 1736 2050 Noribergenses
1770 2001 1875 2039 desi-

73 2060 275 2107 derarunt,
318 2062 465 2098 incuria
511 2062 714 2099 curialium
749 2061 1027 2099 Viennensium
1067 2063 1242 2099 omissas.
1307 2062 1365 2098 Ita
1403 2061 1494 2097 mihi
1536 2060 1772 2098 haerendum
1815 2065 1873 2097 est

72 2119 146 2166 hic,
182 2118 304 2156 donec
336 2119 489 2156 Vienna
531 2120 758 2169 suppleatur
798 2120 991 2166 defectus,
1035 2127 1072 2158 et
1104 2119 1278 2165 tandem,
1323 2120 1389 2157 ubi
1430 2120 1661 2167 quitantiam
1700 2118 1875 2156 dederint

73 2178 303 2225 Augustani,
340 2177 512 2215 nondum
545 2190 772 2227 persuasum
805 2181 876 2216 erit
906 2179 1273 2228 Noribergensibus,
1306 2178 1432 2216 solum
1466 2177 1503 2214 id
1536 2177 1730 2224 beneficii,
1771 2176 1873 2225 quod

73 2238 111 2272 in
144 2236 314 2272 futurum
346 2238 416 2273 erit
447 2237 541 2273 mihi
573 2245 740 2275 cautum.

211 2293 367 2331 Interim
401 2306 472 2343 ego
495 2295 713 2345 Tubingam
744 2297 782 2332 in
805 2307 1004 2333 musaeum
1029 2295 1226 2333 Maestlini
1258 2296 1473 2333 convocavi
1496 2293 1699 2332 concilium
1723 2292 1874 2331 mathe-

71 2353 299 2390 maticorum
334 2355 502 2390 omnium
527 2383 535 2391 .
563 2384 570 2391 .
596 2382 604 2391 .
627 2384 635 2392 .
660 2356 706 2400 (v.
730 2357 802 2393 vol.
827 2357 888 2391 VI.
916 2369 952 2401 p.
979 2358 1071 2401 615).

210 2410 302 2448 Jam
334 2418 377 2448 tu
409 2411 573 2461 dispice,
617 2424 703 2450 cum
745 2413 918 2450 honestis
962 2418 999 2450 et
1041 2414 1271 2451 necessariis
1311 2411 1358 2449 de
1399 2413 1528 2449 causis
1571 2412 1874 2460 tergiverseritur

73 2469 394 2517 Noribergenses,
439 2472 617 2518 quamvis
657 2471 845 2508 admoniti
887 2473 1016 2508 avitae
1055 2483 1150 2508 suae
1189 2471 1356 2519 gloriae,
1398 2470 1574 2518 possitne
1614 2481 1681 2517 per
1724 2473 1873 2506 vestros

73 2528 376 2575 Argentinenses
408 2530 500 2566 mihi
533 2531 749 2576 subveniri,
793 2531 825 2566 si
858 2530 1036 2566 nimirum
1078 2529 1138 2566 vel
1181 2531 1253 2578 ipsi
1293 2530 1331 2564 in
1363 2528 1704 2575 Noribergensium
1746 2527 1872 2563 locum

74 2585 280 2623 succedere
321 2590 582 2634 consentiant,
626 2602 649 2625 a
680 2588 845 2626 Caesare
884 2589 1078 2635 requisiti,
1123 2594 1189 2624 aut
1219 2587 1569 2635 Noi-ibergensibus
1614 2584 1874 2634 persuadeant

72 2656 140 2693 per
172 2645 472 2692 intercessorias,
507 2652 574 2683 aut
605 2647 635 2682 si
669 2646 971 2694 Argentinenses
1002 2657 1139 2682 nomen
1174 2645 1329 2693 quidem
1352 2646 1569 2682 sustineant
1600 2642 1703 2692 apud
1727 2642 1874 2680 Caesa-

72 2714 164 2748 rem,
197 2702 501 2751 Noribergenses
533 2715 637 2749 vero,
673 2705 737 2752 qui
769 2703 905 2741 nolunt
937 2704 1158 2752 opinionem
1191 2704 1347 2741 Caesari
1379 2703 1506 2751 petaei
1538 2702 1720 2749 praebere
1751 2712 1873 2749 pecu-

73 2762 220 2797 niariae
254 2762 401 2808 copiae,
436 2760 535 2798 elam
567 2761 660 2798 mihi
693 2761 803 2807 dent,
838 2766 906 2798 aut
938 2762 1288 2810 Argentinensibus
1320 2761 1491 2798 vicissim
1524 2763 1708 2804 caveant,
1743 2764 1809 2796 aut
1841 2760 1872 2795 si

73 2818 170 2866 quid
199 2819 437 2856 comminisci
470 2825 593 2867 potes,
646 2819 797 2856 Literas
828 2819 877 2856 ad
909 2819 1189 2867 Tampaehium
1222 2824 1357 2866 postae
1390 2816 1541 2862 tradidi,
1574 2822 1709 2866 petens
1741 2828 1872 2854 exem-

73 2876 158 2925 plar
179 2877 504 2925 Hyperaspz’stis;
536 2877 630 2914 nihil
653 2877 873 2926 respondet.
914 2876 1026 2924 Rogo
1058 2876 1173 2923 hujus
1206 2878 1259 2913 rei
1293 2887 1378 2912 eum
1400 2875 1610 2912 admoneas
1631 2887 1697 2923 per
1728 2875 1870 2919 literas,

72 2936 106 2972 si
135 2934 232 2972 forte
263 2946 373 2972 meac
405 2946 480 2972 non
521 2937 775 2983 pervenerint.
841 2934 1040 2972 Chemlino
1083 2935 1168 2970 misi
1202 2934 1534 2982 Sapplementum
1574 2931 1766 2971 chiliadis
1803 2944 1870 2970 seu

75 2992 122 3030 de
153 3004 239 3030 usu.
303 2993 456 3032 Excusa
497 2994 596 3031 enim
641 2998 699 3030 est
730 2991 875 3030 Chilias
914 3004 972 3030 me
1014 2991 1232 3029 inconsulto
1270 2998 1308 3029 et
1347 2992 1480 3029 inscio.
1545 2990 1802 3029 Schiekardus
1834 2996 1870 3029 te

214 3118 247 3160 *)
272 3118 439 3151 Libellum
465 3120 536 3151 sine
562 3120 664 3150 dubio
691 3119 783 3160 dicit,
810 3127 905 3159 quem
932 3128 1018 3149 anno
1045 3118 1262 3158 praecedente
1281 3118 1481 3150 Schiekardo
1508 3116 1688 3149 curandum
1713 3127 1772 3158 per
1787 3118 1869 3149 Ber-⁴

75 3176 251 3206 neggerum
275 3167 417 3198 miserat.
