2126 3388
254 119 338 168 762
917 120 1000 158 Vita
1021 119 1044 157 J
1047 123 1172 159 oannis
1195 121 1351 169 Kepleri.

251 241 421 281 inventis
452 240 574 291 ipsius
605 240 788 279 salarium
819 242 930 280 tueri.
992 240 1070 280 Sed
1101 243 1193 291 quia
1223 241 1282 281 his
1312 242 1418 281 mille
1448 241 1555 280 solus
1585 241 1659 280 frui
1691 241 1795 290 vult,
1838 253 1910 292 ego
1941 253 2042 292 quo-

255 311 330 349 que
361 311 437 338 non
468 310 626 349 possum
667 310 736 348 pro
777 299 837 338 his
868 299 974 338 mille
1005 300 1196 349 spondere
1226 306 1264 339 et
1294 312 1431 350 cogor,
1474 300 1656 349 privatim
1692 311 1820 338 meum
1859 301 2042 339 salarium

254 358 478 405 defendere,
521 356 624 405 quod
656 362 695 395 et
723 357 798 396 feci
829 357 970 396 tradita
1002 357 1164 407 Optica,
1197 358 1440 409 ephemeride
1470 357 1608 396 Martis
1640 362 1678 396 et
1708 359 2043 398 transformatione

255 416 471 454 tabularum
502 413 693 453 lunarium
716 415 885 454 calendis
907 415 1098 454 Januarii.
1138 416 1226 456 Hoc
1256 417 1321 456 ille
1345 416 1481 455 videns
1512 420 1756 465 praetextum
1788 418 1951 466 quaerit,
1983 429 2043 456 me

255 474 451 523 Tychonis
481 473 626 522 placita
657 473 895 521 convellere,
937 474 1041 512 nolle
1078 486 1120 513 se
1150 487 1211 514 me
1243 487 1389 514 armare
1422 474 1773 512 observationibus.
1837 475 1889 512 At
1919 476 2046 514 verior

254 543 393 569 causa:
427 532 532 580 cupit
553 543 613 570 me
635 531 824 581 impediri,
858 537 899 570 ut
921 537 1072 582 tempus
1093 532 1238 572 habeat
1258 532 1406 582 aliquid
1428 532 1678 580 elaborandi3
1710 532 1909 582 profitetur
1930 534 2043 582 enim,

255 601 295 626 se
327 600 480 638 sperare
512 590 737 639 profectum,
770 589 839 628 sed
869 590 943 629 hoc
963 590 1078 630 valde
1100 592 1372 639 inconstanter,
1404 590 1568 629 subinde
1590 591 1690 629 enim
1721 591 1914 639 interjicit,
1945 591 2045 630 hanc

250 658 327 684 non
359 659 443 685 esse
475 659 586 686 suam
617 648 908 697 professionem.
971 649 1055 698 Ego
1086 655 1220 688 sancta
1259 649 1333 688 fide
1373 650 1443 687 tibi
1470 649 1579 698 juro,
1621 660 1681 686 me
1712 648 1808 686 nihil
1847 650 1886 685 in
1917 650 2044 699 ipsum

250 710 317 743 aut
347 705 469 754 ipsius
500 706 684 744 salarium
715 711 876 745 tentare.
937 707 1024 745 Hoc
1055 708 1180 745 solum
1212 719 1298 758 ago,
1329 713 1372 745 ut
1401 707 1694 745 observationes
1724 706 1867 745 habere
1898 709 2044 756 possim

251 775 348 811 quas
381 764 506 813 cupio,
540 764 676 802 deinde
709 769 751 803 ut
782 776 842 803 me
874 768 1238 805 commemoratione
1270 766 1446 804 veritatis
1477 763 1680 803 defendam
1712 769 1845 803 contra
1866 765 2044 804 dissemi-

252 826 364 860 natas
405 823 710 871 criminationes,
755 823 880 861 sicubi
923 824 1017 862 mihi
1058 824 1287 863 indicantur.
1352 824 1596 873 Acceperunt
1635 823 1680 861 de
1714 827 1853 862 20000
1894 828 2043 873 partem

252 881 437 929 quintam,
471 880 517 919 de
546 880 696 930 reliquo
727 882 766 918 in
797 893 865 931 spe
896 887 998 921 sunt.
1047 885 1133 928 (Cfr.
1160 895 1291 920 annum
1318 885 1434 929 1603.)

385 946 427 982 In
454 946 576 991 literis,
602 947 638 981 in
665 947 794 991 quibus
820 949 913 983 omni
939 949 1047 984 animi
1071 949 1206 993 impetu
1223 959 1281 985 res
1306 948 1534 994 gravissimas
1558 947 1754 991 inquisivit,
1778 957 1895 993 neque
1911 948 2046 984 leviora

250 1004 374 1039 abnuit
397 1005 593 1050 Keplerus,
627 1006 673 1041 ad
697 1006 902 1041 innumeras
935 1007 1158 1051 respondens
1183 1007 1338 1042 Fabricii
1371 1006 1617 1051 quaestiones,
1652 1005 1745 1041 serio
1770 1006 1826 1040 vel
1847 1006 1940 1050 jocis
1963 1007 2044 1043 illas

248 1066 425 1105 tractans,
463 1073 555 1106 qnae
588 1062 715 1106 majori
745 1073 789 1098 ex
820 1069 923 1109 parte
956 1065 1188 1109 astrologiam
1221 1066 1434 1101 attinebant.
1496 1064 1724 1108 ‚‚Dirigendi“
1764 1063 1906 1099 modum
1941 1076 2045 1100 suum

248 1119 435 1155 declarans
460 1120 576 1155 addit:
619 1118 821 1157 Amicitias
864 1131 1090 1169 magnorum
1132 1121 1203 1158 tibi
1234 1121 1382 1158 sincero
1423 1120 1569 1158 homini
1601 1121 1684 1158 sine
1716 1120 1884 1159 utilitate
1919 1123 2045 1158 conti-

245 1177 360 1223 gisse,
393 1176 489 1214 nihil
521 1181 578 1215 est
609 1178 747 1214 mirum
779 1183 847 1216 aut
878 1178 1068 1227 insolens3
1101 1184 1293 1227 quaerunt
1323 1190 1395 1216 sua
1426 1178 1582 1228 gaudia,
1615 1189 1693 1215 non
1724 1183 1792 1217 tua
1823 1178 2039 1219 commoda.

246 1234 489 1282 Impossibile
520 1239 578 1274 est
609 1240 651 1273 ut
680 1237 811 1285 magni
843 1237 920 1273 siut
951 1241 987 1274 et
1020 1248 1162 1285 parvos
1185 1237 1392 1275 sublevent
1413 1247 1557 1283 omnes,
1590 1237 1719 1285 magni
1741 1236 1907 1274 hominis
1931 1249 2041 1286 mag-

244 1303 315 1329 nus
348 1292 475 1331 hiatus
508 1294 584 1331 oris
589 1321 725 1331 .....
779 1293 1082 1333 Observationes
1109 1300 1263 1333 nostrae
1285 1295 1434 1344 frigent,
1469 1296 1725 1332 instrumenta
1744 1296 1782 1331 in
1805 1295 1915 1333 horto
1940 1296 2041 1334 Cae-

245 1351 340 1387 saris
384 1352 456 1389 sub
497 1351 561 1389 dio
601 1356 838 1400 putrescunt.
900 1351 996 1390 Utor
1037 1358 1213 1391 sextante
1255 1359 1293 1391 et
1331 1353 1544 1402 quadrante
1587 1364 1708 1402 parvo
1746 1364 1791 1391 ex
1831 1352 2040 1391 Hofmanni

245 1407 491 1448 liberalitate.
554 1409 630 1447 Die
663 1413 728 1448 ⁶25.
763 1410 856 1449 Dec.
891 1407 1040 1464 (1603)
1073 1411 1151 1448 vidi
1186 1408 1233 1461 ζῤ,
1272 1411 1318 1458 ll,
1349 1408 1401 1461 ῒ),
1433 1412 1566 1448 statim
1597 1411 1647 1449 ad
1678 1410 1883 1450 Caesarem
1916 1412 2041 1459 retuli,

244 1478 303 1504 nie
346 1467 491 1506 vidisse
532 1469 725 1517 trigonum
766 1470 938 1518 igneum,
983 1471 1074 1517 quia
1115 1469 1350 1519 triangulum
1392 1470 1575 1508 fecerunt.
1609 1471 1667 1514 (ΙΙ.
1695 1471 1889 1515 648)....
1958 1470 2040 1519 Ego

244 1524 432 1573 impedior
464 1526 513 1564 ab
547 1526 912 1575 observationibus,
946 1527 1145 1565 catarrhus
1177 1539 1237 1565 me
1269 1527 1416 1566 bilosus
1448 1527 1509 1565 his
1542 1526 1679 1565 diebus
1702 1539 1726 1565 a
1750 1531 1784 1564 1.
1807 1526 1914 1565 Junii
1937 1532 2042 1566 tenet

244 1586 396 1630 (scripta
422 1586 510 1621 haec
537 1591 620 1623 sunt
645 1587 678 1621 (1.
710 1588 761 1623 18.
790 1587 1031 1631 Decembris).
1082 1586 1146 1623 Sic
1178 1597 1201 1623 a
1236 1590 1299 1624 12.
1332 1587 1370 1622 in
1405 1590 1473 1623 ⁶2⁶2.
1506 1586 1709 1624 Februarii
1749 1585 1822 1623 fuit
1866 1585 2042 1624 defluxus

243 1643 559 1692 interscapilium,
593 1643 836 1682 brachiorum
868 1648 1015 1681 motum
1047 1643 1274 1693 impediens.
1317 1644 1377 1681 Tu
1398 1644 1431 1681 si
1453 1643 1602 1681 videres
1624 1648 1805 1693 aspectus
1828 1641 1896 1695 Q),
1918 1642 1946 1691 B
1970 1650 2040 1683 etc.

245 1701 283 1737 in
314 1705 380 1739 tuo
414 1706 549 1739 exortu
582 1702 646 1740 vel
680 1713 833 1748 occasu,
866 1707 971 1740 metu
1004 1703 1311 1742 contabescereS.
1365 1702 1446 1751 Ego
1481 1713 1602 1740 caveo
1635 1707 1672 1740 et
1703 1706 1874 1751 tempero
1896 1704 2042 1752 aperi-

247 1758 390 1797 culosis
423 1760 659 1807 actionibus,
692 1760 870 1799 libertate
903 1761 1112 1807 sermonis,
1144 1761 1334 1810 suspectis
1367 1761 1641 1808 scriptionibus
1674 1759 1720 1798 de
1752 1761 1867 1798 rebus
1898 1762 2041 1811 princi-

245 1828 348 1866 pum.
412 1817 566 1856 Excuso
606 1823 730 1866 astra,
772 1820 876 1866 scio,
919 1830 990 1856 nos
1033 1829 1265 1868 quocunque
1296 1817 1454 1857 vivendi
1485 1830 1626 1868 genere
1658 1818 1755 1855 nihil
1787 1818 1895 1857 aliud
1927 1831 2043 1868 quam
2079 1865 2084 1871 .

244 1877 354 1915 mori.
390 1897 438 1903 --
474 1876 566 1914 Filii
599 1878 655 1914 tui
686 1878 845 1925 genesin
879 1887 944 1914 cur
976 1882 1148 1924 tractem,
1184 1889 1270 1915 cum
1301 1881 1343 1914 tu
1370 1877 1452 1926 jam
1475 1890 1498 1915 a
1518 1877 1641 1914 tribus
1673 1877 1783 1915 annis
1815 1877 1944 1915 induci
1967 1889 2043 1915 non

245 1935 384 1982 possis,
419 1938 460 1972 nt
491 1934 538 1973 de
569 1946 656 1973 mea
686 1936 914 1974 transmissa
944 1936 1076 1985 genesi
1105 1935 1297 1984 judicium
1330 1935 1444 1982 feras,
1476 1940 1652 1973 metuens
1691 1935 1840 1974 scilicet
1870 1935 1909 1973 id
1941 1935 2043 1984 quod

246 2004 306 2030 res
338 1997 407 2039 est,
440 2004 487 2031 ne
520 1994 688 2031 irretiam
721 1999 759 2032 te
790 1995 829 2030 in
851 1993 1098 2042 dogmatibus
1120 1992 1397 2041 astrologicis?
1422 2023 1429 2030 .
1453 2021 1461 2030 .
1486 2022 1495 2030 .
1520 2023 1528 2031 .
1561 1995 1718 2031 Rediens
1745 1996 1790 2031 ad
1817 1997 2043 2040 directiones,

247 2057 320 2087 tres
348 2052 523 2096 dirigendi
547 2053 673 2088 modos
700 2053 869 2097 proponit
895 2054 1060 2088 Fabricio
1086 2054 1202 2099 iisque
1229 2054 1430 2098 subjungit:
1470 2051 1547 2090 Sed
1579 2051 1671 2088 mihi
1713 2052 1787 2100 ipsi
1818 2063 1894 2089 non
1927 2054 2044 2090 satis-

245 2108 361 2154 facio,
395 2109 486 2157 quin
518 2110 649 2158 potius
682 2110 717 2146 in
751 2109 1082 2158 speculationibus
1113 2111 1285 2160 physicis
1316 2111 1556 2160 suspiciones
1579 2110 1767 2158 concipio,
1803 2111 1914 2159 quasi
1947 2122 2049 2148 vana

248 2168 299 2203 sit
331 2178 471 2215 magna
502 2179 591 2216 pars
629 2167 882 2206 directionum
907 2196 1051 2207 .....
1113 2169 1254 2206 Totum
1287 2169 1486 2217 negotium
1517 2167 1652 2205 Lunae
1684 2172 1726 2205 ut
1760 2167 2045 2217 significatricis

250 2224 474 2272 dirigendae
505 2230 727 2274 suspectum
759 2225 930 2263 redditur
952 2230 1022 2263 etc.
1085 2226 1244 2265 Miseret
1277 2238 1337 2264 me
1368 2225 1530 2263 infelicis
1562 2231 1652 2264 tuae
1683 2225 1914 2273 industriae,
1956 2226 2046 2264 dum

248 2283 285 2319 in
318 2284 364 2320 iis
404 2283 520 2321 rebus
563 2282 786 2321 ordinandis
819 2289 856 2320 et
888 2283 1136 2332 disponendis
1170 2286 1355 2328 versaris,
1398 2295 1494 2332 quas
1530 2289 1670 2321 natura
1707 2285 1793 2333 ipsa
1834 2284 2044 2323 confundit.

248 2339 349 2388 Quin
383 2342 513 2389 potius
544 2340 618 2379 hoc
649 2353 762 2390 agas,
805 2347 846 2379 ut
878 2353 1025 2379 mecum
1059 2342 1106 2380 de
1137 2344 1296 2380 internis
1327 2342 1494 2380 Telluris
1538 2341 1825 2380 conditionibus
1859 2342 2046 2392 disputes,

247 2398 352 2447 quod
382 2398 592 2437 identidem
624 2399 724 2437 facio
758 2400 795 2436 in
826 2401 1160 2448 prognosticorum
1192 2400 1498 2449 praefationibus
1530 2405 1568 2439 et
1599 2401 1637 2437 in
1659 2400 1794 2438 ultimo
1817 2401 1933 2450 hujus
1955 2402 2044 2439 anni

246 2457 338 2504 fcci,
379 2458 412 2494 si
444 2468 615 2505 unquam
648 2456 763 2503 alias,
796 2456 946 2495 liberali
978 2469 1105 2497 manu.
1166 2458 1243 2496 Res
1276 2470 1350 2495 non
1385 2463 1442 2495 est
1474 2457 1520 2495 dc
1551 2458 1690 2503 nihilo,
1732 2470 1808 2497 non
1840 2459 2045 2507 somnium,

245 2514 313 2552 sed
346 2515 568 2553 verissima:
603 2515 721 2552 habet
740 2514 874 2553 Tellus
908 2515 1096 2564 quasdam
1127 2516 1310 2565 periodos
1342 2516 1513 2554 humoris
1536 2517 1813 2565 siccitatisque,
1846 2517 1933 2556 aliis
1955 2529 2046 2567 par-

246 2573 350 2611 tibus
381 2573 489 2612 alias.
530 2573 589 2610 Tu
622 2574 776 2621 quaeris
809 2585 894 2611 cum
929 2573 1153 2622 vulgaribus
1184 2574 1404 2622 astrologis,
1438 2586 1488 2611 an
1521 2576 1612 2612 certi
1643 2574 1825 2624 planetae
1857 2581 2045 2614 certorum

245 2632 321 2668 sint
363 2636 563 2669 ventorum
602 2636 795 2678 motores,
841 2632 953 2680 quasi
992 2632 1160 2670 influxus
1199 2632 1441 2681 planetarum
1486 2636 1564 2670 tam
1608 2633 1684 2670 sint
1724 2633 1977 2682 particulares
2009 2641 2047 2672 ct

246 2701 375 2726 curam
418 2694 538 2737 agant
580 2688 845 2727 distinctarum
877 2690 1018 2727 Terrae
1060 2691 1238 2740 partium.
1302 2691 1491 2739 Equidem
1530 2696 1608 2728 tam
1650 2695 1707 2730 est
1746 2703 1869 2740 parva
1900 2692 2044 2739 Tellus,

247 2753 326 2784 tam
357 2753 505 2785 remota
536 2747 632 2785 haec
663 2753 794 2785 nostra
828 2759 926 2796 quae
958 2748 1055 2785 fiunt
1085 2761 1108 2786 a
1139 2748 1382 2798 planetarum
1414 2749 1605 2797 sensibus,
1638 2750 1671 2786 si
1693 2760 1790 2797 quos
1812 2749 1865 2786 illi
1888 2749 2044 2798 habent,

244 2810 286 2842 ut
319 2807 474 2843 omniuo
509 2805 614 2843 Deos
648 2817 733 2844 esse
763 2817 921 2844 necesse
954 2807 1015 2854 sit,
1048 2808 1082 2844 si
1113 2807 1249 2844 harum
1280 2819 1406 2846 rerum
1438 2806 1585 2844 habent
1616 2808 1840 2845 notitiam..
1867 2837 1874 2844 .
1900 2839 1906 2845 .
1958 2808 2043 2857 Ego

245 2864 282 2898 in
325 2865 516 2902 sententia
558 2875 716 2911 maneo,
759 2865 797 2900 in
829 2864 986 2902 Tellure
1023 2875 1107 2903 esse
1146 2865 1369 2903 facultatem
1402 2870 1628 2914 aspectuum
1669 2866 1964 2914 perceptricem,
2008 2872 2046 2904 et

249 2922 398 2967 quoties
443 2920 616 2959 incidunt
648 2927 848 2971 aspectus,
890 2922 1117 2961 naturaliter
1148 2925 1323 2972 instigari
1356 2919 1456 2961 lianc
1486 2923 1536 2960 ad
1574 2922 1839 2961 exsudandum
1871 2923 1909 2960 id
1941 2924 2044 2972 quod

252 2978 381 3025 habet,
415 2991 491 3028 qua
522 2984 630 3027 parte
662 2980 791 3018 habet.
835 2979 1023 3019 Sudorem
1054 2981 1189 3030 pluvia
1221 2981 1304 3030 ejus
1335 2981 1422 3029 loci,
1454 2981 1629 3030 pluviam
1661 2981 1767 3018 venti
1799 2981 2044 3020 circumcirca

245 3042 467 3084 sequuntur,
500 3042 637 3076 ventos
672 3038 1028 3087 circumjacentium
1062 3040 1262 3088 regionum
1293 3043 1518 3088 tempestas.
1560 3038 1612 3078 Ut
1633 3043 1762 3077 autem
1793 3039 1912 3078 Terra
1940 3041 2045 3077 intus

244 3092 324 3141 jam
355 3093 534 3142 humcat,
563 3095 646 3143 Jam
678 3101 807 3145 areat,
839 3107 916 3135 non
946 3098 1070 3147 magis
1102 3108 1148 3137 ex
1179 3097 1289 3137 coelo
1321 3102 1397 3145 est,
1442 3109 1558 3147 quam
1589 3101 1630 3135 ut
1661 3096 1777 3137 homo
1809 3098 1891 3148 Jam
1921 3098 2041 3147 sitiat,
