2126 3388
947 160 1050 198 1597.
1807 168 1891 215 693

88 275 321 316 Germaniae
353 278 586 318 dimidium?
639 278 766 328 Quam
789 278 855 317 diu
878 278 1081 319 dissidebit
1102 281 1152 319 ab
1175 281 1332 332 Europa
1353 284 1534 334 reliqua?
1575 285 1717 326 Fastos
1748 289 1890 329 immu-

88 336 186 373 tavit
217 336 397 385 Bavaria,
430 337 673 384 Vindelicia‚
708 338 889 384 Austria‚
923 338 1075 388 Styria,
1110 340 1318 393 Bohemia,
1349 343 1608 382 meditullium
1641 344 1887 398 Germaniae,

87 394 270 443 Episcopi
303 397 484 441 universi,
519 397 721 446 Hispania,
756 395 898 443 Gallia,
934 397 1058 443 ltalia,
1093 398 1315 447 Hungaria‚
1347 400 1528 441 Polonia.
1581 403 1746 443 Restant
1777 418 1888 457 reges

85 454 371 501 septentrionis,
405 457 499 492 mari
534 468 556 493 a
587 456 700 493 nobis
733 454 861 492 divisi.
905 455 1132 493 Facillimus
1165 458 1278 495 nobis
1309 464 1367 496 est
1389 459 1518 499 aditus
1551 461 1599 499 ad
1622 465 1886 513 novationem,

85 510 192 548 nulla
223 512 389 560 amplior
421 513 627 551 metuenda
660 513 849 551 confusio.
912 512 1014 561 Quid
1047 516 1351 564 exspectamus‘.>
1401 518 1500 556 Num
1532 525 1575 557 ut
1605 520 1714 559 Deus
1745 522 1887 572 aliquis

86 581 105 606 e
138 569 315 607 machina
347 571 531 619 prodiens
564 583 696 609 omnes
727 571 815 609 illos
848 573 1099 620 magistratus
1131 574 1336 623 Evangelii
1375 575 1461 615 luce
1501 577 1726 618 illuminet?
1777 581 1885 631 Esto,

84 626 150 664 fiat
183 629 317 676 ingens
349 629 422 667 hoc
454 646 579 679 nepam.
633 630 733 667 Num
755 635 961 678 propterea
992 642 1204 679 speramus,
1238 633 1326 671 illos
1347 635 1588 683 projecturos
1609 640 1885 679 correctionem

84 685 203 724 semel
235 688 487 736 susceptam?
540 687 630 726 Jam
672 688 721 726 ab
755 689 866 726 annis
903 691 981 727 150
1015 689 1239 738 flagitarunt
1271 695 1506 741 astronomi,
1540 696 1622 743 ipse
1654 697 1771 734 etiam
1803 697 1885 736 Lu-

83 743 214 782 therus
246 747 518 784 auctoritatem
549 746 750 795 politicam
782 746 830 784 ad
864 747 1140 786 correctionem
1175 749 1287 787 hanc.
1339 750 1454 789 Multi
1487 753 1629 790 multos
1663 753 1884 805 descripse-

83 807 169 839 runt
201 803 359 848 modos,
392 806 523 842 nescio
556 817 603 842 an
638 805 843 853 quisquam
876 804 1077 843 meliorem
1109 811 1227 855 atque
1259 809 1290 845 is
1322 809 1405 857 ipse
1439 814 1508 857 est,
1543 823 1657 859 quem
1679 812 1789 863 Papa
1821 816 1883 852 in-

82 862 230 909 stituit3
263 864 348 910 quis
379 874 492 911 porro
527 862 724 900 meliorem
759 863 842 912 (qui
873 864 1037 901 inveniri
1069 864 1233 903 fortasse
1265 866 1378 904 facile
1398 868 1544 918 potest)
1578 868 1737 909 audebit
1757 875 1885 922 magi-

82 921 218 957 stratui
250 921 497 969 proponere?
536 920 628 959 Jam
662 922 763 958 euim
795 933 873 958 una
905 923 1089 960 correctio
1122 923 1225 962 facta
1247 929 1317 971 est,
1351 924 1511 964 alteram
1544 928 1582 964 in
1613 929 1753 977 exigua
1773 936 1883 980 parte

82 977 262 1027 Europae
293 990 406 1016 nemo
438 978 550 1017 facile
588 984 625 1017 et
656 980 738 1017 sine
770 980 891 1017 turbis
924 979 1152 1019 introducet.
1215 982 1434 1021 Retinenda
1476 985 1592 1034 igitur
1623 988 1693 1024 erit
1723 990 1886 1038 antiqua

81 1036 214 1083 forma,
248 1042 315 1074 aut
349 1036 586 1085 Gregoriana
621 1038 881 1086 suscipienda.
935 1037 1037 1086 Quid
1058 1039 1220 1078 autem?
1271 1041 1363 1079 Jam
1394 1054 1508 1091 porro
1540 1049 1733 1084 nostrates
1755 1052 1884 1086 astro-

82 1095 185 1131 nomi
219 1106 261 1132 os
294 1096 580 1145 compriment?
623 1095 803 1145 querelas
847 1096 1061 1144 facessent,
1106 1110 1204 1147 quas
1236 1098 1591 1149 Regiomontanus,
1624 1102 1879 1154 Purbachius‚

81 1153 218 1199 Maria,
251 1153 416 1201 Pitatus,
451 1154 676 1193 Stoefflerns
709 1160 746 1192 et
777 1154 854 1192 duo
888 1155 1023 1204 elapsa
1055 1157 1188 1195 secula
1210 1158 1430 1196 usitarunt‘?
1473 1159 1569 1197 Cum
1602 1161 1659 1198 illi
1692 1164 1882 1212 corrigere

78 1212 273 1260 jusserint,
307 1224 377 1250 nos
405 1214 487 1262 jam
519 1212 843 1262 prohibebimus?
896 1213 997 1260 Alia,
1030 1215 1171 1263 inquis,
1204 1220 1336 1254 nostra
1370 1222 1460 1254 sunt
1491 1223 1676 1268 tempora,
1709 1220 1884 1272 theologi

76 1272 176 1308 enim
205 1270 318 1318 juxta
338 1277 581 1309 astronomos
603 1277 789 1321 pugnant,
824 1282 900 1309 non
923 1271 1146 1310 indecorum
1179 1275 1249 1312 erit
1276 1275 1494 1325 astrologis,
1528 1276 1753 1317 dissuadere
1775 1280 1881 1329 quod

76 1328 253 1377 religioni
285 1332 543 1378 perniciosum
577 1335 660 1368 erat
691 1330 872 1368 futurum.
926 1330 1052 1368 Video
1084 1331 1182 1370 haec
1214 1334 1268 1369 ita
1300 1333 1376 1371 dici
1406 1346 1534 1383 posse.
1586 1335 1731 1374 Verum
1752 1339 1784 1375 si
1807 1337 1882 1378 hoc

75 1394 179 1425 metu
210 1387 324 1426 liberi
355 1400 452 1436 esse,
485 1390 517 1425 si
549 1389 676 1427 media
707 1389 874 1437 reperire
905 1390 1112 1438 possimus,
1146 1391 1288 1440 quibus
1319 1392 1473 1431 abunde
1495 1394 1607 1431 nobis
1639 1399 1796 1433 cautum
1817 1398 1880 1445 sit,

74 1445 167 1495 quid
199 1450 278 1484 tum
312 1446 440 1485 adhuc
472 1446 622 1485 differat
654 1452 909 1493 astronomos,
943 1459 1019 1496 quo
1052 1449 1178 1486 minus
1202 1452 1479 1489 correctionem
1499 1451 1549 1490 ad
1571 1453 1762 1501 majorum
1784 1466 1880 1493 suo-

73 1516 156 1541 rum
187 1505 406 1555 exemplum
439 1510 602 1555 urgeant
622 1511 659 1544 et
682 1504 964 1555 Gregorianam
997 1506 1307 1546 emendationem
1335 1509 1417 1558 jam
1445 1516 1702 1560 propagatam
1734 1524 1880 1562 appro-

73 1564 176 1610 bent,
210 1575 285 1601 non
321 1563 477 1611 quidem
510 1569 552 1602 ut
584 1565 791 1613 optimam,
830 1563 899 1602 scd
930 1569 972 1602 ut
1004 1576 1081 1603 non
1116 1568 1271 1604 omnino
1304 1569 1513 1616 pessimam
1545 1570 1731 1618 proximis
1762 1583 1880 1621 prae-

72 1622 202 1660 sertim
235 1622 398 1660 seculis:
431 1634 520 1660 nam
551 1623 800 1661 remotiorum
831 1634 902 1660 nos
933 1622 1064 1661 nullus
1095 1628 1199 1663 tenet
1230 1629 1368 1664 metus.

211 1679 313 1728 Quid
336 1686 476 1727 autem,
511 1682 580 1729 ais,
603 1693 673 1718 nos
695 1685 864 1727 moveat,
889 1692 955 1718 cur
976 1681 1132 1720 tandem
1155 1695 1292 1721 manus
1313 1684 1459 1731 demus,
1483 1697 1571 1723 cum
1591 1685 1700 1725 nulla
1720 1692 1879 1727 teneant

71 1742 222 1776 nostras
253 1744 383 1788 partes
416 1739 691 1778 incommoda?
744 1739 913 1776 Primum
942 1740 1023 1788 jam
1056 1740 1204 1790 aliquid
1248 1742 1364 1790 liujus
1398 1743 1489 1780 dixi.
1547 1744 1769 1783 Astronomi
1800 1757 1877 1785 non

71 1801 219 1834 tantum
253 1796 302 1835 ad
343 1797 571 1844 utilitatem,
614 1797 681 1836 sed
727 1798 843 1836 etiam
875 1797 924 1835 ad
957 1798 1129 1838 ordinem
1162 1805 1200 1838 et
1230 1801 1556 1849 pulchritudinem
1594 1803 1732 1841 intenti
1774 1811 1877 1853 sunt,

70 1860 208 1893 natura
241 1857 503 1904 quantitatum
534 1858 590 1894 ita
619 1856 776 1894 serente.
827 1855 927 1894 Nam
960 1858 992 1893 si
1015 1857 1099 1895 Deo
1131 1859 1316 1896 mundum
1349 1859 1497 1909 placuit
1529 1872 1664 1900 ornare
1695 1862 1877 1912 perfectis

71 1915 373 1962 quantitatibus,
408 1926 473 1953 cur
504 1926 582 1952 11011
613 1919 651 1952 et
682 1916 914 1952 astronomis
946 1915 1079 1964 aliqua
1110 1918 1227 1954 etiam
1258 1918 1444 1967 perfectio
1476 1918 1631 1967 placeat
1663 1920 1701 1957 in
1732 1921 1877 1959 fastis?

68 1971 220 2010 Deinde
254 1972 388 2010 eadem
421 1974 660 2011 concinnitas
693 1984 850 2010 movere
883 1972 1051 2012 debebat
1083 1976 1289 2024 principes,
1323 1981 1376 2022 nt,
1412 1978 1595 2025 quoniam
1618 1980 1775 2017 omnino
1794 1979 1876 2028 J'am

71 2030 315 2068 Christianus
349 2032 453 2069 orbis
484 2032 656 2080 suscepit
688 2031 1016 2078 emendationem,
1050 2033 1124 2082 ipsi
1156 2035 1193 2070 in
1226 2046 1266 2072 re
1298 2034 1426 2073 media
1458 2047 1534 2073 non
1568 2036 1713 2074 diutius
1745 2037 1796 2075 ab
1829 2049 1876 2076 eo

3 2092 12 2097 “
70 2088 295 2127 dissideant.
349 2090 486 2128 Faciet
516 2101 655 2139 nempe
688 2089 736 2127 ad
768 2089 913 2138 publici
946 2095 1071 2128 status
1104 2091 1319 2130 decentiam
1353 2093 1601 2132 conformitas
1644 2100 1876 2145 temporum.

69 2146 246 2185 Sufficiat
272 2147 354 2196 jam
385 2160 453 2197 per
483 2160 605 2185 annos
628 2149 769 2196 viginti
799 2148 877 2185 sere
901 2147 1188 2189 demonstrasse
1211 2150 1344 2200 Papae
1366 2152 1585 2190 libertatem
1606 2165 1731 2194 suam.
1783 2153 1875 2193 Jam

69 2206 100 2242 is
132 2205 251 2252 videt,
284 2217 431 2255 posse
463 2218 533 2244 nos
565 2211 603 2244 et
634 2206 767 2244 velle
800 2207 929 2253 etiam,
963 2208 997 2244 si
1028 2208 1141 2245 nobis
1173 2210 1306 2261 prosit,
1340 2211 1502 2248 retinere
1524 2213 1707 2260 antiquos
1737 2212 1873 2259 fastos,

70 2263 173 2312 quod
206 2269 339 2302 autem
361 2265 610 2302 emendemus
641 2269 684 2302 ut
715 2266 797 2314 ipse
831 2264 1065 2313 emendavit,
1099 2277 1176 2303 non
1209 2268 1307 2316 cogi,
1341 2267 1408 2305 sed
1440 2269 1494 2306 ita
1526 2269 1670 2307 bonum
1704 2281 1873 2310 censere.

206 2322 338 2360 Tertio
371 2325 442 2361 etsi
475 2323 571 2360 nihil
602 2322 756 2361 adversi
788 2323 901 2360 nobis
926 2323 1114 2362 hactenus
1147 2324 1221 2364 hac
1253 2325 1300 2364 de
1323 2337 1441 2364 causa
1474 2328 1648 2377 contigit,
1682 2331 1872 2367 tamenin

70 2385 267 2429 posterum
299 2386 443 2419 metuo.
504 2381 591 2419 Non
636 2386 694 2419 est
733 2381 795 2419 hic
827 2386 953 2419 metus
986 2394 1032 2420 ex
1065 2394 1111 2420 eo
1141 2394 1296 2432 genere,
1331 2385 1458 2433 qualis
1491 2385 1573 2431 ille,
1617 2397 1665 2424 116
1704 2386 1871 2425 mundus

70 2442 208 2476 40000
252 2450 374 2476 annos
414 2451 528 2489 porro
568 2439 689 2477 duret.
752 2439 838 2477 Non
878 2445 989 2478 erunt
1030 2441 1142 2478 nobis
1185 2454 1338 2491 semper
1368 2442 1568 2493 Rudolphi
1608 2446 1720 2483 mites
1751 2448 1870 2492 atque

66 2496 212 2535 faciles,
274 2496 427 2546 Aliquis
459 2497 706 2535 Lutherianis
738 2497 910 2535 infensus
944 2500 1188 2537 occasionem
1221 2502 1378 2550 arripiet
1410 2501 1502 2539 belli
1535 2514 1578 2540 ex
1611 2502 1685 2540 hoc
1705 2502 1868 2551 politico

67 2554 193 2592 edicto
227 2559 434 2593 contemto.
489 2556 697 2594 Praetexet
738 2555 916 2604 religioni
950 2556 1222 2595 Calendarium
1256 2565 1293 2597 et
1324 2563 1530 2608 utrumque
1572 2559 1687 2597 simul
1719 2561 1869 2608 eripiet.

67 2613 165 2650 Ecce
200 2611 381 2650 Carolum
425 2614 613 2661 quintum.
676 2614 714 2650 Is
746 2618 788 2650 ut
818 2613 1041 2653 fiduciarios
1084 2627 1176 2653 suos
1209 2616 1257 2654 ad
1290 2629 1331 2656 se
1365 2617 1533 2655 attrahat
1575 2617 1693 2665 dixit,
1737 2618 1793 2655 ire
1823 2629 1866 2657 se

69 2672 247 2720 punitum
280 2669 457 2717 rebelles,
493 2673 558 2719 qui
589 2670 878 2709 Ferdinandum
910 2684 1037 2721 regem
1070 2673 1294 2722 repudient:
1329 2680 1369 2712 at
1401 2686 1446 2712 60
1479 2674 1580 2712 116110
1604 2673 1867 2714 Smalcaldico

67 2740 203 2778 parum
236 2729 379 2775 abfuit,
414 2730 506 2776 quin
537 2729 624 2777 ipsa
654 2728 789 2777 religio
823 2730 1088 2778 conflagraret.
1133 2732 1229 2769 Tale
1262 2733 1354 2781 quid
1386 2743 1498 2780 porro
1533 2743 1688 2780 quoque
1719 2737 1865 2772 metuo.

69 2786 298 2825 Introducta
329 2792 387 2824 est
409 2785 626 2824 emendatio
658 2786 730 2823 sub
763 2788 1036 2836 conjunctione
1066 2801 1208 2838 magna
1239 2789 1395 2828 Saturni
1429 2794 1466 2827 et
1487 2788 1623 2836 Jovis,
1655 2802 1793 2829 vereor
1824 2796 1866 2829 ut

69 2847 282 2894 expugnari
315 2846 438 2894 possit
471 2850 509 2882 et
538 2855 587 2881 ne
620 2844 832 2892 aliquando
865 2847 903 2882 vi
934 2851 1183 2895 propagetur.
1245 2847 1376 2885 Satius
1414 2852 1515 2885 esset
1546 2852 1684 2896 sponte
1716 2848 1867 2898 aliquid

66 2902 184 2949 adire,
218 2902 308 2940 dum
339 2902 447 2940 nulla
472 2901 599 2940 adhuc
622 2903 771 2939 coactio
793 2913 886 2951 prae
919 2903 1076 2950 foribus,
1111 2916 1229 2952 quam
1260 2906 1298 2941 in
1331 2905 1483 2942 futurae
1515 2906 1727 2945 violentiae
1758 2912 1865 2946 metu

64 2962 270 3010 persistere
302 2967 339 3000 et
369 2965 546 3010 posteros
577 2960 752 3009 prodere.
814 2960 866 2997 At
898 2963 1025 3009 possis
1057 2973 1117 2999 me
1149 2962 1272 3001 ridere
1305 2974 1391 3000 cum
1424 2965 1629 3001 immaturo
1651 2976 1736 3003 meo
1758 2970 1865 3004 metu

68 3024 187 3067 atque
220 3019 356 3066 dicere,
391 3018 643 3057 differendum
675 3018 749 3056 hoc
780 3020 979 3066 negotium
1012 3020 1211 3069 tantisper,
1245 3020 1334 3058 dum
1368 3022 1568 3060 immineat
1600 3022 1678 3061 tale
1700 3022 1862 3072 aliquid,

65 3077 149 3126 Ego
183 3089 274 3115 vero
306 3078 382 3127 ajo,
415 3082 495 3115 tum
527 3087 604 3114 non
636 3076 803 3125 amplius
834 3078 889 3114 ita
919 3078 1110 3125 integrum
1141 3080 1284 3116 nostris
1315 3079 1498 3126 futurum,
1532 3081 1608 3117 imo
1642 3082 1675 3118 si
1707 3081 1860 3121 demum

65 3134 139 3174 hoc
159 3135 316 3184 faciant,
348 3137 442 3174 victi
461 3136 594 3174 statim
614 3135 858 3186 praebituros
889 3137 1071 3185 speciem,
1105 3148 1220 3186 quam
1250 3138 1415 3188 primum
1436 3139 1669 3189 imperatum
1690 3139 1861 3182 futurum
