2126 3388
237 171 322 217 864
906 174 991 211 Vita
1013 174 1165 211 Joannis
1190 175 1348 221 Kepleri.

237 290 363 329 aliam.
405 291 459 328 Ex
483 301 559 339 quo
582 291 681 327 enim
702 301 778 329 non
809 291 925 340 hujus
956 297 1105 330 tantum
1136 292 1255 332 seculi
1287 291 1490 340 theologos
1520 290 1654 329 audivi
1686 295 1723 330 et
1753 292 1847 342 legi,
1880 290 1948 331 sed
1969 296 2026 330 tot

237 350 483 387 concionibus
505 354 542 386 et
562 349 711 397 scriptis
733 349 964 388 refutatoriis
987 352 1025 387 in
1046 350 1346 389 sollicitudinem
1378 350 1576 398 conjectus
1608 354 1646 388 et
1678 349 1727 387 ad
1757 352 2024 399 antiquitatem

237 408 350 444 etiam
373 405 602 443 audiendam
624 405 819 456 librosque
842 419 971 445 eorum
994 408 1179 457 legendos
1202 409 1362 446 adactus
1394 419 1494 445 sum:
1523 407 1605 456 jam
1635 419 1748 456 porro
1770 410 2026 457 competentia

237 465 338 514 apud
370 475 428 500 1110
458 465 575 500 oritur
597 466 692 502 inter
714 465 915 502 ecclesiam
939 472 975 504 et
998 466 1211 505 ecclesiam.
1255 467 1395 504 Fateor
1425 465 1572 515 aliquid
1595 465 1733 503 debere
1765 467 2025 504 curiositatem

236 535 359 560 meam
380 523 599 559 auctoritati
622 522 818 571 ecclesiae,
842 529 880 561 at
902 523 969 561 illa
990 526 1198 562 auctoritas
1219 535 1293 561 non
1316 525 1484 571 moritur,
1518 524 1584 561 ubi
1616 523 1748 561 divina
1776 523 2026 573 dispositione

236 586 360 618 exstat
380 579 446 616 illa
469 581 694 629 consignata
715 582 752 617 in
775 583 925 630 scriptis
947 589 1109 632 patrum.
1150 582 1284 620 Debeo
1309 581 1453 630 aliquid
1477 583 1571 620 meis
1594 583 1907 630 praeceptoribus
1928 593 2026 632 quos

236 637 380 684 audivi,
413 637 535 675 debeo
568 639 654 687 plus
686 638 906 686 Veteribus,
939 642 1005 690 qui
1039 645 1146 679 erant
1176 641 1293 689 positi
1325 647 1432 677 extra
1463 640 1588 678 aleam
1619 646 1834 677 nostrarum
1867 646 2027 678 conten-

237 697 393 734 tionum.
455 695 542 734 Hoc
574 709 699 734 meum
733 697 902 734 debitum
935 701 989 736 sic
1021 698 1225 747 dispertior
1257 699 1353 735 inter
1384 698 1492 745 illos,
1527 703 1568 735 ut
1598 697 1711 735 130110
1744 698 1877 736 cedam
1910 709 2027 735 accu-

234 755 381 791 satione
405 754 685 802 modernorum,
718 757 749 792 si
773 757 844 804 ipsi
867 761 1147 805 protestentur,
1180 768 1221 793 se
1243 767 1317 792 non
1341 758 1481 794 sentire
1514 761 1646 793 contra
1676 761 1804 805 patres
1827 757 1863 792 in
1886 756 2026 793 funda-

234 817 384 858 mento,
428 818 467 850 at
501 814 669 850 vicissim
701 815 886 851 retineam
927 815 1142 852 locutiones
1176 821 1348 852 veterum
1381 816 1417 851 in
1450 814 1524 851 hoc
1555 825 1631 851 uno
1663 813 1825 852 articulo
1857 814 1903 852 de
1935 825 2023 863 per—

234 882 329 907 sona
351 870 490 907 Christi
523 876 559 909 et
592 873 714 909 0311115
747 873 1081 922 omnipraesentia,
1115 883 1191 910 non
1225 884 1372 919 curans,
1406 872 1542 922 quales
1583 873 1661 910 sint
1691 873 1729 908 iu
1762 873 1896 910 ceteris
1929 872 2027 920 dog—

234 929 421 975 matibus,
462 930 527 977 qui
565 929 700 968 iisdem
741 929 855 968 hodie
896 938 1072 968 utuntur:
1118 942 1203 968 cum
1241 932 1379 977 sciam,
1424 936 1551 980 patres
1593 930 1681 968 illos
1731 930 1914 968 habuisse
1954 941 2027 967 sua

235 992 362 1024 aetate
395 987 616 1025 manifestos
637 988 887 1026 Nestorianos
920 995 957 1027 et
979 988 1253 1039 Eutychianos,
1286 1000 1410 1037 neque
1442 994 1569 1026 tamen
1602 989 1639 1024 iu
1672 986 1893 1037 despectum
1918 989 2028 1038 quasi

234 1045 513 1082 haereticorum
558 1051 624 1083 aut
666 1046 715 1083 ad
747 1047 942 1085 cavendos
982 1047 1069 1084 illos
1110 1046 1381 1084 abstinendum
1421 1047 1494 1083 sibi
1538 1047 1733 1084 censuisse
1765 1046 2026 1084 locutionibus

235 1103 310 1140 illis
351 1106 443 1142 suis.
506 1104 643 1153 Itaque
685 1116 752 1153 per
792 1105 891 1143 hanc
933 1106 1085 1142 unicam
1125 1106 1412 1142 concessionem
1452 1104 1500 1144 D.
1541 1104 1589 1141 D.
1632 1104 1909 1153 Praeceptores
1952 1105 2027 1142 mei

234 1161 346 1199 facile
379 1161 555 1209 efficient,
590 1168 630 1199 ut
654 1163 881 1200 exhibeatur
903 1165 993 1212 ipsis
1016 1175 1038 1201 a
1060 1175 1119 1201 me
1142 1164 1265 1200 omnis
1296 1163 1510 1200 reverentia
1531 1168 1567 1200 et
1590 1163 1819 1211 obsequium
1841 1163 2028 1201 ecclesiae

236 1219 428 1266 debiturn,
470 1221 501 1257 si
534 1232 593 1258 me
631 1223 827 1269 patiantur
866 1222 1070 1271 phrasibus
1112 1228 1262 1270 patrum
1301 1226 1338 1259 et
1370 1221 1557 1259 ecclesiae
1604 1222 1743 1259 veteris
1775 1223 1813 1258 in
1845 1222 1919 1259 hoc
1951 1231 2026 1258 uno

237 1278 399 1316 articulo
432 1279 499 1323 uti,
532 1290 603 1316 nec
634 1286 788 1328 propter
819 1280 892 1317 1100
924 1291 983 1317 1110
1016 1279 1222 1317 excludant
1257 1281 1536 1317 communione.
1597 1279 1696 1317 Nam
1730 1281 1784 1316 uti
1817 1279 1900 1317 sola
1931 1279 2028 1317 11300

235 1349 321 1374 11103
353 1336 522 1373 exclusio
555 1337 832 1386 inquietudinis
865 1338 958 1375 mihi
991 1339 1113 1375 omnis
1147 1349 1264 1375 causa
1295 1343 1372 1385 est,
1409 1337 1726 1387 tranquillissimo
1760 1337 1856 1375 alias
1886 1338 2026 1385 futuro,

235 1396 289 1432 ita
322 1394 552 1432 exclusionis
585 1395 700 1444 hujus
732 1395 876 1433 1111113111
909 1408 969 1433 1110
1001 1407 1157 1434 03115311]
1189 1396 1374 1444 praebere
1406 1398 1485 1433 scio
1518 1396 1634 1433 aliam
1656 1395 1926 1445 111-3010111300
1958 1407 2028 1433 ex-

236 1454 463 1502 ceptionem.
525 1453 565 1490 Si
606 1454 682 1491 alia
722 1454 816 1491 mihi
857 1451 1103 1504 generalibus
1143 1454 1270 1491 verbis
1312 1455 1501 1491 intentata
1538 1454 1643 1491 fuere
1682 1455 1841 1492 crimina
1859 1454 1919 1504 ff),
1961 1453 2028 1491 illa

235 1523 359 1560 neque
392 1512 555 1560 probata
587 1517 674 1550 sunt
706 1513 815 1550 factis
849 1513 1009 1550 dictisve
1042 1513 1148 1560 meis,
1182 1524 1252 1550 nec
1284 1512 1415 1561 qualia
1446 1514 1522 1550 sint
1553 1513 1648 1550 citra
1679 1512 1795 1550 talem
1826 1513 2029 1561 probatio—

234 1581 319 1606 nem
352 1581 423 1617 ego
456 1581 665 1618 agnoscere
699 1581 766 1607 aut
787 1582 924 1608 cavere
956 1582 1125 1619 possum,
1159 1572 1250 1608 etsi
1283 1570 1374 1619 quid
1407 1582 1478 1619 ego
1502 1569 1563 1608 vel
1585 1572 1783 1608 minimum
1803 1572 1911 1620 potui
1933 1570 2028 1607 sub-

235 1628 386 1665 odorari
420 1627 563 1665 dictum
605 1629 818 1675 factumve,
858 1628 962 1678 quod
1006 1632 1099 1667 citra
1138 1640 1261 1666 11103111
1301 1630 1553 1666 intentionem
1597 1629 1848 1667 offensionem
1891 1639 2027 1677 parare

235 1688 361 1734 potuit
403 1686 584 1735 quodque
628 1687 738 1724 salva
776 1687 849 1725 hac
881 1689 993 1724 unica
1025 1699 1112 1724 mea
1145 1688 1368 1735 exceptione
1413 1688 1540 1736 potuit
1581 1688 1724 1735 omitti,
1767 1687 1804 1724 id
1842 1687 2028 1724 hactenus

234 1743 368 1782 sedulo
402 1745 586 1781 intermisi
617 1757 819 1794 speroque,
852 1747 883 1782 si
917 1745 978 1783 vel
1012 1745 1059 1782 ad
1093 1745 1191 1782 hanc
1223 1745 1355 1782 horam
1388 1757 1510 1794 usque
1542 1756 1617 1782 11011
1641 1746 1755 1794 plane
1777 1745 1813 1782 id
1837 1746 2026 1791 fecissem,

234 1804 266 1840 si
299 1808 425 1839 tamen
460 1814 503 1839 ex
537 1803 610 1840 hoc
641 1810 813 1852 tempore
845 1803 882 1840 id
914 1816 974 1841 me
1007 1804 1194 1841 facturum
1233 1805 1474 1853 promittam,
1518 1805 1777 1854 poenitentiae
1817 1804 1944 1841 locum
1984 1804 2028 1839 iri

234 1861 419 1899 relictum.
483 1860 629 1909 Quodsi
675 1864 788 1900 etiam
829 1862 985 1912 publica
1027 1862 1296 1912 deprecatione
1338 1873 1434 1912 opus
1466 1868 1540 1909 est,
1586 1873 1670 1899 eam
1712 1873 1786 1900 non
1828 1861 2026 1909 recusabo,

236 1918 442 1956 dummodo
475 1921 615 1957 crimen
640 1919 797 1969 aliquod
831 1921 1045 1958 manifestis
1076 1921 1172 1957 meis
1207 1920 1317 1957 dictis
1349 1921 1510 1958 factisve
1534 1921 1727 1970 probetur,
1762 1926 1798 1959 01
1819 1919 2027 1966 auditores,

235 1989 363 2015 coram
396 1978 537 2026 quibus
571 1978 853 2028 deprecandum
886 1980 947 2025 sit,
982 1978 1028 2016 de
1061 1979 1238 2016 omnibus
1271 1980 1439 2016 criminis
1469 1980 1764 2016 circumstantiis
1797 1978 2029 2017 sufficienter

235 2048 257 2073 a
290 2048 348 2073 me
382 2038 530 2085 possint
561 2037 768 2084 informari,
801 2049 847 2074 ne
881 2036 972 2085 quid
1005 2048 1089 2074 11100
1123 2038 1275 2073 1101111110
1308 2042 1543 2087 proponatur
1575 2036 1780 2084 ecclesiae,
1821 2036 1924 2086 quod
1957 2047 2027 2085 ego

236 2105 312 2131 non
345 2106 526 2142 agnosco,
560 2106 659 2143 quac
693 2095 931 2145 hypocritica
962 2095 1182 2144 deprecatio
1215 2101 1329 2132 esset.

375 2153 421 2189 Et
454 2155 544 2201 quia
570 2153 652 2201 jam
684 2155 774 2191 anni
818 2159 907 2190 sunt
937 2159 1084 2202 septem
1116 2154 1274 2201 integri,
1315 2164 1381 2203 per
1413 2164 1510 2202 quos
1543 2152 1654 2190 durat
1685 2153 1781 2191 haec
1813 2153 2027 2203 suspensio,

238 2222 323 2248 cum
355 2223 505 2260 semper
537 2211 786 2261 praetendant
819 2212 933 2260 hujus
966 2212 1043 2249 loci
1073 2212 1248 2257 ministri,
1282 2223 1322 2249 se
1354 2217 1509 2261 paratos
1542 2223 1626 2249 esse
1658 2223 1718 2249 me
1750 2212 1963 2258 admittere,
1997 2212 2029 2247 si

237 2280 260 2305 a
293 2271 519 2306 consistorio
560 2270 622 2307 vel
662 2269 845 2307 facultate
879 2269 1098 2318 theologica
1130 2269 1451 2317 Wirtembergica
1492 2269 1564 2306 hoc
1596 2271 1812 2320 impetrem,
1854 2280 1924 2307 nec
1955 2280 2029 2306 un-

238 2338 353 2376 quam
386 2327 478 2364 mihi
511 2330 769 2376 categoricum
802 2339 1027 2377 responsum
1060 2339 1082 2364 a
1114 2339 1311 2376 quoquam
1344 2327 1611 2376 theologorum
1643 2329 1756 2366 fuerit
1789 2329 1938 2374 datum,
1983 2338 2028 2364 ex

237 2396 314 2433 quo
346 2386 501 2432 scirem,
545 2398 590 2422 an
625 2385 790 2423 finaliter
822 2386 1002 2423 exclusus
1036 2386 1107 2422 sim
1138 2397 1258 2423 necne
1290 2384 1392 2436 (nam
1425 2387 1624 2435 responsio
1666 2387 1881 2424 consistorii
1915 2385 2029 2423 81110-

237 2443 407 2480 cardiani
439 2445 560 2492 primo
593 2455 694 2481 anno
727 2444 974 2490 (13130012),
1006 2444 1177 2493 profecta
1209 2448 1266 2481 est
1298 2455 1343 2481 cx
1375 2444 1477 2480 mala
1509 2444 1789 2492 informatione,
1823 2445 1912 2482 0151
1937 2442 2029 2492 quid

237 2503 276 2537 in
310 2513 355 2539 ea
387 2501 480 2538 inihi
514 2503 661 2539 crimini
694 2501 825 2539 datum
860 2508 916 2539 cst
948 2513 1055 2547 vere,
1088 2501 1126 2538 id
1159 2513 1270 2551 spero
1303 2501 1488 2539 hactenus
1523 2503 1767 2540 emendatum
1802 2501 1919 2552 esse),
1953 2503 2028 2538 ita-

237 2571 312 2607 que
343 2560 436 2596 mihi
464 2559 544 2608 jam
577 2561 714 2597 iterato
746 2571 930 2609 responso
963 2559 1025 2597 vel
1057 2559 1212 2597 tandem
1236 2571 1332 2610 opus
1355 2562 1434 2606 erit,
1468 2572 1592 2609 neque
1624 2561 1715 2597 mihi
1749 2562 1818 2598 erit
1848 2560 2029 2598 commit-

237 2617 405 2664 tendum,
440 2623 480 2654 ut
511 2619 581 2655 sim
614 2622 799 2667 perpetuo
832 2620 965 2655 vivum
997 2617 1241 2663 scandalum,
1286 2617 1353 2655 sed
1387 2618 1660 2656 occurrendum
1704 2620 1774 2657 erit
1805 2623 1842 2656 01
1873 2618 1961 2655 111110
1992 2621 2030 2654 01

236 2675 360 2714 1311130
392 2675 558 2725 plurium
590 2676 808 2713 haeresium
839 2676 976 2714 mediis
1009 2677 1067 2722 iis,
1102 2688 1201 2724 quae
1223 2681 1312 2714 sunt
1334 2678 1428 2714 meis
1451 2677 1736 2715 conditionibus
1757 2681 2026 2714 consentanea.

377 2733 427 2772 Ut
460 2740 587 2772 autern
622 2736 744 2772 omnis
787 2734 992 2771 difficultas
1025 2736 1224 2783 omnisque
1257 2735 1488 2784 perplexitas
1532 2735 1709 2782 tollatur,
1753 2735 1864 2772 facile
1903 2737 2029 2783 potest

239 2790 359 2828 dividi
391 2795 580 2841 quaestio.
643 2793 731 2831 Scio
763 2794 883 2830 vitam
915 2804 1040 2830 meam
1072 2804 1147 2829 non
1179 2805 1293 2842 posse
1327 2794 1535 2830 examinari
1569 2795 1605 2829 in
1638 2788 2027 2841 Wirtembergiaiffl),

238 2850 303 2886 ubi
336 2862 405 2887 nec
437 2856 638 2888 accusator
681 2862 750 2888 nec
780 2862 867 2889 reus
909 2862 1089 2901 praesens
1123 2855 1190 2890 est.
1251 2850 1331 2888 Nec
1364 2850 1410 2888 de
1442 2851 1514 2888 1130
1546 2852 1722 2900 quaestio
1755 2855 1832 2896 est,
1873 2848 1940 2886 sed
1982 2848 2028 2886 de

243 2906 316 2944 hoc
347 2908 484 2956 solum,
517 2915 569 2946 ut
600 2920 734 2946 meae
767 2910 1061 2958 praesentis
1094 2909 1448 2946 confessionis
1487 2908 1544 2961 (ut
1576 2914 1714 2947 sonant
1753 2908 1870 2946 verba
1901 2911 2029 2944 recto-

240 2975 323 3002 rum
354 2965 468 3015 hujus
500 2965 701 3019 ecclesiae)
732 2967 1151 3017 approbationem
1183 2968 1245 3018 (an
1279 2966 1427 3005 scilicet
1457 2972 1583 3006 stante
1615 2979 1661 3006 ea
1692 2965 1841 3004 admitti
1868 2962 2031 3017 possim)

379 3103 408 3144 “)
434 3104 697 3136 Hafenrefferus:
723 3106 775 3136 De
799 3107 901 3137 nullis
927 3106 1009 3136 mihi
1035 3106 1227 3137 criminibus
1254 3107 1392 3139 constat,

367 3147 415 3193 ¹¹⁸)
440 3151 658 3183 Hafenrefferi
681 3152 878 3191 marginale:
905 3153 1015 3184 Vitam
1041 3161 1195 3184 accusare
1220 3161 1286 3184 non
1310 3161 1460 3193 possum.
