2126 3388
928 162 1031 202 1618.
1785 171 1868 217 857

72 287 155 321 stae
186 287 338 332 tensas,
378 289 468 334 post
512 285 839 334 conspirationem
870 282 1235 336 Jerosolymitarum
1276 286 1454 327 Caesaris
1495 290 1737 330 subditorum
1782 304 1867 331 cum

72 340 228 380 Herode
268 342 480 381 Tetrarcha
512 343 715 382 Galilaeae
748 349 786 381 et
816 343 987 381 Peraeae
1033 344 1135 396 (ante
1175 348 1490 398 carcerationem)
1534 351 1640 387 venit
1679 350 1797 389 Jesus
1829 353 1867 390 in

72 399 291 438 Galilaeam
325 407 362 439 et
394 401 562 440 adscivit
593 401 816 451 discipulos.
881 402 942 439 Ita
973 402 1228 450 pulclierrIme
1262 405 1338 441 coit
1369 405 1552 455 historia,
1585 421 1671 446 cum
1704 411 1739 446 in
1774 409 1869 459 Epi-

70 458 215 508 phanio
253 461 449 508 supersint
487 460 745 498 difficultates.
807 460 885 499 Sed
918 461 1010 508 quid
1048 461 1145 499 haec
1186 462 1345 500 multis?
1397 465 1561 503 Exstant
1599 467 1684 504 libri
1723 469 1797 506 mei
1830 470 1866 505 in

71 523 230 566 quarto,
263 517 326 555 De
357 531 468 557 anno
505 518 650 557 Christe·
683 519 827 557 Natali
863 519 981 557 latine
1024 524 1059 557 et
1091 522 1245 570 ecloyae
1283 522 1492 560 chronicae
1529 525 1776 574 epistolares,
1822 538 1868 565 ex

71 575 213 624 quibus
246 576 376 614 videre
410 582 479 623 est,
512 577 604 626 qnid
636 582 842 626 praestem.
905 576 1077 615 Plurima
1109 578 1314 627 Evangelii
1345 580 1432 618 loca
1462 582 1558 620 fiunt
1591 583 1765 631 clariora,
1800 597 1869 623 ex-

69 633 180 671 traho
213 646 257 672 cx
281 634 408 672 Isacio
433 635 666 673 Casaubono
697 637 919 685 praecipua,
955 635 1117 685 dispono
1150 637 1353 687 plerasque
1385 639 1566 678 historias
1597 654 1664 690 per
1695 648 1868 692 tempora

70 693 160 730 anni
192 693 228 728 in
253 692 485 732 Calendario
507 693 676 732 ,Iudaico
709 699 746 731 et
768 695 969 742 Romano3
1002 694 1098 731 nihil
1130 700 1353 744 transpono,
1385 699 1475 746 quin
1497 704 1565 736 aut
1586 699 1712 748 plures
1738 702 1868 740 Evan-

67 750 232 799 gelistae
263 747 396 789 contra
427 754 630 800 pauciores
663 754 929 799 consentiant,
973 757 1040 789 aut
1071 754 1290 791 tacentibus
1322 754 1497 804 reliquis,
1540 759 1653 796 unius
1687 759 1867 807 Evange-

67 807 180 846 listae
211 810 330 847 series
361 815 490 847 textus
521 810 560 848 id
592 809 757 848 suadeat
799 816 867 848 aut
905 812 1075 848 rationes
1121 812 1333 850 evidentes.
1398 813 1439 850 In
1473 827 1623 854 summa
1654 817 1750 855 haec
1782 830 1867 856 mea

66 866 138 904 fuit
169 868 342 915 intentio,
375 870 578 907 scientiam
610 868 926 907 mathematicam
949 868 1208 908 Christianam
1240 871 1366 910 facere
1398 873 1513 921 inque
1547 874 1708 913 ecclesia
1736 882 1867 915 osten-

65 930 160 964 tare.
211 925 289 964 Sed
312 926 460 974 desino,
494 927 539 964 R.
563 928 610 964 D.
638 927 764 965 Tuam
788 928 1036 965 vehementer
1068 929 1184 965 etiam
1210 935 1327 978 atque
1349 931 1462 967 etiam
1488 934 1671 981 rogitanS,
1704 940 1745 972 ut
1772 947 1866 973 con-

64 989 214 1022 suetam
246 996 372 1023 meam
404 986 623 1024 libertatem
663 986 779 1035 aequi
821 987 992 1034 bonique
1025 987 1215 1025 consulat.
1280 987 1377 1027 Vale
1411 990 1448 1026 in
1481 990 1689 1030 Nestoreos
1731 1005 1864 1034 annos.

65 1041 189 1081 Lincii
220 1043 401 1083 Austriae
433 1056 534 1083 anno
570 1048 692 1083 1618.
727 1047 794 1084 28.
826 1044 1017 1083 Novemb.

876 1102 923 1141 R.
957 1103 1006 1143 D.
1040 1102 1084 1141 T.

1350 1161 1726 1205 Observantissimus

155 1217 353 1257 Inscriptio:
388 1215 599 1250 Reverendo
632 1219 668 1251 et
702 1215 909 1250 Clarissimo
935 1215 1032 1269 Viro,
1431 1223 1474 1260 J.
1508 1222 1659 1272 Kepler

62 1262 108 1296 D.
141 1261 319 1297 Matthiae
356 1262 585 1297 Hafenreffer
619 1263 681 1298 SS.
717 1262 782 1297 Th.
817 1264 965 1298 Doctori
999 1268 1035 1298 et
1384 1278 1696 1324 Mathematicus·

60 1308 262 1344 Professori
280 1309 316 1343 in
335 1309 530 1344 Academia
543 1309 778 1353 Tubingensi,
799 1309 1032 1354 ejusdemque

62 1355 285 1410 Can-cellario
311 1356 542 1401 Dignissimo,
570 1358 613 1392 D.
631 1356 781 1392 Fautori
806 1368 885 1392 meo
913 1356 1033 1392 colen-

61 1403 336 1486 dlsuull’quaesent.
364 1449 393 1485 6.
420 1449 502 1485 Jan.
530 1450 632 1486 1619.
830 1451 1032 1496 Tiibingen.

199 1566 472 1603 Hasenrefferus
499 1567 544 1603 ad
569 1567 660 1603 haec
685 1568 892 1612 respondit:

199 1625 359 1661 Salutem
386 1625 422 1661 in
450 1626 593 1661 Christo
618 1625 719 1671 Jesu,
746 1626 899 1661 Domino
927 1629 963 1660 et
990 1625 1175 1662 salvatore
1202 1632 1338 1664 nostro.

200 1683 403 1719 Clarissime
436 1689 472 1719 et
495 1684 809 1729 praestantissime
835 1684 917 1728 Vir,
944 1684 1097 1719 Domine
1123 1688 1158 1720 et
1185 1686 1327 1730 Amice,
1355 1686 1584 1732 singulariter
1610 1690 1695 1725 mihi
1723 1701 1864 1736 semper

59 1742 270 1778 honorande
299 1747 334 1777 et
361 1742 585 1779 charissime.
637 1743 680 1777 In
706 1742 819 1777 literis
844 1743 933 1786 tuis,
970 1754 1035 1787 per
1061 1744 1110 1777 M.
1137 1743 1370 1789 Wagnerum,
1397 1752 1578 1791 pastorem
1604 1749 1862 1785 Neosolensem

58 1801 147 1836 mihi
172 1802 344 1843 redditis,
370 1802 547 1847 principio
574 1806 708 1836 metum
735 1802 822 1836 mihi
848 1801 1035 1845 attribuis,
1072 1813 1142 1845 quo
1168 1803 1401 1847 praepeditus
1433 1805 1519 1838 nihil
1544 1806 1720 1842 hactenus
1745 1807 1862 1843 litera-

59 1870 136 1895 rum
163 1860 207 1895 ad
236 1865 270 1895 te
297 1860 467 1905 dederim,
494 1871 538 1895 ne
565 1865 611 1904 tc,
640 1861 793 1896 amicum
820 1871 950 1905 meum,
977 1860 1217 1905 offenderem3
1252 1872 1358 1906 quem
1385 1862 1414 1897 si
1440 1873 1521 1898 eum
1546 1863 1732 1910 intelligis,
1759 1867 1862 1910 quasi

58 1918 244 1954 veritatem
281 1919 395 1954 amico
422 1924 657 1964 postponam,
694 1930 762 1955 nae
795 1918 990 1964 plurimum
1024 1919 1173 1955 falleris.
1224 1920 1314 1954 Nam
1346 1921 1414 1956 iste
1442 1922 1527 1957 mihi
1554 1933 1696 1968 semper
1721 1925 1861 1961 animus

59 1987 175 2021 eaque
208 1977 499 2012 constantissima
531 1988 632 2012 mens
667 1977 754 2022 fuit,
787 1989 859 2013 non
893 1977 1148 2020 offensionem,
1184 1978 1246 2013 sed
1282 1978 1388 2023 longe
1423 1981 1615 2015 maximum
1649 1982 1860 2018 beneficium

57 2033 263 2070 habendum
290 2045 382 2079 esse,
411 2035 517 2069 etiam
544 2035 724 2071 dolentem
751 2041 786 2071 et
811 2036 1037 2071 restitantem
1065 2036 1217 2072 amicum
1244 2037 1280 2071 in
1305 2037 1398 2072 viam
1425 2039 1554 2074 (lucere
1573 2040 1745 2076 veritatis.
1790 2042 1859 2077 Sed

56 2093 148 2139 proh
175 2093 277 2129 dolor
303 2095 470 2140 experior
497 2095 611 2140 (quod
637 2104 767 2139 magna
793 2100 828 2128 et
854 2095 950 2129 tristi
975 2100 1175 2141 σι’μπαθειᾳ
1202 2096 1403 2140 experior),
1431 2103 1465 2132 tc
1492 2109 1564 2133 non
1590 2103 1727 2135 tantum
1752 2101 1861 2135 medi-

57 2163 134 2187 cam
159 2164 332 2198 respuere
359 2165 514 2199 manum,
543 2154 606 2189 sed
633 2153 874 2189 acerbissimis
902 2164 1044 2198 quoque
1071 2153 1187 2189 verbis
1207 2156 1373 2200 excipere
1391 2156 1660 2193 auxiliatorem!
1688 2159 1757 2194 Sed
1777 2160 1859 2204 quid

56 2220 171 2255 agam,
198 2211 347 2247 alterius
375 2213 483 2247 animi
508 2223 692 2258 nunquam
727 2213 872 2247 futurus
899 2213 1042 2247 rector?
1094 2212 1197 2255 Quod
1224 2217 1344 2248 tamen
1374 2215 1534 2258 regimen
1566 2227 1748 2259 nunquam
1775 2218 1862 2252 mihi

55 2269 207 2305 attribui
232 2269 356 2314 velim,
390 2281 457 2305 nec
484 2271 514 2305 si
540 2271 664 2315 velim,
697 2270 832 2315 possim
868 2281 1025 2315 sperare.
1077 2271 1350 2315 Meditatffines,
1382 2274 1621 2317 cognitionem
1657 2280 1691 2309 et
1716 2275 1859 2311 labores

56 2331 138 2363 tuos
165 2328 324 2372 insignes
351 2333 387 2363 et
411 2329 553 2365 nobiles
579 2341 651 2364 non
677 2334 817 2365 tantum
843 2330 879 2363 in
904 2328 1171 2374 sublunaribus,
1200 2329 1262 2365 sed
1288 2330 1323 2365 in
1342 2332 1585 2376 superioribus
1612 2334 1776 2369 omnibus
1802 2346 1860 2369 us-

53 2397 123 2432 que
148 2388 194 2423 ad
220 2399 424 2433 supremam
444 2389 588 2425 Saturni
616 2388 861 2433 superficiem,
890 2398 1031 2432 semper
1056 2398 1206 2423 veneror
1231 2390 1555 2436 magnifaciamque
1584 2403 1735 2436 semper.
1789 2393 1857 2428 Sed

55 2456 146 2489 quae
177 2446 382 2491 superiora,
418 2458 509 2491 quae
544 2447 778 2492 spiritualiter
814 2446 984 2481 coelestia
1021 2451 1121 2491 sunt,
1155 2458 1226 2482 uno
1262 2448 1370 2482 verbo
1404 2460 1496 2494 quae
1527 2450 1730 2494 theologica
1764 2457 1857 2496 sunt,

52 2503 111 2538 hic
135 2514 277 2539 manum
311 2505 354 2539 de
379 2505 522 2540 tabula!
561 2505 629 2541 Hic
655 2503 871 2541 stultescere
904 2508 1047 2548 oportet
1080 2515 1182 2540 omne
1216 2505 1361 2541 humani
1386 2508 1520 2552 ingenii
1556 2520 1717 2545 acumen.
1768 2511 1856 2545 Con-

54 2561 197 2596 cordiae
221 2561 408 2597 formulam
446 2564 641 2598 sarcastice
679 2574 794 2597 meam
820 2562 1004 2607 appellas,
1039 2562 1142 2605 cujus
1168 2574 1243 2607 me,
1276 2565 1360 2609 quia
1389 2566 1661 2601 fundamentum
1688 2568 1856 2603 coelestis

52 2619 214 2654 veritatis
240 2630 285 2654 ex
311 2621 498 2665 scripturis
526 2622 660 2656 sanctis
694 2621 1015 2656 fundamentaliter
1039 2626 1191 2663 tractat,
1227 2633 1411 2667 nunquam
1443 2625 1573 2669 puduit
1606 2635 1672 2659 nec
1705 2626 1857 2670 pudebit

54 2689 223 2724 unquam.
273 2679 365 2713 Mihi
384 2680 616 2724 juventutem
647 2691 764 2716 meam
790 2681 989 2724 exprobras
1021 2680 1057 2713 in
1084 2680 1280 2715 ministerio
1313 2689 1612 2719 succrescentem.
1656 2684 1750 2728 (Noli
1776 2695 1855 2720 suc-

53 2747 200 2773 censere
225 2737 531 2782 accommodanti,
567 2743 665 2773 recte
701 2738 794 2774 enim
820 2737 907 2771 mihi
933 2737 1001 2782 ipsi
1028 2737 1203 2781 attribuo,
1240 2750 1331 2782 quae
1364 2751 1444 2775 cum
1471 2741 1656 2776 stomacho
1682 2742 1767 2776 mihi
1794 2743 1853 2777 ob-

48 2794 197 2840 jectas.)
247 2795 343 2830 Illud
380 2806 463 2830 vero
501 2796 588 2830 mihi
621 2796 736 2838 dolet,
774 2796 870 2840 quod
904 2796 947 2830 de
983 2797 1179 2832 communis
1216 2794 1362 2832 nostrae
1393 2799 1532 2842 patriae
1558 2804 1593 2834 et
1620 2801 1853 2837 ecelesiarum

54 2853 185 2888 Christi
205 2853 406 2888 Servatoris
432 2853 536 2888 ruina
554 2854 771 2896 vaticinaris,
797 2854 895 2897 quod
914 2859 1033 2890 tamen
1055 2866 1121 2900 ego
1147 2856 1244 2900 pium
1262 2856 1417 2890 libenter
1438 2862 1570 2892 metum
1587 2860 1719 2905 potius,
1747 2872 1851 2905 quam

52 2911 219 2946 acerbam
244 2911 518 2956 ἐπιχαιρεκακιαν
552 2912 829 2956 interpretarer,
865 2913 893 2946 si
924 2913 1064 2958 reliqua
1096 2914 1302 2949 iracundiae
1335 2914 1442 2949 verba
1477 2915 1570 2951 hanc
1602 2928 1728 2953 sensus
1761 2920 1851 2955 miti-

52 2969 233 3011 gationem
266 2974 489 3014 paterentur.
540 2970 610 3004 Sed
641 2969 857 3005 maledicant
891 2971 1049 3013 Christo,
1086 2973 1145 3015 qui
1172 2973 1300 3016 velint,
1333 2984 1399 3018 ego
1432 2974 1599 3018 capulare
1634 2976 1850 3013 silicernium

53 3028 158 3063 citius
184 3038 239 3062 me
264 3028 455 3064 liberatum
487 3029 530 3063 iri
556 3039 678 3074 spero,
715 3041 821 3074 quam
856 3035 893 3063 ut
928 3030 1052 3065 hostes
1089 3030 1157 3064 hoc
1188 3031 1358 3073 gaudium
1390 3032 1445 3068 vel
1476 3033 1630 3069 ecclesia
1662 3035 1850 3081 patriaque

52 3087 146 3122 hanc
172 3086 353 3122 exitialem
387 3088 527 3124 ruinam
561 3087 726 3124 viderint.
777 3089 876 3123 Bone
903 3088 991 3123 Jesu
1017 3099 1120 3123 serva
1144 3100 1226 3134 nos,
1254 3090 1381 3125 cohibe
1406 3101 1529 3126 omnes
1554 3091 1679 3127 hostes
1705 3096 1787 3129 tuos
1815 3097 1851 3129 et

53 3144 213 3182 veritatis
237 3147 340 3182 tuae!
388 3145 574 3191 Permitte,
601 3156 749 3191 quaeso,
774 3151 814 3183 ut
832 3147 933 3193 justo
960 3147 1166 3193 indulgeam
1191 3148 1324 3193 dolori,
1351 3149 1533 3185 crudelem
1559 3149 1737 3188 medicum
1761 3151 1848 3188 facit
