2126 3388
229 185 312 230 868
909 179 994 215 Vita
1017 177 1169 214 Joannis
1193 177 1354 223 Kepleri.

227 300 416 342 infinitate,
440 297 571 341 ubique
596 297 788 340 praesen33
814 294 970 329 humana
988 298 1107 329 autem
1124 297 1253 329 natura
1277 292 1362 329 licet
1386 291 1526 326 infinito
1551 294 1640 338 λογῳ
1657 292 1897 337 personaliter
1913 293 2013 329 unita

228 369 299 395 non
325 357 456 401 ubique
481 363 663 398 praesens,
691 352 754 388 sed
778 352 815 387 in
840 361 910 386 uno
936 354 1076 386 tantum
1103 356 1200 386 certo
1225 350 1305 386 loco
1333 350 1396 394 sit)
1430 353 1545 385 totum
1570 351 1827 387 incarnationis
1853 357 1888 387 et
1911 353 2012 387 unio·

225 418 280 452 nis
304 412 520 461 personalis,
553 411 645 446 sicut
677 411 784 447 etiam
816 414 1077 453 consequenter
1108 409 1367 444 communionis
1399 409 1609 453 mysterium
1640 413 1756 445 totum
1781 415 2010 447 evacuatum:

224 471 441 519 impossibile
472 480 624 513 namque
649 474 703 505 est
736 469 897 513 (servatis
923 470 1178 514 scripturarum
1211 467 1467 512 fundamentis)
1500 465 1557 502 vel
1587 467 1740 511 fingere,
1775 472 1880 512 λογον
1913 470 2014 502 extra

225 540 325 566 suam
352 537 494 563 carnem
520 537 610 571 esse,
635 526 705 562 hoc
729 532 784 562 est
807 527 1027 572 impossibile
1052 532 1107 562 est
1131 526 1244 570 (salva
1267 525 1417 560 veritate
1442 524 1713 569 scripturarum)
1738 524 1885 570 fingere,
1910 530 2013 569 λογον

223 588 445 622 incarnatum
471 595 551 620 esse
575 584 718 629 ubique,
748 595 891 620 carnem
916 590 1034 621 autem
1059 590 1149 631 λογῳ
1175 582 1414 629 personaliter
1430 582 1568 618 unitam
1592 583 1629 618 in
1654 592 1724 618 uno
1751 587 1849 618 certo
1874 587 2013 618 tantum

221 645 317 688 loco,
354 653 445 688 quae
475 652 533 677 res
558 647 673 678 totum
703 643 885 687 ingenium
908 647 1021 685 tuum,
1047 654 1163 679 rerum
1191 652 1374 677 sacrarum
1407 640 1599 676 adorandis
1630 641 1807 686 mysteriis
1833 651 1906 676 non
1931 640 2013 675 sub-

223 701 345 744 ditum,
371 700 611 735 miserandum
635 701 670 735 in
696 702 840 737 modum
865 701 1064 746 perturbat.
1114 701 1205 735 Eam
1231 699 1276 734 ob
1303 709 1447 734 causam
1475 709 1591 743 neque
1617 710 1702 744 ego,
1727 709 1842 743 neque
1868 698 2013 733 Domini

221 759 383 804 collegae
410 763 445 793 et
469 759 602 793 fratres
628 760 698 793 mei
723 759 899 794 absurdas
926 764 962 793 et
987 759 1217 803 blasphemas
1252 756 1525 802 imaginationes
1551 762 1633 792 tuas
1659 757 1862 801 approbare
1886 766 2012 800 possu-

222 828 313 859 mus,
338 818 402 852 sed
427 817 548 862 potius
572 828 644 853 una
670 829 748 853 cum
776 817 989 853 consistorio
1017 815 1269 861 Stutgardiano
1305 819 1340 850 et
1364 825 1443 849 cum
1467 814 1552 849 Rev.
1582 818 1618 848 et
1641 814 1778 849 clariss.
1804 813 1879 849 viro
1906 814 1948 849 D.
1967 814 2011 848 D.

220 876 299 910 Hoe
323 876 382 920 pie
409 880 444 910 et
468 875 663 910 christiana
681 886 726 911 ex
745 874 919 910 charitate
937 874 1002 909 tibi
1021 873 1213 909 suadentes
1232 872 1461 918 consulimus,
1488 876 1527 907 ut
1545 872 1696 916 abjectis
1715 871 1848 907 stultae
1865 871 2012 907 rationis

218 933 534 977 imaginationibus
559 933 745 968 veritatem
771 933 965 969 coelestem
990 943 1073 967 vera
1091 932 1161 967 fide
1178 931 1441 977 apprehendas,
1468 935 1504 965 et
1530 930 1649 964 divina
1666 929 1837 974 mysteria
1861 928 2013 974 simplici

219 990 301 1033 fide,
330 990 426 1034 quod
453 1000 574 1025 omnes
608 990 681 1025 veri
707 990 891 1025 christiani
922 990 1073 1034 faciunt,
1107 991 1167 1034 pio
1203 989 1376 1034 obsequio
1410 989 1539 1023 adores
1564 999 1606 1023 ac
1631 988 1829 1032 venereris3
1861 987 1958 1032 quod
1983 987 2014 1022 si

220 1048 346 1084 feceris
381 1054 417 1083 et
442 1048 630 1083 ecclesiam
663 1048 723 1093 pio
758 1058 909 1083 assensu
941 1047 1177 1092 exhilarabis,
1212 1052 1247 1082 et
1280 1051 1378 1082 tuam
1412 1046 1525 1090 ipsius
1559 1045 1813 1080 conscientiam
1844 1045 2011 1080 restitues

218 1106 488 1151 tranquillitati:
526 1106 579 1141 sin
612 1106 779 1142 fraternis
812 1105 943 1141 nostris
970 1105 1269 1141 admonitionibus
1295 1105 1429 1140 diutius
1456 1105 1563 1140 etiam
1588 1103 1836 1148 refragabere,
1869 1114 1936 1139 nos
1960 1104 2012 1138 in-

222 1165 337 1200 felicis
362 1165 466 1200 istius
491 1164 649 1199 vulneris
675 1163 861 1207 (stultitiae
887 1164 1066 1199 humanae
1090 1164 1240 1200 rationis
1265 1163 1385 1207 gladio
1411 1163 1473 1198 tibi
1500 1162 1640 1206 inflicti)
1664 1172 1781 1207 neque
1799 1161 2011 1197 medicinam

219 1223 389 1267 videmus,
415 1233 480 1257 nec
506 1232 577 1266 qua
603 1222 739 1257 ratione
767 1221 1019 1257 offendiculum
1047 1221 1219 1257 ecclesiae
1246 1221 1365 1257 sanari
1390 1221 1506 1266 possit
1530 1219 1775 1264 intelligimus,
1825 1219 1895 1263 Qui
1919 1220 2013 1254 enim

221 1291 301 1317 cum
325 1279 479 1315 ecclesia
505 1279 708 1315 orthodoxa
733 1289 804 1313 non
831 1279 979 1314 eandem
1005 1279 1113 1315 fidem
1138 1284 1173 1314 et
1190 1279 1382 1324 profitetur
1408 1279 1556 1323 0100111,
1585 1279 1766 1323 quomodo
1791 1278 1919 1314 iisdem
1937 1289 2017 1313 cum

221 1337 382 1379 eeclesia,
410 1348 431 1372 a
457 1337 559 1380 cujus
585 1336 655 1370 fide
682 1337 858 1379 dissentit,
887 1339 1119 1373 sacramentis
1145 1339 1294 1373 utatur?

356 1396 455 1430 Haec
482 1395 587 1429 Dom.
613 1394 653 1428 T.
681 1405 725 1429 ex
752 1395 864 1430 amico
892 1401 925 1431 01
952 1395 1146 1430 christiano
1174 1395 1282 1431 corde
1307 1395 1437 1440 scribo,
1465 1394 1528 1430 sed
1553 1405 1598 1430 ne
1615 1399 1734 1440 putes,
1762 1394 1920 1440 privatas
1939 1403 2017 1429 esse

220 1454 467 1500 cogitationes,
493 1454 584 1488 scias
611 1453 700 1488 haec
727 1453 843 1488 omnia
872 1464 951 1488 cum
976 1454 1019 1488 D.
1038 1454 1079 1488 D.
1108 1453 1255 1497 collegis
1289 1454 1376 1488 111015
1402 1464 1457 1488 1110
1493 1453 1797 1496 communicasse3
1830 1451 1889 1496 qui
1922 1452 2018 1496 quod

220 1512 344 1549 eadem
368 1523 508 1548 mecum
534 1512 690 1548 sentiant
714 1512 880 1556 idemque
907 1511 1045 1546 consilii
1071 1511 1248 1556 habeant,
1282 1516 1322 1546 ut
1350 1518 1412 1546 aut
1438 1522 1605 1547 erroneas
1632 1515 1668 1546 et
1691 1510 1844 1545 multum
1868 1509 2017 1544 fallaces

217 1570 490 1616 imaginationes
511 1570 669 1614 abjicias,
689 1569 874 1604 veritatem
893 1570 1047 1605 divinam
1066 1570 1192 1605 humili
1209 1569 1279 1605 fide
1297 1570 1537 1615 amplectaris,
1556 1573 1618 1606 aut
1637 1569 1856 1605 consortium
1871 1573 2016 1603 nostrae

223 1628 395 1663 ecclesiae
422 1632 457 1662 et
483 1627 719 1662 confessionis
751 1627 860 1673 vites,
894 1627 1051 1664 fraterne
1083 1628 1239 1664 suadent
1272 1634 1308 1664 et
1341 1629 1589 1664 exhortantur.
1638 1629 1730 1664 Nam
1756 1628 1920 1664 Christus
1946 1637 2017 1662 non

218 1685 396 1730 irridetur,
424 1695 542 1729 neque
566 1684 659 1719 idem
684 1685 898 1729 purissimus
925 1687 1100 1722 ecclesiae
1127 1697 1212 1722 suae
1238 1698 1394 1732 sponsus
1422 1699 1501 1722 cum
1528 1687 1627 1722 vanis
1647 1692 1682 1722 et
1699 1686 1917 1732 blasphemis
1944 1684 2018 1729 opi—

219 1743 384 1779 nionibus
410 1753 566 1778 amorem
593 1753 698 1777 suum
723 1744 887 1787 partitur.
940 1745 1052 1789 Quem
1078 1746 1114 1780 in
1139 1746 1246 1781 finem
1272 1751 1311 1781 111
1337 1747 1371 1780 111
1399 1746 1562 1781 omnibus
1587 1746 1687 1781 hisce
1713 1745 1891 1790 capitibus
1916 1743 2016 1788 pium

220 1812 322 1837 suum
348 1805 595 1837 contestentur
626 1811 858 1847 consensum,
896 1803 989 1838 hanc
1023 1804 1137 1848 ipsam
1176 1815 1319 1848 quoque
1346 1804 1535 1849 epistolam
1561 1804 1716 1849 propriis
1741 1813 1910 1839 manuum
1935 1801 2016 1836 sub-

221 1860 472 1905 scriptionibus
498 1860 811 1896 communiverunt.

359 1918 521 1953 Eandem
555 1917 598 1952 ob
631 1928 775 1952 causam
808 1919 902 1953 hanc
943 1929 1166 1955 communem
1199 1925 1359 1956 nostram
1395 1920 1586 1965 epistolam
1621 1919 1834 1955 consistorio
1873 1928 2015 1964 quoque

224 1975 480 2020 Stutgardiano
508 1976 858 2021 communicavimus,
882 1981 922 2012 ut
945 1982 1118 2012 testatum
1144 1978 1386 2022 redderemus,
1415 1989 1480 2014 nos
1504 1978 1647 2013 illorum
1670 1977 1832 2022 consilio,
1858 1977 1952 2023 quod
1970 1977 2014 2012 D.

222 2033 261 2067 T.
290 2034 344 2070 25.
373 2034 573 2078 Septembr.
599 2045 692 2069 auno
723 2035 810 2070 1612
837 2041 1042 2078 exararunt,
1071 2036 1108 2071 in
1134 2037 1297 2072 omnibus
1325 2038 1538 2073 consentire.

359 2091 568 2136 Conjunctis
593 2092 704 2137 igitur
729 2092 821 2127 votis
849 2092 1087 2139 obtestamur,
1126 2099 1165 2129 111
1189 2096 1335 2138 rationi,
1370 2106 1463 2139 quae
1496 2096 1532 2130 in
1559 2097 1668 2131 rebus
1694 2095 1822 2131 divinis
1847 2105 1954 2131 caeca
1979 2099 2015 2130 et

221 2148 330 2185 stulta
355 2156 419 2194 est,
446 2151 575 2186 nuncio
603 2151 722 2195 misso,
748 2151 979 2196 piscatoriam
1005 2153 1283 2199 simplicitatem,
1311 2164 1416 2198 quam
1436 2154 1613 2199 scriptura
1639 2165 1740 2190 sacra
1765 2154 1868 2190 nobis
1894 2154 2015 2198 dictat,

219 2206 343 2242 humili
368 2208 476 2244 corde
500 2209 660 2243 venerari
694 2210 838 2245 tandem
869 2210 1019 2255 incipias
1029 2224 1037 2256 3
1076 2211 1172 2256 quod
1199 2212 1228 2246 si
1259 2212 1403 2257 feceris,
1438 2213 1555 2247 divino
1582 2214 1690 2249 verbo
1716 2212 1875 2248 debitum
1899 2213 2012 2248 hono-

219 2275 305 2309 rem,
325 2266 565 2302 conscientiae
584 2271 665 2302 tuae
683 2267 992 2313 tranquillitatem,
1019 2269 1157 2304 animae
1177 2270 1330 2305 salutem
1351 2269 1504 2315 dederis,
1531 2272 1595 2315 sin,
1621 2271 1717 2316 quod
1741 2272 1840 2307 Deus
1865 2275 2014 2316 paterne

220 2322 427 2366 prohibeat,
461 2324 635 2359 humanas
660 2324 935 2368 imaginationes
963 2328 1089 2370 (vanas
1119 2333 1155 2362 et
1180 2328 1326 2373 stultas)
1359 2333 1413 2364 tot
1445 2329 1612 2364 fraternis
1636 2329 1777 2374 piisque
1802 2328 2013 2364 admonitio-

220 2380 325 2415 nibus
351 2383 615 2426 praeposueris,
642 2387 758 2418 metus
785 2388 849 2428 est,
877 2389 917 2419 ut
941 2395 961 2419 a
987 2385 1074 2429 Deo,
1100 2386 1199 2421 verbi
1224 2386 1337 2431 ipsius
1363 2392 1552 2431 protervus
1571 2392 1806 2432 contemptor,
1830 2387 1866 2421 in
1891 2397 2011 2431 repro-

220 2441 306 2476 bum
330 2442 475 2476 tandem
499 2443 642 2477 trad-are
675 2453 838 2487 sensum,
875 2453 967 2488 quae
1000 2454 1118 2488 poena
1142 2444 1290 2480 infinitis
1322 2444 1402 2479 aliis
1436 2457 1618 2490 nunquam
1642 2445 1808 2481 finiendis
1831 2445 1935 2480 malis
1959 2444 2012 2480 in-

223 2498 486 2543 explicabiliter
508 2500 675 2535 intricata
702 2506 770 2536 est.
818 2500 943 2535 Perfer
967 2513 1100 2546 quaeso
1127 2502 1289 2544 dolores,
1327 2514 1416 2548 quos
1443 2504 1509 2539 tibi
1539 2504 1676 2539 medica
1700 2514 1827 2539 manus
1852 2503 2010 2538 fraterno

223 2567 266 2591 ex
293 2557 425 2592 affectu
452 2558 628 2604 denegare
655 2571 726 2595 non
751 2560 880 2604 potuit,
907 2563 943 2594 ot
969 2570 1012 2594 ex
1030 2560 1109 2605 ipsa
1126 2561 1314 2606 interjecta
1338 2573 1437 2598 mora
1463 2564 1719 2608 responsionis,
1746 2565 1881 2608 quanta
1897 2560 2010 2595 fideli-

218 2618 292 2649 tate
317 2621 433 2650 totum
457 2617 637 2667 negotium
662 2622 882 2662 pertractare
908 2618 1144 2664 voluerimus,
1177 2620 1324 2656 amicam
1360 2620 1416 2657 fac
1442 2622 1696 2666 conjecturam.
1744 2620 1853 2655 Hisce
1876 2624 1912 2655 te
1937 2619 2009 2654 ani—

218 2683 382 2717 mamque
414 2677 513 2708 tuam
546 2674 846 2718 preciosissimam
873 2675 1013 2711 Christo
1039 2679 1439 2724 omnipraesentissimo,
1474 2685 1536 2715 tuo
1562 2679 1748 2724 salvatori,
1783 2676 2007 2714 devotissime

220 2731 438 2766 commendo.
493 2732 650 2767 Exaravi
675 2733 864 2777 Thainaci,
901 2734 1003 2778 cujus
1038 2733 1108 2770 loci
1142 2736 1291 2773 acidulis
1323 2743 1399 2774 tum
1432 2737 1646 2774 valetudinis
1681 2736 1860 2773 curandae
1896 2744 2006 2770 causa

221 2786 354 2822 utebar.
403 2788 545 2823 Ultimis
570 2789 657 2824 Julii
682 2791 786 2826 Anno
815 2792 916 2828 1619.

311 2847 506 2889 Inscriptio:
531 2849 644 2880 Nobili
670 2855 701 2882 et
727 2851 907 2883 clarissimo
933 2853 1022 2889 Viro.
1048 2855 1191 2887 Domino
1216 2857 1362 2888 Johanni

221 2893 395 2935 Kepplero‚
410 2897 526 2926 Samae
538 2895 632 2929 Caes.
643 2899 807 2937 quondam
821 2899 948 2938 MaJ'est.
974 2901 1199 2941 Ordiuumque
1209 2902 1359 2934 Austriae

221 2949 319 2980 supra
353 2941 490 2971 Anisum
531 2942 768 2975 Mathematico
809 2948 1110 2990 praestantissimo,
1156 2949 1298 2981 Domino
1332 2955 1362 2981 et

221 2986 335 3017 Amico
361 2996 419 3017 suo
445 2989 652 3026 singulariter
678 2990 824 3023 colendo.

358 3065 557 3110 Responsio
583 3073 730 3104 senatus
756 3071 992 3108 ecclesiastici
1017 3074 1318 3120 Stuttgartiensis,
1345 3075 1429 3111 data
1463 3076 1498 3113 (1.
1525 3077 1579 3113 25.
1605 3076 1701 3121 Sept.
1729 3076 1834 3122 1612,
1861 3076 2001 3123 longior

221 3124 286 3167 est,
312 3132 417 3165 quam
435 3135 526 3169 quae
550 3125 690 3171 integra
714 3128 772 3165 1110
787 3130 976 3177 inseratur,
1001 3142 1151 3178 eamque
1176 3134 1338 3171 exhibuit
1352 3134 1397 3172 L.
1415 3134 1465 3173 M.
1481 3134 1684 3172 Fischlinus
1715 3135 1752 3172 in
1776 3135 1868 3173 libro
1892 3146 1999 3182 quem
