2126 3388
651 155 707 192 De
731 154 854 191 amicis
879 158 916 191 et
940 154 1138 192 fautoribus
1165 154 1324 202 Kepleri.
1805 154 1888 200 985

92 278 130 313 te
163 273 361 313 demiseris
366 304 501 316 .....
562 276 648 314 Hac
681 280 716 314 te
757 276 947 326 particula
979 276 1260 325 indignationis
1293 287 1401 314 meae
1427 277 1670 325 jtistissimae
1703 276 1889 326 impertiri

93 333 220 380 volui,
253 345 300 371 ne
333 334 439 372 solus
473 334 672 373 doluerim.
736 334 811 372 Sed
844 340 970 372 tamen
1005 340 1041 372 et
1074 339 1267 372 recreatus
1300 335 1473 372 nonnihil
1506 337 1559 372 sui
1593 346 1818 384 progressus
1849 335 1888 372 in

90 392 257 429 lectione
290 395 463 443 rescripti
496 395 570 440 tui,
605 395 748 442 quippe
779 394 816 430 in
850 404 926 442 quo
968 393 1090 430 multa
1124 393 1293 441 Criigero
1328 391 1485 442 digna.“
1551 394 1702 431 Deinde
1734 393 1887 431 rediens

93 449 142 488 ad
175 449 304 488 studia
335 463 406 489 sua
439 457 475 490 et
508 464 604 500 quas
636 463 762 489 novas
803 453 840 487 iu
873 452 1041 489 motibus
1074 451 1314 500 planetarum
1350 453 1594 489 constituerit
1624 454 1794 490 rationes
1826 464 1890 489 re-

92 520 268 556 censens,
302 512 447 559 pergit:
482 510 738 561 ⁷,Maestlinus
760 509 882 548 ridere
905 509 1042 547 solitus
1066 514 1122 547 est
1144 520 1250 546 meos
1282 509 1448 557 labores,
1481 509 1571 546 dum
1595 512 1735 556 onmia,
1771 511 1887 548 etiam

93 568 131 603 in
164 566 296 614 Luna,
331 568 380 605 ad
412 580 549 606 causas
583 568 765 618 physicas
799 568 972 606 traduco.
1039 568 1106 612 At,
1139 566 1299 613 Hercle,
1342 568 1415 605 hae
1447 573 1537 604 sunt
1568 580 1676 606 meae
1710 569 1884 616 deliciae,

89 625 264 662 laborum
298 626 438 664 solatia
471 632 507 664 et
538 627 718 675 gloriatio
751 628 972 676 praecipua,
1006 625 1111 675 quod
1142 627 1372 663 successerit
1405 626 1510 665 mihi.
1574 626 1768 674 Quantum
1801 639 1885 676 ego,

92 683 199 721 Deus
232 684 345 731 bone,
378 685 554 722 laborum
587 685 722 722 hausi!
778 684 939 733 Quoties
971 684 1210 735 hypotheses
1244 683 1376 722 Lunae
1415 686 1618 722 immutavi
1653 692 1692 723 ut
1725 685 1887 734 eclipses

91 740 235 782 tuerer!
291 743 426 791 Neque
459 749 587 780 tamen
622 754 793 792 unquam
836 745 1023 781 successit
1054 742 1222 787 felicius,
1267 754 1383 790 quam
1414 748 1621 791 postquam
1654 744 1889 794 hypotheses

90 801 186 838 istas
209 813 231 838 a
254 802 369 848 priori
394 799 617 839 cori-stittii.“
645 831 652 838 .
679 831 687 839 .
714 832 720 840 .
747 833 754 841 .
800 801 991 850 Criigerus
1013 802 1303 850 responsionem
1326 813 1435 838 suam
1456 802 1514 837 his
1538 803 1690 851 incipit:
1727 803 1887 854 „Beasti

89 871 151 896 me
185 858 334 896 deliciis
367 865 520 898 tuarum
551 860 762 905 literarum,
796 860 938 909 quibus
962 871 1034 908 ego
1057 859 1216 897 reddere
1240 870 1364 906 pareS,
1398 865 1438 896 ut
1459 860 1625 898 maxime
1650 859 1778 907 velim,
1810 872 1887 898 non

89 928 262 967 possum,
296 919 496 956 tenuitatis
528 930 636 956 meae
669 918 968 956 mathematicae
1008 923 1069 955 sat
1108 917 1200 955 mihi
1245 915 1460 955 conscius.“
1490 946 1528 955 ..
1555 946 1562 954 .
1588 948 1596 957 .
1658 918 1810 957 Deinde
1842 931 1884 957 Se

91 987 292 1022 excusans,
326 976 430 1025 quod
463 981 595 1015 eontra
625 976 832 1026 Nagelium
865 977 1073 1025 scripserit,
1108 977 1253 1025 pergit:
1292 976 1465 1028 „Egone,
1500 977 1564 1025 qui
1597 976 1783 1014 destituor
1814 977 1888 1015 ob-

90 1035 387 1081 servationibus,
422 1037 513 1082 otio,
547 1037 702 1084 ingenio
735 1040 865 1073 tantae
898 1034 990 1072 moli
1023 1036 1116 1083 pari,
1150 1046 1386 1071 summorum
1417 1033 1490 1072 hoc
1512 1041 1684 1084 tempore
1707 1040 1887 1073 astrono-

90 1105 240 1130 morum
274 1105 451 1131 censeam
483 1094 649 1141 laborcs,
684 1105 781 1142 quos
802 1093 917 1142 longe
941 1105 1082 1142 sequor
1103 1098 1140 1130 et
1163 1094 1329 1140 vestigia
1349 1105 1500 1141 semper
1522 1092 1670 1133 adoro?
1701 1093 1741 1132 Si
1765 1093 1885 1132 dubia

90 1153 128 1188 in
160 1152 237 1188 tuis
285 1153 341 1188 vir
383 1151 661 1190 humanissime
705 1153 857 1201 scriptis
890 1151 1235 1200 deprehenderem,
1277 1152 1359 1200 jum
1392 1163 1460 1200 pro
1504 1159 1642 1200 coepta
1686 1154 1784 1189 inter
1815 1164 1885 1190 nos

96 1211 247 1247 sincera
280 1212 450 1248 amicitia
483 1212 519 1247 in
553 1212 678 1248 sinum
711 1215 818 1247 tuum
853 1210 1045 1248 effundere
1079 1222 1154 1247 non
1187 1209 1445 1248 formidarem.
1498 1210 1546 1247 Et
1576 1212 1670 1247 satis
1697 1211 1779 1259 jam
1812 1223 1886 1248 au-

99 1267 230 1306 dacter
262 1272 329 1306 tua
361 1269 638 1307 benevolentia
670 1274 768 1315 utor,
802 1274 838 1307 et
870 1269 1117 1306 audaciorem
1152 1281 1198 1306 ea
1229 1280 1289 1305 me
1321 1268 1414 1306 facit
1445 1269 1482 1305 in
1516 1267 1638 1306 dies.“
1692 1269 1801 1307 Haec
1822 1280 1886 1307 se-

92 1331 260 1376 quuntur
293 1328 541 1376 quaestiones
573 1329 876 1373 astronomicae,
916 1327 964 1364 ad
998 1339 1094 1376 quas
1127 1326 1319 1376 Keplerus
1357 1327 1555 1375 respondit
1593 1327 1758 1377 epistola
1790 1328 1888 1365 bene

91 1385 220 1434 longa,
256 1388 516 1424 astronomica
549 1391 731 1424 tractans.
759 1409 808 1414 --
830 1385 874 1423 In
908 1385 1044 1423 ultima
1077 1397 1178 1434 quae
1200 1391 1325 1423 exstat
1349 1386 1513 1434 epistola
1536 1387 1588 1434 (a.
1618 1386 1743 1436 1626)
1776 1386 1889 1424 refert

89 1444 299 1493 Keplerus,
344 1444 435 1493 quid
474 1444 523 1482 ad
566 1444 735 1483 edendas
775 1444 948 1482 Tabulas
995 1444 1269 1493 Rudolphinas
1311 1446 1526 1493 paraverit,
1568 1456 1645 1494 quo
1679 1443 1888 1483 earundem

94 1514 212 1540 causa
244 1504 381 1541 itinera
412 1503 555 1550 fecerit,
589 1515 700 1541 usum
733 1515 773 1541 se
807 1515 890 1540 esse
926 1500 1180 1555 „acidiculis“
1217 1502 1582 1551 Gtippingensibus,
1616 1514 1683 1552 per
1717 1515 1888 1541 mensem

91 1561 295 1610 Tubingae
328 1563 583 1610 transegisse:
620 1562 779 1614 „creber
811 1573 896 1599 cum
928 1561 1151 1608 Maestlino,
1184 1560 1408 1599 Schiekardi
1442 1561 1595 1610 hospes.
1648 1561 1792 1598 Verum
1825 1561 1888 1599 ille

86 1620 169 1669 jam
203 1624 329 1657 aetate
363 1620 500 1668 fessus,
534 1622 606 1658 iste
638 1625 825 1669 promtus,
860 1632 959 1667 acer,
993 1619 1060 1657 sed
1082 1620 1390 1657 laboriosissima
1413 1620 1651 1670 professione
1685 1619 1887 1669 distentus,

92 1672 190 1715 nihil
222 1678 430 1716 admodum
464 1680 500 1715 in
533 1691 715 1729 praesens
749 1678 799 1715 ad
830 1684 949 1716 artem
983 1676 1265 1717 contule1·unt.“
1301 1700 1355 1706 —

228 1736 409 1774 Remus
442 1748 598 1787 quoquc
630 1738 666 1774 in
700 1739 823 1788 prima
855 1738 1021 1788 epistola
1045 1735 1189 1789 (1611)
1220 1735 1411 1775 scribendi
1445 1738 1733 1775 excusationem
1766 1737 1886 1784 affert,

93 1793 224 1848 „quod
266 1795 363 1833 facie
403 1796 558 1843 ignotus
602 1796 673 1833 has
711 1796 780 1833 tibi
824 1797 976 1833 insinuo
1008 1795 1164 1833 literas“
1207 1801 1243 1833 et
1286 1796 1415 1833 statim
1450 1794 1495 1832 de
1526 1795 1646 1833 literis
1679 1799 1716 1833 et
1747 1795 1886 1832 studiis

89 1854 338 1903 quaestiones
369 1859 512 1901 movet,
547 1855 688 1903 quibus
721 1853 912 1904 Keplerus
946 1851 1094 1907 (1612)
1127 1855 1322 1903 copiosius
1361 1853 1571 1903 respondit.
1611 1855 1694 1899 (Cfr.
1726 1855 1798 1889 vol.
1824 1855 1884 1890 VI.

88 1927 124 1959 p.
152 1915 194 1950 53
215 1916 275 1958 ss.)
321 1912 407 1961 Quo
439 1913 476 1949 in
510 1914 761 1962 epistolarum
785 1915 1026 1959 commercio,
1061 1913 1176 1961 quale
1208 1913 1320 1950 nobis
1353 1911 1546 1962 proditum
1570 1917 1638 1957 est,
1672 1923 1737 1948 cur
1761 1911 1887 1959 major

89 1970 180 2008 hinc
210 1970 298 2008 inde
332 1973 382 2008 sit
413 1983 480 2009 sex
514 1983 701 2009 annorum
733 1971 873 2009 lacuna
906 1970 1083 2020 (Octobri
1117 1983 1248 2009 mense
1282 1972 1370 2007 anni
1398 1974 1519 2008 1618.
1543 1971 1739 2020 proximae
1772 1969 1886 2007 datae

90 2033 179 2067 sunt
208 2027 370 2080 literae),
405 2041 523 2067 eausa
555 2041 631 2067 non
665 2042 710 2068 ex
744 2031 978 2080 interruptis,
1012 2030 1079 2067 scd
1113 2042 1158 2067 ex
1191 2030 1342 2067 amissis
1376 2029 1550 2079 epistolis
1583 2027 1792 2078 repetenda
1814 2032 1885 2065 est.

87 2087 184 2125 Inde
217 2093 426 2137 perpetuae
459 2089 625 2138 scriptae
656 2093 745 2126 sunt
777 2101 900 2138 usque
924 2089 971 2126 ad
995 2100 1138 2125 annum
1164 2092 1284 2135 1620,
1319 2100 1364 2126 ex
1398 2099 1474 2136 quo
1508 2087 1646 2125 desunt
1676 2085 1885 2124 nonnullae

86 2158 210 2195 usque
242 2146 292 2184 ad
323 2148 412 2183 anni
449 2150 570 2187 1628.
603 2146 729 2195 finem,
772 2148 839 2185 ubi
879 2145 1023 2184 Remus
1065 2147 1236 2196 scripsit,
1279 2146 1539 2196 compluribus
1582 2145 1755 2195 epistolis
1789 2157 1811 2181 a
1842 2155 1884 2182 se

90 2204 190 2242 datis
221 2216 298 2242 non
329 2216 557 2254 responsum
590 2217 696 2254 esse3
731 2207 791 2243 cui
820 2205 1007 2255 epistolae
1031 2205 1223 2254 Keplerus
1248 2216 1348 2242 anno
1376 2208 1497 2242 1629.
1529 2203 1747 2254 respondet,
1782 2202 1884 2240 illius

87 2262 219 2301 literas
249 2262 356 2301 haud
389 2263 504 2302 dubie
537 2265 717 2313 periisse,
760 2275 847 2301 cum
886 2263 974 2302 inde
1013 2264 1061 2301 ab
1096 2274 1196 2301 anno
1233 2267 1355 2301 1624.
1389 2275 1412 2300 a
1444 2262 1564 2300 Remo
1606 2263 1678 2299 sibi
1719 2259 1885 2310 epistola

32 2347 37 2351 -
90 2321 181 2359 data
213 2328 317 2360 esset
348 2321 468 2361 nulla.
512 2322 704 2371 Keplerus
737 2329 868 2360 narrat
899 2324 1022 2359 amico
1054 2322 1135 2359 fata
1166 2334 1237 2360 sua
1270 2322 1318 2360 ab
1347 2332 1448 2359 anno
1474 2325 1596 2359 1620.
1629 2326 1666 2358 et
1696 2319 1886 2357 immiscet

88 2380 147 2426 iis,
183 2391 282 2428 quac
317 2380 362 2418 de
395 2380 532 2418 studiis
565 2382 646 2418 suis
677 2380 792 2418 refert
825 2380 930 2418 etde
962 2380 1067 2417 libris
1098 2380 1211 2418 editis
1244 2379 1498 2428 edendisque,
1534 2380 1715 2416 nuncium
1739 2389 1884 2424 eorum,

88 2450 188 2487 quae
220 2440 436 2488 praeteritis
479 2440 590 2476 annis
623 2443 835 2477 evenerunt
865 2443 1000 2476 notatu
1044 2439 1217 2487 digniora
1258 2440 1296 2475 in
1334 2438 1448 2476 rebus
1480 2437 1665 2486 publicis,
1708 2436 1884 2485 quamvis

86 2497 213 2534 minus
247 2502 421 2546 apertum
463 2509 504 2535 se
548 2498 709 2546 praebet
750 2496 854 2546 apud
895 2499 1019 2534 virum
1058 2497 1289 2534 catholicum
1333 2501 1370 2534 et
1400 2495 1591 2533 medicum
1626 2493 1884 2533 Archiducum

88 2555 393 2601 Austriacorum,
428 2567 543 2603 quam
576 2557 612 2591 in
646 2557 940 2594 conversatione
973 2568 1056 2593 cum
1091 2557 1223 2592 amicis
1255 2555 1380 2604 Papio
1413 2559 1449 2591 et
1483 2554 1663 2601 Criigcro„
1707 2552 1885 2590 Ceterum

87 2613 198 2651 Remi
233 2618 270 2651 et
290 2613 571 2651 familiaritates
594 2615 630 2650 in
655 2613 769 2651 Italia
794 2618 832 2652 et
852 2614 1131 2662 frequentiores
1154 2625 1238 2651 cum
1263 2614 1379 2650 variis
1402 2612 1679 2650 catholicorum
1701 2612 1886 2660 principi-

88 2672 160 2710 bus
191 2671 499 2710 necessitudines
531 2684 617 2709 cum
649 2672 839 2721 Keplerus
872 2672 921 2710 ad
954 2672 1028 2709 hoc
1059 2672 1132 2709 sihi
1164 2671 1277 2708 utiles
1309 2671 1388 2709 fore
1423 2669 1603 2717 crederet,
1637 2674 1679 2707 ut
1710 2674 1747 2707 et
1769 2680 1887 2717 opera

88 2742 159 2768 sua
196 2731 234 2766 in
274 2730 388 2767 Italia
432 2729 793 2768 commendarentur
833 2734 869 2768 et
907 2731 989 2779 ipse
1027 2729 1076 2767 ad
1115 2729 1264 2767 edenda
1310 2740 1413 2766 nova
1459 2740 1575 2777 opera
1623 2727 1884 2776 adjuvaretur,

89 2788 233 2826 Remus
265 2788 532 2826 lubentissime
565 2788 751 2825 auxilium
785 2800 896 2826 suum
927 2787 1124 2837 pollicitus
1155 2788 1324 2825 rationes
1357 2791 1394 2824 et
1425 2787 1509 2823 vias
1543 2785 1671 2831 affert,
1713 2796 1811 2833 quae
1843 2789 1887 2822 ut

89 2846 138 2884 ad
178 2847 419 2896 propositum
462 2847 703 2895 perveniret,
747 2848 821 2895 ipsi
863 2850 992 2883 essent
1036 2845 1278 2893 sequendam
1322 2843 1426 2882 haud
1467 2855 1552 2881 raro
1594 2855 1683 2881 vero
1723 2843 1886 2880 laetiora

88 2909 263 2955 tempora
295 2917 381 2943 eum
413 2916 566 2953 sperare
597 2904 720 2952 jubet.
784 2903 972 2951 Quamvis
1004 2903 1194 2951 Keplerus
1228 2902 1293 2939 illo
1326 2907 1510 2950 tempore,
1545 2913 1621 2950 quo
1655 2913 1739 2939 cum
1762 2900 1884 2939 Remo

87 2975 156 3012 per
187 2963 373 3012 epistolas
397 2962 710 3008 conversabatur,
744 2963 864 2999 variis
897 2962 996 2999 curis
1030 2966 1132 2998 essct
1163 2960 1361 3006 sollicituS‚
1396 2965 1523 2997 tamen
1547 2971 1696 3008 semper
1717 2960 1887 3008 paratis-

88 3022 207 3059 simus
240 3026 310 3066 est,
343 3033 428 3059 cum
460 3020 527 3057 illo
562 3019 607 3056 de
638 3019 758 3057 literis
791 3031 902 3067 agere
937 3025 973 3056 et
1005 3019 1121 3055 altius
1154 3031 1240 3057 cum
1271 3030 1315 3056 eo
1338 3017 1534 3056 descendit
1565 3019 1602 3054 in
1635 3018 1883 3066 quaestiones

91 3078 136 3117 de
168 3079 382 3127 harmonia,
415 3079 549 3116 Lunae
581 3077 742 3122 theoria,
776 3078 892 3114 variis
926 3077 971 3114 de
1004 3077 1145 3114 mundo
1177 3077 1391 3115 rationibus
1423 3081 1459 3115 et
1479 3076 1609 3114 multis
1640 3076 1754 3113 rebus
1786 3075 1885 3124 aliis,

91 3149 186 3186 quas
217 3137 284 3177 ille
314 3149 432 3188 saepe
471 3137 647 3176 breviore
686 3139 837 3174 tantum
877 3135 1160 3185 significatione
1192 3136 1409 3174 strinxerat.
1471 3134 1568 3172 Cum
1609 3135 1663 3173 sic
1692 3133 1885 3185 Keplerus
