2126 3388
266 158 352 204 714
944 157 1028 194 Vita
1051 158 1203 195 ‚Ioannis
1226 159 1385 204 Kepleri.

403 278 448 315 ln
478 277 551 316 hae
583 276 844 326 disputatione
886 289 1041 316 assumo
1085 277 1182 317 haec
1224 290 1409 318 concessa
1446 281 1655 317 axiomata.
1715 276 1905 325 Primum,
1947 275 2053 326 quod

269 336 444 374 Christus
476 338 685 374 etiamnum
716 336 831 375 hodie
872 336 958 385 lege
990 341 1151 374 naturae
1182 337 1221 373 iu
1254 349 1330 375 uno
1365 342 1467 376 certo
1499 342 1536 376 et
1568 336 1724 374 definito
1765 335 1851 373 loco
1889 335 2051 383 habitet,

270 400 311 432 ut
343 395 463 443 ajunt,
495 393 681 432 localiter.
720 394 858 444 Itaque
881 396 1024 443 ubique
1047 400 1105 434 est
1136 406 1211 432 non
1242 394 1430 442 localiter,
1462 395 1526 434 vel
1548 395 1660 433 abest
1680 394 1855 432 localiter
1875 405 1898 431 a
1918 395 2052 431 ceteris

268 453 366 490 loeis
398 452 587 489 omnibus.
661 452 830 499 Deinde,
871 453 974 501 quod
1019 452 1176 490 modum
1219 455 1566 502 omnipraesentiae
1607 453 1799 500 acceperit
1838 463 1906 500 per
1935 453 2051 489 unio-

267 522 351 548 nem
382 510 614 547 Naturarum
646 517 683 548 et
715 513 1101 549 communicationem
1132 511 1378 549 idiomatum:
1411 513 1559 551 scilicet
1589 522 1665 547 non
1698 516 1755 547 est
1785 509 1883 547 alius
1913 510 2051 547 modus

265 569 582 616 omnipraesentis
614 570 751 616 carnis,
785 581 899 617 quam
933 574 990 606 est
1022 570 1340 618 omnipraesentis
1371 571 1492 608 verbi.
1553 569 1671 607 Hisce
1701 569 1838 616 positis
1870 569 2052 606 universa

266 627 475 674 disputatio
515 626 729 663 revolvitur
769 627 818 664 ad
860 627 1015 664 modum
1060 629 1405 676 omnipraesentiae
1447 628 1612 665 divinae.
1675 626 1749 663 Illa
1788 637 1862 663 nou
1906 631 1964 663 est
2005 637 2050 663 ex

265 683 517 732 Philosophia
548 684 726 733 petenda,
760 684 826 723 sed
859 697 905 722 ex
925 685 1044 723 Sacra
1065 685 1273 735 Scriptura.
1327 685 1513 734 Quamvis
1534 686 1698 723 libenter
1718 684 1878 721 admitto
1901 685 2051 721 tertiam

264 742 364 779 hauc
394 742 626 791 hypothesin
658 742 987 792 philosophicam,
1031 743 1134 792 quod
1165 744 1273 781 Deus
1305 745 1360 782 sic
1391 745 1440 782 sit
1471 746 1508 781 in
1547 743 1744 790 omnibus,
1782 747 1826 779 ut
1856 742 1970 779 simul
2001 743 2051 779 sit

267 806 374 838 extra
405 802 546 838 omnia.
608 800 695 839 Hoc
725 813 801 838 non
834 806 892 838 est
923 813 1048 840 crasse
1080 801 1386 850 intelligendum,
1419 803 1531 851 quasi
1561 806 1685 839 totum
1705 800 1889 838 mundum
1920 799 2051 837 multis

265 858 440 907 partibus
472 860 662 897 essentiae
693 871 786 897 suae
817 859 917 897 mole
949 860 1095 908 repleat
1127 865 1164 897 et
1191 859 1322 897 multis
1351 861 1527 909 partibus
1546 859 1724 905 inundet,
1759 859 1827 896 sed
1848 860 1914 905 sic,
1948 858 2050 907 quod

267 916 433 965 quodam
464 923 640 966 respectu
672 918 722 955 sit
752 919 789 954 in
822 918 1010 965 omnibus,
1045 918 1212 967 quodam
1244 929 1335 956 vero
1366 924 1541 967 respectu
1575 924 1681 956 extra
1713 919 1852 954 omnia.
1913 916 2051 965 Itaque

266 974 409 1012 Sacrae
441 975 660 1024 Scripturae
690 975 768 1013 fere
799 981 1008 1025 perpetuus
1039 988 1122 1013 mos
1146 982 1213 1023 est,
1247 981 1288 1012 ut
1319 977 1372 1014 ibi
1403 981 1645 1026 praesentem
1672 976 1797 1013 Deum
1830 974 1952 1021 dicat,
1985 974 2052 1011 ubi

267 1037 445 1081 operatur
476 1040 513 1071 et
543 1035 799 1082 praesentiam
830 1046 898 1083 pro
930 1036 1151 1083 operatione
1183 1039 1322 1072 sumat.
1383 1035 1533 1072 Deinde
1564 1035 1699 1071 tribuit
1729 1033 1814 1071 Deo
1846 1032 2050 1070 coelestem

267 1092 482 1139 regionem,
525 1091 629 1140 quod
661 1097 823 1129 testatur
855 1103 1065 1130 consensus
1096 1092 1281 1129 locorum.
1336 1092 1521 1140 „Coelum
1551 1092 1699 1130 eoelum
1722 1091 1878 1139 domini,
1910 1096 2049 1128 terram

266 1156 394 1187 autem
417 1149 521 1187 dedit
540 1149 627 1186 filiis
647 1147 883 1187 lioniinuni.“
940 1150 1081 1201 „Pater
1108 1155 1237 1187 noster
1260 1152 1325 1198 qui
1348 1162 1388 1188 es
1410 1152 1449 1188 in
1470 1151 1639 1197 Coelis“‚
1673 1155 1710 1187 et
1731 1149 1905 1187 Christus
1937 1160 2050 1186 orans

266 1209 303 1244 in
326 1207 485 1245 Coelum
508 1209 692 1256 suspexit.
733 1208 924 1257 Imprimis
949 1214 986 1248 3
1008 1208 1103 1257 Reg.
1127 1212 1173 1246 8:
1202 1207 1268 1256 „Si
1301 1210 1495 1246 oraverint
1516 1211 1552 1245 in
1574 1208 1660 1245 loeo
1683 1209 1769 1255 isto,
1802 1213 1843 1245 tu
1866 1207 2050 1245 exaudies

265 1267 300 1301 iu
333 1266 418 1302 loco
451 1266 665 1303 habitaculi
686 1267 741 1302 tui
763 1268 802 1302 in
825 1265 982 1312 coelis“,
1016 1278 1101 1303 eum
1122 1271 1250 1303 tamen
1279 1272 1395 1304 antea
1416 1268 1618 1315 negaverit
1639 1266 1759 1303 ullum
1790 1266 1918 1303 locum
1940 1265 2050 1302 suffi-

263 1325 425 1362 cientem
458 1335 540 1362 esse
573 1323 759 1372 capiendo
782 1325 881 1363 Deo.
935 1324 977 1361 ld
999 1324 1189 1373 Theologi
1213 1324 1322 1371 ajunt
1352 1325 1432 1362 fieri
1455 1325 1517 1362 vel
1539 1325 1587 1362 ad
1610 1323 1902 1372 significandam
1925 1323 2050 1372 maje-

263 1388 401 1419 statem
423 1382 509 1429 Dei,
545 1394 660 1430 quam
682 1382 844 1430 figurate
866 1382 1014 1420 coelum
1044 1391 1079 1420 et
1102 1382 1343 1420 altitudinem
1375 1382 1502 1420 dicant
1524 1382 1562 1420 S.
1586 1383 1772 1420 Litterae:
1806 1382 1868 1419 vel
1901 1383 1992 1430 quia
2013 1383 2049 1417 in

262 1439 379 1477 coehs
411 1440 594 1477 illustrior
614 1440 687 1477 Dei
711 1442 895 1488 operatio.
939 1441 1068 1478 Tertio
1101 1441 1156 1477 sic
1177 1442 1292 1477 etiam
1323 1441 1493 1489 loquitur
1523 1441 1600 1479 fere
1623 1440 1842 1479 Johannes:
1877 1440 2050 1478 Verbum

265 1510 350 1535 caro
384 1499 525 1536 sactum
559 1504 615 1536 est
648 1503 685 1535 et
717 1498 909 1536 habitavit
937 1500 974 1534 in
1003 1499 1127 1544 nobis,
1160 1500 1196 1534 in
1221 1510 1296 1547 quo
1319 1498 1402 1536 solo
1424 1504 1532 1537 textu
1554 1499 1748 1537 stabilitur
1777 1498 1914 1535 localis
1935 1510 2051 1547 prae-

263 1557 397 1594 sentia.
449 1556 604 1594 Scilicet
634 1562 676 1593 ut
709 1558 867 1594 verbum
901 1568 989 1594 caro
1021 1557 1164 1594 sactum
1197 1562 1265 1603 est,
1300 1557 1403 1606 quod
1434 1557 1569 1604 videri,
1601 1557 1752 1606 palpari
1782 1562 1954 1605 poterat,
1997 1558 2052 1593 sic

261 1614 426 1651 illocalis
468 1614 602 1652 localis
641 1615 765 1652 factus
797 1620 856 1651 est
893 1616 931 1650 in
972 1626 1085 1652 carne
1127 1615 1257 1652 locali.
1317 1615 1395 1653 Sed
1426 1616 1463 1652 in
1495 1618 1618 1664 primo
1650 1620 1687 1652 et
1725 1614 1894 1652 secundo
1935 1613 2049 1652 modo

261 1672 367 1710 nulla
399 1672 525 1710 adhuc
557 1673 715 1710 infertur
747 1674 936 1710 essentiae
958 1672 1033 1709 Dei
1066 1674 1402 1721 omnipraesentia.
1465 1672 1631 1721 Quarto:
1665 1674 1696 1710 si
1729 1678 1857 1710 autem
1889 1684 2052 1721 quaeras

263 1743 309 1767 an
344 1731 452 1768 ullibi
484 1733 520 1767 in
545 1730 583 1768 S.
610 1730 765 1768 Litteris
796 1730 1017 1768 stabiliatur
1048 1733 1238 1769 essentiae
1271 1733 1507 1780 praesentia,
1540 1733 1782 1769 inveniemus
1827 1736 1861 1771 3.
1894 1731 1989 1779 Reg.
2014 1735 2050 1769 8.

262 1791 393 1837 negari
424 1790 557 1838 primo,
592 1789 719 1827 Deum
750 1789 925 1827 habitare
960 1789 1163 1838 intemplo
1185 1789 1528 1840 Jerosolymitano‚
1562 1789 1700 1827 deinde
1722 1791 1760 1826 in
1787 1791 1907 1836 terris,
1941 1790 2051 1827 tertio

263 1847 302 1883 id
332 1859 408 1884 non
440 1847 486 1885 de
519 1849 744 1896 operatione
785 1847 848 1884 vel
879 1849 1004 1896 gratia
1036 1853 1162 1885 sonat.
1223 1847 1322 1885 Nam
1355 1860 1402 1886 ea
1432 1849 1577 1897 ubique
1613 1853 1689 1894 est,
1731 1854 1843 1885 sonat
1883 1859 1972 1896 ergo
2006 1847 2052 1885 de

264 1905 452 1952 Essentia,
486 1905 554 1943 sed
584 1917 712 1955 neque
745 1904 790 1943 de
823 1905 939 1943 locali
969 1908 1189 1953 praesentia
1219 1911 1332 1944 sonat
1363 1907 1553 1944 distincte.
1596 1906 1692 1943 Cum
1715 1917 1804 1954 ergo
1826 1905 1943 1954 paulo
1966 1910 2054 1954 post

265 1968 435 2011 negetur,
468 1963 641 2001 habitare
664 1963 791 2001 Deum
822 1965 860 2000 in
884 1963 1000 2000 coelis
1024 1964 1230 2010 coelorum,
1264 1964 1327 2002 vel
1357 1965 1395 2000 in
1429 1970 1508 2002 toto
1539 1964 1696 2012 mundo,
1731 1976 1776 2002 ex
1808 1964 1881 2001 hoc
1901 1963 2055 2002 videtur

263 2033 339 2058 non
370 2023 498 2070 inepte
522 2021 671 2059 ostendi
701 2033 816 2070 posse
847 2021 1062 2070 multopere
1094 2023 1248 2059 axioma
1278 2022 1373 2059 illud
1403 2022 1727 2071 philosophicum,
1760 2022 1887 2060 Deum
1905 2023 2053 2060 ratione

266 2081 454 2117 essentiae
486 2080 623 2117 nullibi
654 2080 829 2117 habitare
860 2081 898 2115 in
929 2079 1085 2117 mundo.
1145 2080 1243 2117 Nam
1278 2092 1355 2118 non
1387 2086 1534 2118 tantum
1567 2080 1696 2117 nullus
1731 2080 1868 2117 modus
1904 2086 2055 2128 praeter

266 2144 506 2175 enumeratos
527 2143 744 2175 recensetur
765 2139 804 2174 in
825 2137 1032 2186 Scriptura,
1066 2137 1132 2175 sed
1155 2140 1271 2175 etiam
1293 2139 1355 2176 hic
1376 2143 1502 2176 textus
1524 2143 1655 2187 aperte
1677 2149 1826 2185 omnes,
1861 2140 1927 2187 qui
1959 2150 2053 2176 cou-

264 2195 355 2244 fingi
377 2202 543 2244 possent,
576 2196 709 2245 rejicit.
750 2196 888 2244 Itaque
910 2197 941 2232 si
966 2197 1245 2244 omnipotentia.
1277 2202 1313 2234 et
1335 2197 1518 2244 majestas
1540 2197 1649 2234 verbi
1682 2198 1964 2234 communicata
1996 2202 2054 2234 est

267 2256 382 2300 carni,
415 2260 457 2290 ut
489 2260 588 2291 certe
616 2259 691 2301 est,
723 2253 872 2290 nullum
903 2254 1019 2302 igitur
1050 2254 1258 2291 absurdum
1290 2256 1463 2303 sequitur
1493 2256 1531 2291 in
1561 2256 1925 2303 omnipraesentiam
1948 2256 2051 2293 carni

269 2312 417 2359 datam,
460 2323 557 2360 quae
589 2311 643 2348 nil
675 2311 781 2348 aliud
815 2317 893 2358 est,
936 2323 1052 2359 quam
1084 2313 1270 2360 operatio.
1333 2312 1479 2350 Sedens
1520 2314 1636 2360 igitur
1668 2312 1841 2350 Christus
1873 2315 1912 2349 in
1944 2313 2051 2351 coelo

266 2370 440 2408 localiter
479 2375 657 2418 operatur
697 2370 825 2406 omnia
867 2371 904 2405 in
938 2370 1114 2406 omnibus
1153 2369 1327 2407 localiter
1358 2370 1515 2416 absens,
1559 2371 1745 2419 quamdiu
1776 2371 1882 2409 Deus
1914 2371 2051 2409 sedens

268 2428 402 2465 nullibi
429 2434 608 2476 operatur
629 2427 891 2464 eodemmodo
908 2427 1136 2464 localiter...
1165 2430 1275 2473 (Haec
1304 2435 1501 2474 sequuntur
1528 2440 1644 2474 pauca
1664 2430 1767 2464 nimis
1787 2430 1945 2473 detrita.)

404 2493 483 2528 Vol.
510 2494 608 2528 XXI.
643 2493 731 2526 Mss.
758 2493 908 2527 Pulkov.
943 2496 1062 2527 exstat
1092 2493 1232 2537 longior
1263 2498 1440 2528 tractatus
1474 2494 1622 2537 Kepleri
1648 2494 1737 2537 (non
1763 2495 1808 2529 ad
1843 2496 1950 2529 finem
1974 2505 2053 2538 per-

269 2552 414 2595 ductus)
443 2552 503 2595 qui
528 2552 582 2586 his
608 2551 749 2595 incipit:
783 2548 916 2585 Mense
948 2547 1087 2585 Martio
1129 2550 1218 2586 anni
1253 2552 1317 2586 99.
1351 2560 1398 2585 ex
1429 2548 1595 2587 lectione
1626 2549 1899 2598 Navigationis
1930 2550 2052 2588 Bata-

267 2609 377 2645 vicae
410 2607 526 2644 incidi
559 2609 596 2644 in
629 2606 991 2655 contemplationem
1035 2606 1407 2644 declinationis
1444 2609 1706 2656 magnetis,
1749 2608 1816 2645 ubi
1858 2619 1944 2646 cum
1987 2608 2052 2645 diu

268 2665 507 2714 multumque
540 2665 731 2714 fatigarer,
763 2670 963 2714 pertaesus
987 2664 1124 2702 calculi
1146 2669 1183 2702 et
1204 2666 1415 2713 imperitior
1435 2664 1552 2714 paulo
1574 2665 1678 2703 illius
1699 2677 1875 2715 praxeos,
1910 2666 2052 2715 Aprilis

269 2726 377 2761 initio
410 2723 555 2769 incidit,
588 2735 664 2760 non
698 2724 767 2760 abs
798 2734 837 2760 re
868 2723 959 2768 fore,
993 2724 1023 2759 si
1058 2734 1179 2760 canon
1214 2722 1449 2770 conderetur,
1484 2735 1561 2772 qua
1591 2735 1669 2761 una
1689 2735 1805 2772 opera
1826 2725 1865 2760 in
1896 2726 2053 2762 univer-

271 2794 354 2818 sum
386 2782 462 2819 sere
495 2793 661 2819 canones
691 2783 844 2819 sinuum
877 2786 914 2818 et
943 2780 1120 2818 foecundi
1153 2783 1456 2830 antiquarentur,
1488 2782 1644 2830 ingenia
1673 2782 1821 2820 nobilia
1851 2782 1900 2819 ad
1931 2784 2052 2820 trian-

270 2840 446 2888 gulorum
485 2839 846 2888 contemplationem
878 2845 915 2876 et
947 2841 1213 2877 tractationem
1255 2839 1498 2877 allicerentur
1536 2845 1681 2878 remoto
1723 2841 1888 2877 maximo
1919 2840 2051 2878 labore

273 2897 603 2946 multiplicationis
637 2906 673 2935 et
706 2897 920 2935 divisionis.
982 2897 1095 2935 Initio
1131 2902 1167 2937 7.
1200 2898 1292 2946 Apr.
1326 2899 1514 2936 rationem
1545 2899 1615 2935 inii
1645 2897 1920 2947 magnitudinis
1951 2898 2050 2936 libri.

274 2963 417 2997 Calculo
444 2963 619 2998 subducto
645 2964 824 3007 prodeunt
848 2963 1002 3007 Keplero
1028 2964 1095 2998 100
1111 2962 1203 3007 libri,
1230 2962 1359 3006 singuli
1383 2963 1450 2998 810
1468 2963 1646 3008 foliorum,
1672 2974 1782 3007 quare
1808 2969 1944 2999 mutato
1970 2975 2052 2999 con-

275 3019 352 3053 silio
377 3026 459 3063 post
482 3021 579 3054 varia
610 3022 806 3056 tentamina
835 3020 976 3056 reducit
1008 3030 1180 3056 canonem
1205 3020 1250 3056 ad
1275 3031 1385 3054 unum
1419 3021 1587 3055 volumen
1611 3021 1679 3056 810
1704 3020 1883 3056 foliorum.
1931 3021 2052 3056 Rediit

274 3076 319 3111 ad
342 3077 436 3112 idem
461 3088 631 3114 conamen
658 3081 691 3115 d.
708 3081 762 3116 20.
782 3079 938 3125 Augusti
963 3079 1047 3114 anni
1072 3080 1171 3125 1601,
1198 3088 1314 3124 neque
1338 3087 1420 3113 vere
1446 3078 1542 3114 ultra
1565 3078 1667 3113 initia
1691 3079 1864 3123 pervenit,
1889 3089 1964 3113 rem
1988 3079 2050 3114 im-

274 3133 468 3179 perfectam
491 3136 708 3181 relinquens.
758 3137 945 3183 Speeimen
968 3137 1095 3173 horum
1120 3141 1311 3173 conatuum
1336 3136 1562 3172 exhibuimus
1587 3138 1695 3181 supra
1719 3147 1800 3183 pag.
1825 3137 1894 3174 226
1911 3147 1956 3173 ss.
