<?xml version="1.0" encoding="UTF-8"?>
<!DOCTYPE html PUBLIC "-//W3C//DTD XHTML 1.0 Transitional//EN"
    "http://www.w3.org/TR/xhtml1/DTD/xhtml1-transitional.dtd">
<html xmlns="http://www.w3.org/1999/xhtml" xml:lang="en" lang="en">
 <head>
  <title>
</title>
<meta http-equiv="Content-Type" content="text/html;charset=utf-8" />
  <meta name='ocr-system' content='tesseract 3.04.00' />
  <meta name='ocr-capabilities' content='ocr_page ocr_carea ocr_par ocr_line ocrx_word'/>
</head>
<body>
  <div class='ocr_page' id='page_1' title='image "./p2operaomniaedid08kepluoft_0119.png"; bbox 0 0 2177 3408; ppageno 0'>
   <div class='ocr_carea' id='block_1_1' title="bbox 479 192 1859 241">
    <p class='ocr_par' dir='ltr' id='par_1_1' title="bbox 479 192 1859 241">
     <span class='ocr_line' id='line_1_1' title="bbox 479 192 1859 241; baseline 0 -10"><span class='ocrx_word' id='word_1_1' title='bbox 479 192 716 231; x_wconf 86' lang='lat' dir='ltr'><strong>Summarium</strong></span> <span class='ocrx_word' id='word_1_2' title='bbox 741 192 920 229; x_wconf 83' lang='lat' dir='ltr'><strong>Historiae</strong></span> <span class='ocrx_word' id='word_1_3' title='bbox 944 192 1194 230; x_wconf 75' lang='lat' dir='ltr'><strong>Astronomiae</strong></span> <span class='ocrx_word' id='word_1_4' title='bbox 1219 193 1340 231; x_wconf 89' lang='lat' dir='ltr'><strong>seculo</strong></span> <span class='ocrx_word' id='word_1_5' title='bbox 1366 193 1462 231; x_wconf 79' lang='lat' dir='ltr'><strong>XVI.</strong></span> <span class='ocrx_word' id='word_1_6' title='bbox 1779 194 1859 241; x_wconf 82' lang='grc'><strong>665</strong></span> 
     </span>
    </p>
   </div>
   <div class='ocr_carea' id='block_1_2' title="bbox 65 311 1897 2808">
    <p class='ocr_par' dir='ltr' id='par_1_2' title="bbox 65 311 1897 2746">
     <span class='ocr_line' id='line_1_2' title="bbox 211 311 1862 359; baseline 0.001 -11"><span class='ocrx_word' id='word_1_7' title='bbox 211 311 377 356; x_wconf 88' lang='lat' dir='ltr'><strong>Denique</strong></span> <span class='ocrx_word' id='word_1_8' title='bbox 401 312 495 347; x_wconf 90' lang='lat' dir='ltr'><strong>inter</strong></span> <span class='ocrx_word' id='word_1_9' title='bbox 521 312 632 347; x_wconf 90' lang='lat' dir='ltr'><strong>libros</strong></span> <span class='ocrx_word' id='word_1_10' title='bbox 657 312 718 347; x_wconf 85' lang='lat' dir='ltr'><strong>illa</strong></span> <span class='ocrx_word' id='word_1_11' title='bbox 743 314 861 347; x_wconf 89' lang='lat' dir='ltr'><strong>aetate</strong></span> <span class='ocrx_word' id='word_1_12' title='bbox 887 311 1003 347; x_wconf 88' lang='lat' dir='ltr'><strong>editos</strong></span> <span class='ocrx_word' id='word_1_13' title='bbox 1028 311 1167 348; x_wconf 92' lang='lat' dir='ltr'><strong>nullum</strong></span> <span class='ocrx_word' id='word_1_14' title='bbox 1194 311 1490 358; x_wconf 88' lang='lat' dir='ltr'><strong>deprehenderis,</strong></span> <span class='ocrx_word' id='word_1_15' title='bbox 1524 324 1594 359; x_wconf 91' lang='lat' dir='ltr'><strong>quo</strong></span> <span class='ocrx_word' id='word_1_16' title='bbox 1620 316 1801 349; x_wconf 79' lang='lat' dir='ltr'><strong>auctorem</strong></span> <span class='ocrx_word' id='word_1_17' title='bbox 1826 314 1862 350; x_wconf 90' lang='lat' dir='ltr'><strong>id</strong></span> 
     </span>
     <span class='ocr_line' id='line_1_3' title="bbox 74 370 1862 416; baseline 0.002 -11"><span class='ocrx_word' id='word_1_18' title='bbox 74 375 260 415; x_wconf 71' lang='lat' dir='ltr'>spectasse</span> <span class='ocrx_word' id='word_1_19' title='bbox 293 375 485 416; x_wconf 81' lang='lat' dir='ltr'><strong>appareat,</strong></span> <span class='ocrx_word' id='word_1_20' title='bbox 520 375 559 405; x_wconf 92' lang='lat' dir='ltr'><strong>ut</strong></span> <span class='ocrx_word' id='word_1_21' title='bbox 583 371 733 416; x_wconf 88' lang='lat' dir='ltr'><strong>physica</strong></span> <span class='ocrx_word' id='word_1_22' title='bbox 766 374 828 405; x_wconf 89' lang='lat' dir='ltr'><strong>aut</strong></span> <span class='ocrx_word' id='word_1_23' title='bbox 854 380 960 405; x_wconf 85' lang='lat' dir='ltr'><strong>unam</strong></span> <span class='ocrx_word' id='word_1_24' title='bbox 986 370 1179 406; x_wconf 84' lang='lat' dir='ltr'><strong>alteramve</strong></span> <span class='ocrx_word' id='word_1_25' title='bbox 1203 380 1325 405; x_wconf 90' lang='lat' dir='ltr'><strong>eorum</strong></span> <span class='ocrx_word' id='word_1_26' title='bbox 1357 376 1495 416; x_wconf 89' lang='lat' dir='ltr'><strong>partem</strong></span> <span class='ocrx_word' id='word_1_27' title='bbox 1526 372 1561 407; x_wconf 90' lang='lat' dir='ltr'><strong>in</strong></span> <span class='ocrx_word' id='word_1_28' title='bbox 1587 373 1672 408; x_wconf 88' lang='lat' dir='ltr'><strong>artis</strong></span> <span class='ocrx_word' id='word_1_29' title='bbox 1699 377 1734 408; x_wconf 93' lang='lat' dir='ltr'><strong>et</strong></span> <span class='ocrx_word' id='word_1_30' title='bbox 1759 373 1862 409; x_wconf 89' lang='lat' dir='ltr'><strong>disci-</strong></span> 
     </span>
     <span class='ocr_line' id='line_1_4' title="bbox 71 428 1863 475; baseline 0.002 -11"><span class='ocrx_word' id='word_1_31' title='bbox 71 430 192 475; x_wconf 88' lang='lat' dir='ltr'><strong>plinae</strong></span> <span class='ocrx_word' id='word_1_32' title='bbox 217 429 367 465; x_wconf 88' lang='lat' dir='ltr'><strong>formam</strong></span> <span class='ocrx_word' id='word_1_33' title='bbox 393 429 583 474; x_wconf 82' lang='lat' dir='ltr'><strong>redigeret.</strong></span> <span class='ocrx_word' id='word_1_34' title='bbox 630 430 730 464; x_wconf 87' lang='lat' dir='ltr'><strong>Trita</strong></span> <span class='ocrx_word' id='word_1_35' title='bbox 754 429 811 464; x_wconf 90' lang='lat' dir='ltr'><strong>via</strong></span> <span class='ocrx_word' id='word_1_36' title='bbox 835 428 971 473; x_wconf 89' lang='lat' dir='ltr'><strong>primus</strong></span> <span class='ocrx_word' id='word_1_37' title='bbox 997 428 1170 465; x_wconf 83' lang='lat' dir='ltr'><strong>decedere</strong></span> <span class='ocrx_word' id='word_1_38' title='bbox 1196 439 1306 464; x_wconf 87' lang='lat' dir='ltr'><strong>ausus</strong></span> <span class='ocrx_word' id='word_1_39' title='bbox 1332 434 1386 465; x_wconf 88' lang='lat' dir='ltr'><strong>est</strong></span> <span class='ocrx_word' id='word_1_40' title='bbox 1411 434 1446 466; x_wconf 91' lang='lat' dir='ltr'><strong>et</strong></span> <span class='ocrx_word' id='word_1_41' title='bbox 1464 434 1588 466; x_wconf 84' lang='lat' dir='ltr'><strong>auctor</strong></span> <span class='ocrx_word' id='word_1_42' title='bbox 1613 435 1709 467; x_wconf 89' lang='lat' dir='ltr'><strong>certe</strong></span> <span class='ocrx_word' id='word_1_43' title='bbox 1727 431 1863 467; x_wconf 85' lang='lat' dir='ltr'><strong>exstitit</strong></span> 
     </span>
     <span class='ocr_line' id='line_1_5' title="bbox 73 486 1861 532; baseline 0.002 -10"><span class='ocrx_word' id='word_1_44' title='bbox 73 492 224 523; x_wconf 83' lang='lat' dir='ltr'><strong>naturae</strong></span> <span class='ocrx_word' id='word_1_45' title='bbox 241 487 391 522; x_wconf 85' lang='lat' dir='ltr'><strong>rationis</strong></span> <span class='ocrx_word' id='word_1_46' title='bbox 410 489 518 522; x_wconf 92' lang='lat' dir='ltr'><strong>rebus</strong></span> <span class='ocrx_word' id='word_1_47' title='bbox 544 498 611 522; x_wconf 91' lang='lat' dir='ltr'><strong>usu</strong></span> <span class='ocrx_word' id='word_1_48' title='bbox 631 487 783 532; x_wconf 88' lang='lat' dir='ltr'><strong>cognitis</strong></span> <span class='ocrx_word' id='word_1_49' title='bbox 800 487 996 522; x_wconf 80' lang='lat' dir='ltr'><strong>firmandae</strong></span> <span class='ocrx_word' id='word_1_50' title='bbox 1021 486 1259 531; x_wconf 88' lang='lat' dir='ltr'><strong>philosophus</strong></span> <span class='ocrx_word' id='word_1_51' title='bbox 1277 487 1470 523; x_wconf 90' lang='lat' dir='ltr'><strong>Francis</strong></span> <span class='ocrx_word' id='word_1_52' title='bbox 1483 499 1557 524; x_wconf 93' lang='lat' dir='ltr'><strong>cus</strong></span> <span class='ocrx_word' id='word_1_53' title='bbox 1583 489 1611 523; x_wconf 95' lang='lat' dir='ltr'>B</span> <span class='ocrx_word' id='word_1_54' title='bbox 1624 500 1702 524; x_wconf 89' lang='lat' dir='ltr'><strong>aco</strong></span> <span class='ocrx_word' id='word_1_55' title='bbox 1729 490 1861 525; x_wconf 90' lang='lat' dir='ltr'><strong>Veru-</strong></span> 
     </span>
     <span class='ocr_line' id='line_1_6' title="bbox 71 545 1861 592; baseline 0 -10"><span class='ocrx_word' id='word_1_56' title='bbox 71 547 227 588; x_wconf 89' lang='lat' dir='ltr'><strong>lamus,</strong></span> <span class='ocrx_word' id='word_1_57' title='bbox 254 546 314 590; x_wconf 91' lang='lat' dir='ltr'><strong>qui</strong></span> <span class='ocrx_word' id='word_1_58' title='bbox 341 546 501 590; x_wconf 87' lang='lat' dir='ltr'><strong>quamvis</strong></span> <span class='ocrx_word' id='word_1_59' title='bbox 526 546 642 581; x_wconf 90' lang='lat' dir='ltr'><strong>minus</strong></span> <span class='ocrx_word' id='word_1_60' title='bbox 668 545 826 580; x_wconf 91' lang='lat' dir='ltr'><strong>imbutus</strong></span> <span class='ocrx_word' id='word_1_61' title='bbox 852 545 1113 580; x_wconf 83' lang='lat' dir='ltr'><strong>mathematicis</strong></span> <span class='ocrx_word' id='word_1_62' title='bbox 1140 545 1298 580; x_wconf 88' lang='lat' dir='ltr'><strong>scientiis</strong></span> <span class='ocrx_word' id='word_1_63' title='bbox 1325 546 1530 590; x_wconf 80' lang='lat' dir='ltr'><strong>(Copernici</strong></span> <span class='ocrx_word' id='word_1_64' title='bbox 1555 558 1645 592; x_wconf 91' lang='lat' dir='ltr'><strong>opus</strong></span> <span class='ocrx_word' id='word_1_65' title='bbox 1670 548 1861 582; x_wconf 89' lang='lat' dir='ltr'><strong>revolutio-</strong></span> 
     </span>
     <span class='ocr_line' id='line_1_7' title="bbox 70 603 1858 650; baseline 0.002 -12"><span class='ocrx_word' id='word_1_66' title='bbox 70 615 155 639; x_wconf 90' lang='lat' dir='ltr'><strong>num</strong></span> <span class='ocrx_word' id='word_1_67' title='bbox 180 608 300 639; x_wconf 86' lang='lat' dir='ltr'><strong>mente</strong></span> <span class='ocrx_word' id='word_1_68' title='bbox 326 615 395 638; x_wconf 91' lang='lat' dir='ltr'><strong>non</strong></span> <span class='ocrx_word' id='word_1_69' title='bbox 422 604 711 648; x_wconf 86' lang='lat' dir='ltr'><strong>comprehendit,</strong></span> <span class='ocrx_word' id='word_1_70' title='bbox 749 613 859 648; x_wconf 88' lang='lat' dir='ltr'><strong>quare</strong></span> <span class='ocrx_word' id='word_1_71' title='bbox 884 603 1080 638; x_wconf 86' lang='lat' dir='ltr'><strong>Ptolemaei</strong></span> <span class='ocrx_word' id='word_1_72' title='bbox 1111 603 1241 637; x_wconf 85' lang='lat' dir='ltr'><strong>rationi</strong></span> <span class='ocrx_word' id='word_1_73' title='bbox 1275 603 1512 649; x_wconf 74' lang='lat' dir='ltr'><strong>adhaerebat)</strong></span> <span class='ocrx_word' id='word_1_74' title='bbox 1544 616 1617 640; x_wconf 91' lang='lat' dir='ltr'><strong>rem</strong></span> <span class='ocrx_word' id='word_1_75' title='bbox 1650 617 1716 641; x_wconf 89' lang='lat' dir='ltr'><strong>acu</strong></span> <span class='ocrx_word' id='word_1_76' title='bbox 1740 606 1858 650; x_wconf 83' lang='lat' dir='ltr'><strong>tetigit</strong></span> 
     </span>
     <span class='ocr_line' id='line_1_8' title="bbox 72 661 1859 710; baseline 0.001 -13"><span class='ocrx_word' id='word_1_77' title='bbox 72 661 206 706; x_wconf 91' lang='lat' dir='ltr'><strong>dicens,</strong></span> <span class='ocrx_word' id='word_1_78' title='bbox 231 665 456 696; x_wconf 86' lang='lat' dir='ltr'><strong>astronomos</strong></span> <span class='ocrx_word' id='word_1_79' title='bbox 482 662 554 697; x_wconf 87' lang='grc'><strong>1100</strong></span> <span class='ocrx_word' id='word_1_80' title='bbox 580 672 695 706; x_wconf 91' lang='lat' dir='ltr'><strong>usque</strong></span> <span class='ocrx_word' id='word_1_81' title='bbox 720 661 874 696; x_wconf 86' lang='lat' dir='ltr'><strong>motibus</strong></span> <span class='ocrx_word' id='word_1_82' title='bbox 901 665 1039 695; x_wconf 90' lang='lat' dir='ltr'><strong>tantum</strong></span> <span class='ocrx_word' id='word_1_83' title='bbox 1064 672 1253 708; x_wconf 87' lang='lat' dir='ltr'><strong>corporum</strong></span> <span class='ocrx_word' id='word_1_84' title='bbox 1271 663 1482 699; x_wconf 88' lang='lat' dir='ltr'><strong>coelestium</strong></span> <span class='ocrx_word' id='word_1_85' title='bbox 1506 664 1721 708; x_wconf 82' lang='lat' dir='ltr'><strong>invigilasse,</strong></span> <span class='ocrx_word' id='word_1_86' title='bbox 1747 664 1859 710; x_wconf 82' lang='lat' dir='ltr'><strong>philo-</strong></span> 
     </span>
     <span class='ocr_line' id='line_1_9' title="bbox 74 720 1862 766; baseline 0.003 -11"><span class='ocrx_word' id='word_1_87' title='bbox 74 721 207 765; x_wconf 88' lang='lat' dir='ltr'><strong>sophos</strong></span> <span class='ocrx_word' id='word_1_88' title='bbox 234 731 318 755; x_wconf 90' lang='lat' dir='ltr'><strong>vero</strong></span> <span class='ocrx_word' id='word_1_89' title='bbox 344 726 505 756; x_wconf 89' lang='lat' dir='ltr'><strong>motuum</strong></span> <span class='ocrx_word' id='word_1_90' title='bbox 531 721 656 756; x_wconf 91' lang='lat' dir='ltr'><strong>horum</strong></span> <span class='ocrx_word' id='word_1_91' title='bbox 683 731 808 755; x_wconf 84' lang='lat' dir='ltr'><strong>causas</strong></span> <span class='ocrx_word' id='word_1_92' title='bbox 834 720 1082 764; x_wconf 81' lang='lat' dir='ltr'><strong>inquisivisse,</strong></span> <span class='ocrx_word' id='word_1_93' title='bbox 1118 726 1307 766; x_wconf 90' lang='lat' dir='ltr'><strong>utrumque</strong></span> <span class='ocrx_word' id='word_1_94' title='bbox 1333 723 1535 766; x_wconf 86' lang='lat' dir='ltr'><strong>neglexisse</strong></span> <span class='ocrx_word' id='word_1_95' title='bbox 1561 724 1707 759; x_wconf 85' lang='lat' dir='ltr'><strong>alterius</strong></span> <span class='ocrx_word' id='word_1_96' title='bbox 1735 723 1862 760; x_wconf 87' lang='lat' dir='ltr'><strong>studia.</strong></span> 
     </span>
     <span class='ocr_line' id='line_1_10' title="bbox 72 778 1863 823; baseline 0.002 -9"><span class='ocrx_word' id='word_1_97' title='bbox 72 780 175 815; x_wconf 89' lang='lat' dir='ltr'><strong>Hanc</strong></span> <span class='ocrx_word' id='word_1_98' title='bbox 201 779 327 815; x_wconf 84' lang='lat' dir='ltr'><strong>falsam</strong></span> <span class='ocrx_word' id='word_1_99' title='bbox 353 779 527 814; x_wconf 88' lang='lat' dir='ltr'><strong>rationem</strong></span> <span class='ocrx_word' id='word_1_100' title='bbox 554 779 789 814; x_wconf 85' lang='lat' dir='ltr'><strong>deserendam</strong></span> <span class='ocrx_word' id='word_1_101' title='bbox 816 778 955 822; x_wconf 82' lang='lat' dir='ltr'><strong>suadet,</strong></span> <span class='ocrx_word' id='word_1_102' title='bbox 984 779 1089 814; x_wconf 91' lang='lat' dir='ltr'><strong>unius</strong></span> <span class='ocrx_word' id='word_1_103' title='bbox 1116 784 1151 813; x_wconf 89' lang='lat' dir='ltr'><strong>et</strong></span> <span class='ocrx_word' id='word_1_104' title='bbox 1169 779 1329 823; x_wconf 86' lang='lat' dir='ltr'><strong>ejusdem</strong></span> <span class='ocrx_word' id='word_1_105' title='bbox 1356 790 1435 815; x_wconf 88' lang='lat' dir='ltr'><strong>esse</strong></span> <span class='ocrx_word' id='word_1_106' title='bbox 1455 780 1723 817; x_wconf 84' lang='lat' dir='ltr'><strong>observationes</strong></span> <span class='ocrx_word' id='word_1_107' title='bbox 1750 788 1785 817; x_wconf 89' lang='lat' dir='ltr'><strong>et</strong></span> <span class='ocrx_word' id='word_1_108' title='bbox 1809 783 1863 818; x_wconf 92' lang='lat' dir='ltr'><strong>in-</strong></span> 
     </span>
     <span class='ocr_line' id='line_1_11' title="bbox 72 837 1864 881; baseline 0.002 -9"><span class='ocrx_word' id='word_1_109' title='bbox 72 837 282 881; x_wconf 88' lang='lat' dir='ltr'><strong>quisitiones</strong></span> <span class='ocrx_word' id='word_1_110' title='bbox 318 847 505 872; x_wconf 89' lang='lat' dir='ltr'><strong>causarum</strong></span> <span class='ocrx_word' id='word_1_111' title='bbox 540 842 711 872; x_wconf 86' lang='lat' dir='ltr'><strong>motuum.</strong></span> <span class='ocrx_word' id='word_1_112' title='bbox 763 838 899 872; x_wconf 79' lang='lat' dir='ltr'><strong>Eadem</strong></span> <span class='ocrx_word' id='word_1_113' title='bbox 924 837 1064 872; x_wconf 85' lang='lat' dir='ltr'><strong>ratione</strong></span> <span class='ocrx_word' id='word_1_114' title='bbox 1098 837 1288 872; x_wconf 85' lang='lat' dir='ltr'><strong>tractanda</strong></span> <span class='ocrx_word' id='word_1_115' title='bbox 1313 848 1393 872; x_wconf 91' lang='lat' dir='ltr'><strong>esse</strong></span> <span class='ocrx_word' id='word_1_116' title='bbox 1419 843 1539 873; x_wconf 85' lang='lat' dir='ltr'><strong>censet</strong></span> <span class='ocrx_word' id='word_1_117' title='bbox 1575 839 1645 873; x_wconf 86' lang='lat' dir='ltr'><strong>alia</strong></span> <span class='ocrx_word' id='word_1_118' title='bbox 1681 840 1864 876; x_wconf 84' lang='lat' dir='ltr'><strong>doctrinae</strong></span> 
     </span>
     <span class='ocr_line' id='line_1_12' title="bbox 73 894 1862 943; baseline 0.003 -15"><span class='ocrx_word' id='word_1_119' title='bbox 73 904 225 939; x_wconf 82' lang='lat' dir='ltr'><strong>genera,</strong></span> <span class='ocrx_word' id='word_1_120' title='bbox 252 894 438 929; x_wconf 87' lang='lat' dir='ltr'><strong>historiam</strong></span> <span class='ocrx_word' id='word_1_121' title='bbox 463 896 680 936; x_wconf 82' lang='lat' dir='ltr'><strong>naturalem,</strong></span> <span class='ocrx_word' id='word_1_122' title='bbox 714 895 900 940; x_wconf 81' lang='lat' dir='ltr'><strong>physicam</strong></span> <span class='ocrx_word' id='word_1_123' title='bbox 926 900 991 930; x_wconf 86' lang='lat' dir='ltr'><strong>etc.</strong></span> <span class='ocrx_word' id='word_1_124' title='bbox 1018 916 1059 921; x_wconf 92' lang='lat'>—</span> <span class='ocrx_word' id='word_1_125' title='bbox 1085 895 1248 930; x_wconf 86' lang='lat' dir='ltr'><strong>Eandem</strong></span> <span class='ocrx_word' id='word_1_126' title='bbox 1274 895 1366 930; x_wconf 91' lang='lat' dir='ltr'><strong>viam</strong></span> <span class='ocrx_word' id='word_1_127' title='bbox 1391 895 1573 940; x_wconf 87' lang='lat' dir='ltr'><strong>ingressus</strong></span> <span class='ocrx_word' id='word_1_128' title='bbox 1600 900 1654 931; x_wconf 85' lang='lat' dir='ltr'><strong>est</strong></span> <span class='ocrx_word' id='word_1_129' title='bbox 1678 898 1862 943; x_wconf 88' lang='lat' dir='ltr'><strong>popularis</strong></span> 
     </span>
     <span class='ocr_line' id='line_1_13' title="bbox 74 953 1861 1002; baseline 0.003 -16"><span class='ocrx_word' id='word_1_130' title='bbox 74 953 239 994; x_wconf 78' lang='lat' dir='ltr'><strong>Baconis‚</strong></span> <span class='ocrx_word' id='word_1_131' title='bbox 267 953 546 988; x_wconf 88' lang='lat' dir='ltr'><strong>Guilielmus</strong></span> <span class='ocrx_word' id='word_1_132' title='bbox 575 953 822 988; x_wconf 87' lang='lat' dir='ltr'><strong>Gilbertus</strong></span> <span class='ocrx_word' id='word_1_133' title='bbox 850 955 921 995; x_wconf 79' lang='lat' dir='ltr'><strong>(cfr.</strong></span> <span class='ocrx_word' id='word_1_134' title='bbox 946 957 1011 989; x_wconf 78' lang='lat' dir='ltr'><strong>vol.</strong></span> <span class='ocrx_word' id='word_1_135' title='bbox 1037 957 1063 988; x_wconf 92' lang='lat' dir='ltr'><strong>I.</strong></span> <span class='ocrx_word' id='word_1_136' title='bbox 1089 967 1123 998; x_wconf 86' lang='lat' dir='ltr'><strong>p.</strong></span> <span class='ocrx_word' id='word_1_137' title='bbox 1152 955 1248 999; x_wconf 75' lang='lat'><strong>652),</strong></span> <span class='ocrx_word' id='word_1_138' title='bbox 1287 955 1348 998; x_wconf 92' lang='lat' dir='ltr'><strong>qui</strong></span> <span class='ocrx_word' id='word_1_139' title='bbox 1382 955 1418 989; x_wconf 90' lang='lat' dir='ltr'><strong>in</strong></span> <span class='ocrx_word' id='word_1_140' title='bbox 1445 966 1552 1000; x_wconf 89' lang='lat' dir='ltr'><strong>opere</strong></span> <span class='ocrx_word' id='word_1_141' title='bbox 1579 967 1643 991; x_wconf 92' lang='lat' dir='ltr'><strong>suo</strong></span> <span class='ocrx_word' id='word_1_142' title='bbox 1673 957 1737 997; x_wconf 88' lang='lat' dir='ltr'><strong>„de</strong></span> <span class='ocrx_word' id='word_1_143' title='bbox 1762 957 1861 1002; x_wconf 86' lang='lat' dir='ltr'><strong>Mag-</strong></span> 
     </span>
     <span class='ocr_line' id='line_1_14' title="bbox 71 1012 1863 1060; baseline 0.002 -13"><span class='ocrx_word' id='word_1_144' title='bbox 71 1014 174 1047; x_wconf 89' lang='lat' dir='ltr'><strong>nete“</strong></span> <span class='ocrx_word' id='word_1_145' title='bbox 202 1015 366 1047; x_wconf 89' lang='lat' dir='ltr'><strong>naturam</strong></span> <span class='ocrx_word' id='word_1_146' title='bbox 383 1013 558 1057; x_wconf 86' lang='lat' dir='ltr'><strong>magnetis</strong></span> <span class='ocrx_word' id='word_1_147' title='bbox 577 1022 648 1058; x_wconf 87' lang='lat' dir='ltr'><strong>qua</strong></span> <span class='ocrx_word' id='word_1_148' title='bbox 665 1012 782 1056; x_wconf 88' lang='lat' dir='ltr'><strong>potuit</strong></span> <span class='ocrx_word' id='word_1_149' title='bbox 809 1012 1002 1057; x_wconf 85' lang='lat' dir='ltr'><strong>diligentia,</strong></span> <span class='ocrx_word' id='word_1_150' title='bbox 1029 1023 1201 1048; x_wconf 86' lang='lat' dir='ltr'><strong>revocans</strong></span> <span class='ocrx_word' id='word_1_151' title='bbox 1236 1023 1377 1058; x_wconf 88' lang='lat' dir='ltr'><strong>semper</strong></span> <span class='ocrx_word' id='word_1_152' title='bbox 1403 1012 1447 1048; x_wconf 86' lang='lat' dir='ltr'><strong>ad</strong></span> <span class='ocrx_word' id='word_1_153' title='bbox 1473 1014 1726 1058; x_wconf 84' lang='lat' dir='ltr'><strong>experimenta,</strong></span> <span class='ocrx_word' id='word_1_154' title='bbox 1753 1015 1863 1060; x_wconf 81' lang='lat' dir='ltr'><strong>expli-</strong></span> 
     </span>
     <span class='ocr_line' id='line_1_15' title="bbox 71 1070 1863 1117; baseline 0.002 -12"><span class='ocrx_word' id='word_1_155' title='bbox 71 1081 151 1105; x_wconf 84' lang='lat' dir='ltr'><strong>care</strong></span> <span class='ocrx_word' id='word_1_156' title='bbox 177 1071 311 1107; x_wconf 77' lang='lat' dir='ltr'><strong>studet.</strong></span> <span class='ocrx_word' id='word_1_157' title='bbox 352 1070 500 1105; x_wconf 79' lang='lat' dir='ltr'><strong>Nullum</strong></span> <span class='ocrx_word' id='word_1_158' title='bbox 526 1070 712 1105; x_wconf 87' lang='lat' dir='ltr'><strong>contendit</strong></span> <span class='ocrx_word' id='word_1_159' title='bbox 737 1081 867 1115; x_wconf 84' lang='lat' dir='ltr'><strong>corpus</strong></span> <span class='ocrx_word' id='word_1_160' title='bbox 893 1071 983 1106; x_wconf 89' lang='lat' dir='ltr'><strong>adeo</strong></span> <span class='ocrx_word' id='word_1_161' title='bbox 1002 1070 1116 1106; x_wconf 90' lang='lat' dir='ltr'><strong>simile</strong></span> <span class='ocrx_word' id='word_1_162' title='bbox 1141 1081 1219 1105; x_wconf 87' lang='lat' dir='ltr'><strong>esse</strong></span> <span class='ocrx_word' id='word_1_163' title='bbox 1239 1071 1371 1106; x_wconf 87' lang='lat' dir='ltr'><strong>Terrae</strong></span> <span class='ocrx_word' id='word_1_164' title='bbox 1396 1082 1502 1116; x_wconf 86' lang='lat' dir='ltr'><strong>quam</strong></span> <span class='ocrx_word' id='word_1_165' title='bbox 1527 1077 1738 1117; x_wconf 74' lang='lat' dir='ltr'><strong>magnetem,</strong></span> <span class='ocrx_word' id='word_1_166' title='bbox 1766 1073 1863 1109; x_wconf 90' lang='lat' dir='ltr'><strong>illam</strong></span> 
     </span>
     <span class='ocr_line' id='line_1_16' title="bbox 71 1128 1863 1174; baseline 0.001 -9"><span class='ocrx_word' id='word_1_167' title='bbox 71 1129 173 1173; x_wconf 88' lang='lat' dir='ltr'><strong>quasi</strong></span> <span class='ocrx_word' id='word_1_168' title='bbox 197 1140 365 1172; x_wconf 87' lang='lat' dir='ltr'><strong>maguum</strong></span> <span class='ocrx_word' id='word_1_169' title='bbox 392 1133 594 1173; x_wconf 86' lang='lat' dir='ltr'><strong>magnetem</strong></span> <span class='ocrx_word' id='word_1_170' title='bbox 628 1128 764 1165; x_wconf 85' lang='lat' dir='ltr'><strong>dicens.</strong></span> <span class='ocrx_word' id='word_1_171' title='bbox 815 1129 902 1163; x_wconf 89' lang='lat' dir='ltr'><strong>Axis</strong></span> <span class='ocrx_word' id='word_1_172' title='bbox 929 1129 1084 1164; x_wconf 87' lang='lat' dir='ltr'><strong>Telluris</strong></span> <span class='ocrx_word' id='word_1_173' title='bbox 1111 1130 1333 1174; x_wconf 85' lang='lat' dir='ltr'><strong>magneticus</strong></span> <span class='ocrx_word' id='word_1_174' title='bbox 1359 1141 1380 1164; x_wconf 89' lang='lat' dir='ltr'><strong>a</strong></span> <span class='ocrx_word' id='word_1_175' title='bbox 1397 1130 1600 1174; x_wconf 85' lang='lat' dir='ltr'><strong>primordiis</strong></span> <span class='ocrx_word' id='word_1_176' title='bbox 1625 1131 1748 1166; x_wconf 90' lang='lat' dir='ltr'><strong>mundi</strong></span> <span class='ocrx_word' id='word_1_177' title='bbox 1775 1142 1863 1166; x_wconf 88' lang='lat' dir='ltr'><strong>sem-</strong></span> 
     </span>
     <span class='ocr_line' id='line_1_17' title="bbox 72 1187 1865 1232; baseline 0.002 -11"><span class='ocrx_word' id='word_1_178' title='bbox 72 1198 137 1232; x_wconf 85' lang='lat' dir='ltr'><strong>per</strong></span> <span class='ocrx_word' id='word_1_179' title='bbox 160 1187 380 1222; x_wconf 85' lang='lat' dir='ltr'><strong>invariabilis</strong></span> <span class='ocrx_word' id='word_1_180' title='bbox 406 1191 603 1232; x_wconf 82' lang='lat' dir='ltr'><strong>permanet,</strong></span> <span class='ocrx_word' id='word_1_181' title='bbox 632 1197 727 1229; x_wconf 68' lang='lat' dir='ltr'><strong>„non</strong></span> <span class='ocrx_word' id='word_1_182' title='bbox 752 1187 845 1221; x_wconf 90' lang='lat' dir='ltr'><strong>enim</strong></span> <span class='ocrx_word' id='word_1_183' title='bbox 872 1187 948 1222; x_wconf 89' lang='lat' dir='ltr'><strong>sine</strong></span> <span class='ocrx_word' id='word_1_184' title='bbox 965 1187 1169 1222; x_wconf 83' lang='lat' dir='ltr'><strong>vastissima</strong></span> <span class='ocrx_word' id='word_1_185' title='bbox 1187 1192 1351 1223; x_wconf 88' lang='lat' dir='ltr'><strong>terrenae</strong></span> <span class='ocrx_word' id='word_1_186' title='bbox 1369 1188 1471 1223; x_wconf 90' lang='lat' dir='ltr'><strong>molis</strong></span> <span class='ocrx_word' id='word_1_187' title='bbox 1491 1189 1718 1224; x_wconf 86' lang='lat' dir='ltr'><strong>demolitione</strong></span> <span class='ocrx_word' id='word_1_188' title='bbox 1742 1189 1865 1224; x_wconf 89' lang='lat' dir='ltr'><strong>immu-</strong></span> 
     </span>
     <span class='ocr_line' id='line_1_18' title="bbox 69 1245 1866 1290; baseline 0.002 -11"><span class='ocrx_word' id='word_1_189' title='bbox 69 1245 139 1280; x_wconf 89' lang='lat' dir='ltr'><strong>tari</strong></span> <span class='ocrx_word' id='word_1_190' title='bbox 165 1245 349 1281; x_wconf 85' lang='lat' dir='ltr'><strong>naturales</strong></span> <span class='ocrx_word' id='word_1_191' title='bbox 376 1246 518 1280; x_wconf 87' lang='lat' dir='ltr'><strong>termini</strong></span> <span class='ocrx_word' id='word_1_192' title='bbox 543 1245 647 1290; x_wconf 72' lang='lat' dir='ltr'><strong>(poli,</strong></span> <span class='ocrx_word' id='word_1_193' title='bbox 674 1245 867 1289; x_wconf 70' lang='lat' dir='ltr'><strong>aequator)</strong></span> <span class='ocrx_word' id='word_1_194' title='bbox 901 1248 1090 1290; x_wconf 81' lang='lat' dir='ltr'><strong>possunt“.</strong></span> <span class='ocrx_word' id='word_1_195' title='bbox 1143 1246 1258 1282; x_wconf 89' lang='lat' dir='ltr'><strong>Globo</strong></span> <span class='ocrx_word' id='word_1_196' title='bbox 1291 1256 1375 1281; x_wconf 87' lang='lat' dir='ltr'><strong>vero</strong></span> <span class='ocrx_word' id='word_1_197' title='bbox 1412 1247 1571 1282; x_wconf 84' lang='lat' dir='ltr'><strong>terrestri</strong></span> <span class='ocrx_word' id='word_1_198' title='bbox 1607 1247 1692 1282; x_wconf 82' lang='lat' dir='ltr'><strong>dicit</strong></span> <span class='ocrx_word' id='word_1_199' title='bbox 1723 1248 1866 1282; x_wconf 89' lang='lat' dir='ltr'><strong>insitum</strong></span> 
     </span>
     <span class='ocr_line' id='line_1_19' title="bbox 69 1303 1866 1349; baseline 0.001 -11"><span class='ocrx_word' id='word_1_200' title='bbox 69 1314 148 1338; x_wconf 87' lang='lat' dir='ltr'><strong>esse</strong></span> <span class='ocrx_word' id='word_1_201' title='bbox 175 1309 210 1339; x_wconf 87' lang='lat' dir='ltr'><strong>et</strong></span> <span class='ocrx_word' id='word_1_202' title='bbox 227 1303 426 1339; x_wconf 88' lang='lat' dir='ltr'><strong>naturalem</strong></span> <span class='ocrx_word' id='word_1_203' title='bbox 445 1309 581 1339; x_wconf 89' lang='lat' dir='ltr'><strong>motum</strong></span> <span class='ocrx_word' id='word_1_204' title='bbox 600 1304 693 1339; x_wconf 88' lang='lat' dir='ltr'><strong>circa</strong></span> <span class='ocrx_word' id='word_1_205' title='bbox 718 1305 814 1338; x_wconf 86' lang='grc'><strong>110110</strong></span> <span class='ocrx_word' id='word_1_206' title='bbox 832 1303 926 1346; x_wconf 85' lang='lat' dir='ltr'><strong>axin,</strong></span> <span class='ocrx_word' id='word_1_207' title='bbox 955 1303 1052 1345; x_wconf 79' lang='lat' dir='ltr'><strong>„sine</strong></span> <span class='ocrx_word' id='word_1_208' title='bbox 1077 1303 1171 1338; x_wconf 86' lang='lat' dir='ltr'><strong>malo</strong></span> <span class='ocrx_word' id='word_1_209' title='bbox 1198 1304 1317 1349; x_wconf 86' lang='lat' dir='ltr'><strong>aliquo</strong></span> <span class='ocrx_word' id='word_1_210' title='bbox 1344 1308 1406 1339; x_wconf 89' lang='lat' dir='ltr'><strong>aut</strong></span> <span class='ocrx_word' id='word_1_211' title='bbox 1423 1304 1583 1348; x_wconf 88' lang='lat' dir='ltr'><strong>periculo</strong></span> <span class='ocrx_word' id='word_1_212' title='bbox 1604 1304 1763 1349; x_wconf 70' lang='lat' dir='ltr'><strong>volvitur,</strong></span> <span class='ocrx_word' id='word_1_213' title='bbox 1791 1305 1866 1340; x_wconf 89' lang='lat' dir='ltr'><strong>sine</strong></span> 
     </span>
     <span class='ocr_line' id='line_1_20' title="bbox 69 1362 1866 1408; baseline 0.001 -11"><span class='ocrx_word' id='word_1_214' title='bbox 69 1367 177 1408; x_wconf 85' lang='lat' dir='ltr'><strong>raptu</strong></span> <span class='ocrx_word' id='word_1_215' title='bbox 202 1363 443 1408; x_wconf 81' lang='lat' dir='ltr'><strong>progreditur,</strong></span> <span class='ocrx_word' id='word_1_216' title='bbox 470 1362 558 1397; x_wconf 91' lang='lat' dir='ltr'><strong>nihil</strong></span> <span class='ocrx_word' id='word_1_217' title='bbox 585 1367 639 1398; x_wconf 87' lang='lat' dir='ltr'><strong>est</strong></span> <span class='ocrx_word' id='word_1_218' title='bbox 665 1362 762 1406; x_wconf 87' lang='lat' dir='ltr'><strong>quod</strong></span> <span class='ocrx_word' id='word_1_219' title='bbox 786 1362 964 1405; x_wconf 90' lang='lat' dir='ltr'><strong>renititur,</strong></span> <span class='ocrx_word' id='word_1_220' title='bbox 991 1362 1080 1396; x_wconf 88' lang='lat' dir='ltr'><strong>nihil</strong></span> <span class='ocrx_word' id='word_1_221' title='bbox 1107 1362 1202 1406; x_wconf 91' lang='lat' dir='ltr'><strong>quod</strong></span> <span class='ocrx_word' id='word_1_222' title='bbox 1222 1363 1382 1398; x_wconf 87' lang='lat' dir='ltr'><strong>cedendo</strong></span> <span class='ocrx_word' id='word_1_223' title='bbox 1405 1364 1494 1398; x_wconf 91' lang='lat' dir='ltr'><strong>viam</strong></span> <span class='ocrx_word' id='word_1_224' title='bbox 1515 1363 1585 1398; x_wconf 88' lang='lat' dir='ltr'><strong>dat.</strong></span> <span class='ocrx_word' id='word_1_225' title='bbox 1622 1365 1759 1398; x_wconf 87' lang='lat' dir='ltr'><strong>Natura</strong></span> <span class='ocrx_word' id='word_1_226' title='bbox 1778 1375 1866 1398; x_wconf 89' lang='lat' dir='ltr'><strong>sem-</strong></span> 
     </span>
     <span class='ocr_line' id='line_1_21' title="bbox 67 1420 1865 1467; baseline 0.001 -11"><span class='ocrx_word' id='word_1_227' title='bbox 67 1433 132 1466; x_wconf 89' lang='lat' dir='ltr'><strong>per</strong></span> <span class='ocrx_word' id='word_1_228' title='bbox 158 1423 232 1467; x_wconf 88' lang='lat' dir='ltr'><strong>agit</strong></span> <span class='ocrx_word' id='word_1_229' title='bbox 255 1432 321 1467; x_wconf 90' lang='lat' dir='ltr'><strong>per</strong></span> <span class='ocrx_word' id='word_1_230' title='bbox 344 1422 518 1466; x_wconf 83' lang='lat' dir='ltr'><strong>pauciora.</strong></span> <span class='ocrx_word' id='word_1_231' title='bbox 543 1421 653 1465; x_wconf 90' lang='lat' dir='ltr'><strong>magis</strong></span> <span class='ocrx_word' id='word_1_232' title='bbox 682 1432 789 1464; x_wconf 87' lang='lat' dir='ltr'><strong>quam</strong></span> <span class='ocrx_word' id='word_1_233' title='bbox 814 1420 940 1465; x_wconf 87' lang='lat' dir='ltr'><strong>plura,</strong></span> <span class='ocrx_word' id='word_1_234' title='bbox 975 1426 1084 1465; x_wconf 84' lang='lat' dir='ltr'><strong>atque</strong></span> <span class='ocrx_word' id='word_1_235' title='bbox 1117 1422 1229 1466; x_wconf 84' lang='lat' dir='ltr'><strong>magis</strong></span> <span class='ocrx_word' id='word_1_236' title='bbox 1263 1422 1392 1456; x_wconf 85' lang='lat' dir='ltr'><strong>rationi</strong></span> <span class='ocrx_word' id='word_1_237' title='bbox 1429 1425 1724 1465; x_wconf 88' lang='lat' dir='ltr'><strong>consentaneum,</strong></span> <span class='ocrx_word' id='word_1_238' title='bbox 1757 1433 1865 1457; x_wconf 89' lang='lat' dir='ltr'><strong>unum</strong></span> 
     </span>
     <span class='ocr_line' id='line_1_22' title="bbox 69 1479 1867 1525; baseline -0.001 -9"><span class='ocrx_word' id='word_1_239' title='bbox 69 1482 241 1525; x_wconf 86' lang='lat' dir='ltr'><strong>exiguum</strong></span> <span class='ocrx_word' id='word_1_240' title='bbox 267 1492 397 1525; x_wconf 85' lang='lat' dir='ltr'><strong>corpus</strong></span> <span class='ocrx_word' id='word_1_241' title='bbox 424 1480 579 1515; x_wconf 81' lang='lat' dir='ltr'><strong>Telluris</strong></span> <span class='ocrx_word' id='word_1_242' title='bbox 613 1479 778 1514; x_wconf 84' lang='lat' dir='ltr'><strong>diurnam</strong></span> <span class='ocrx_word' id='word_1_243' title='bbox 814 1480 1075 1515; x_wconf 81' lang='lat' dir='ltr'><strong>revolutionem</strong></span> <span class='ocrx_word' id='word_1_244' title='bbox 1099 1480 1218 1515; x_wconf 84' lang='lat' dir='ltr'><strong>facere</strong></span> <span class='ocrx_word' id='word_1_245' title='bbox 1245 1480 1383 1524; x_wconf 79' lang='lat' dir='ltr'><strong>potius,</strong></span> <span class='ocrx_word' id='word_1_246' title='bbox 1421 1491 1526 1524; x_wconf 88' lang='lat' dir='ltr'><strong>quam</strong></span> <span class='ocrx_word' id='word_1_247' title='bbox 1558 1480 1726 1514; x_wconf 90' lang='lat' dir='ltr'><strong>mundum</strong></span> <span class='ocrx_word' id='word_1_248' title='bbox 1750 1485 1867 1515; x_wconf 89' lang='lat' dir='ltr'><strong>totum</strong></span> 
     </span>
     <span class='ocr_line' id='line_1_23' title="bbox 68 1538 1866 1583; baseline 0.001 -10"><span class='ocrx_word' id='word_1_249' title='bbox 68 1538 298 1576; x_wconf 67' lang='lat' dir='ltr'><strong>circumferri.</strong></span> <span class='ocrx_word' id='word_1_250' title='bbox 346 1538 581 1583; x_wconf 86' lang='lat' dir='ltr'><strong>Reliquorum</strong></span> <span class='ocrx_word' id='word_1_251' title='bbox 605 1539 739 1573; x_wconf 89' lang='lat' dir='ltr'><strong>Terrae</strong></span> <span class='ocrx_word' id='word_1_252' title='bbox 764 1541 924 1573; x_wconf 90' lang='lat' dir='ltr'><strong>motuum</strong></span> <span class='ocrx_word' id='word_1_253' title='bbox 949 1538 1106 1573; x_wconf 88' lang='lat' dir='ltr'><strong>rationes</strong></span> <span class='ocrx_word' id='word_1_254' title='bbox 1133 1543 1336 1583; x_wconf 84' lang='lat' dir='ltr'><strong>praetereO,</strong></span> <span class='ocrx_word' id='word_1_255' title='bbox 1360 1538 1435 1581; x_wconf 82' lang='lat' dir='ltr'><strong>jam</strong></span> <span class='ocrx_word' id='word_1_256' title='bbox 1461 1539 1553 1574; x_wconf 92' lang='lat' dir='ltr'><strong>enim</strong></span> <span class='ocrx_word' id='word_1_257' title='bbox 1579 1539 1696 1583; x_wconf 70' lang='lat' dir='ltr'><strong>agitur</strong></span> <span class='ocrx_word' id='word_1_258' title='bbox 1726 1544 1866 1574; x_wconf 84' lang='lat' dir='ltr'><strong>tantum</strong></span> 
     </span>
     <span class='ocr_line' id='line_1_24' title="bbox 70 1596 1866 1641; baseline 0 -9"><span class='ocrx_word' id='word_1_259' title='bbox 70 1597 114 1632; x_wconf 91' lang='lat' dir='ltr'><strong>de</strong></span> <span class='ocrx_word' id='word_1_260' title='bbox 141 1597 287 1641; x_wconf 90' lang='lat' dir='ltr'><strong>diurno,</strong></span> <span class='ocrx_word' id='word_1_261' title='bbox 323 1608 392 1641; x_wconf 90' lang='lat' dir='ltr'><strong>quo</strong></span> <span class='ocrx_word' id='word_1_262' title='bbox 425 1597 469 1631; x_wconf 88' lang='lat' dir='ltr'><strong>ad</strong></span> <span class='ocrx_word' id='word_1_263' title='bbox 498 1597 617 1632; x_wconf 83' lang='lat' dir='ltr'><strong>Solem</strong></span> <span class='ocrx_word' id='word_1_264' title='bbox 649 1596 846 1631; x_wconf 87' lang='lat' dir='ltr'><strong>revolvitur</strong></span> <span class='ocrx_word' id='word_1_265' title='bbox 878 1601 914 1630; x_wconf 89' lang='lat' dir='ltr'><strong>et</strong></span> <span class='ocrx_word' id='word_1_266' title='bbox 939 1597 1141 1631; x_wconf 89' lang='lat' dir='ltr'><strong>naturalem</strong></span> <span class='ocrx_word' id='word_1_267' title='bbox 1168 1596 1261 1631; x_wconf 89' lang='lat' dir='ltr'><strong>diem</strong></span> <span class='ocrx_word' id='word_1_268' title='bbox 1289 1596 1432 1631; x_wconf 87' lang='lat' dir='ltr'><strong>efficit.“</strong></span> <span class='ocrx_word' id='word_1_269' title='bbox 1484 1597 1743 1632; x_wconf 77' lang='lat' dir='ltr'><strong>Demonstrans</strong></span> <span class='ocrx_word' id='word_1_270' title='bbox 1770 1597 1866 1632; x_wconf 90' lang='lat' dir='ltr'><strong>hunc</strong></span> 
     </span>
     <span class='ocr_line' id='line_1_25' title="bbox 68 1654 1867 1699; baseline 0 -10"><span class='ocrx_word' id='word_1_271' title='bbox 68 1659 203 1690; x_wconf 85' lang='lat' dir='ltr'><strong>motum</strong></span> <span class='ocrx_word' id='word_1_272' title='bbox 230 1655 411 1691; x_wconf 87' lang='lat' dir='ltr'><strong>Gilbertus</strong></span> <span class='ocrx_word' id='word_1_273' title='bbox 438 1657 547 1691; x_wconf 86' lang='lat' dir='ltr'><strong>verbo</strong></span> <span class='ocrx_word' id='word_1_274' title='bbox 574 1655 718 1699; x_wconf 87' lang='lat' dir='ltr'><strong>attingit</strong></span> <span class='ocrx_word' id='word_1_275' title='bbox 753 1654 849 1698; x_wconf 89' lang='lat' dir='ltr'><strong>quod</strong></span> <span class='ocrx_word' id='word_1_276' title='bbox 884 1654 1008 1698; x_wconf 85' lang='lat' dir='ltr'><strong>objicit</strong></span> <span class='ocrx_word' id='word_1_277' title='bbox 1039 1655 1219 1690; x_wconf 84' lang='lat' dir='ltr'><strong>Braheus:</strong></span> <span class='ocrx_word' id='word_1_278' title='bbox 1256 1655 1412 1699; x_wconf 84' lang='lat' dir='ltr'><strong>lapidem</strong></span> <span class='ocrx_word' id='word_1_279' title='bbox 1439 1665 1459 1688; x_wconf 90' lang='lat' dir='ltr'><strong>a</strong></span> <span class='ocrx_word' id='word_1_280' title='bbox 1484 1654 1577 1690; x_wconf 89' lang='lat' dir='ltr'><strong>turri</strong></span> <span class='ocrx_word' id='word_1_281' title='bbox 1613 1654 1804 1690; x_wconf 89' lang='lat' dir='ltr'><strong>demissum</strong></span> <span class='ocrx_word' id='word_1_282' title='bbox 1832 1660 1867 1689; x_wconf 91' lang='lat' dir='ltr'><strong>et</strong></span> 
     </span>
     <span class='ocr_line' id='line_1_26' title="bbox 67 1712 1867 1758; baseline 0.001 -12"><span class='ocrx_word' id='word_1_283' title='bbox 67 1713 212 1757; x_wconf 90' lang='lat' dir='ltr'><strong>globum</strong></span> <span class='ocrx_word' id='word_1_284' title='bbox 238 1713 507 1749; x_wconf 88' lang='lat' dir='ltr'><strong>bombardicum</strong></span> <span class='ocrx_word' id='word_1_285' title='bbox 531 1723 656 1748; x_wconf 87' lang='lat' dir='ltr'><strong>versus</strong></span> <span class='ocrx_word' id='word_1_286' title='bbox 682 1713 818 1747; x_wconf 88' lang='lat' dir='ltr'><strong>Eurum</strong></span> <span class='ocrx_word' id='word_1_287' title='bbox 843 1712 900 1746; x_wconf 86' lang='lat' dir='ltr'><strong>vel</strong></span> <span class='ocrx_word' id='word_1_288' title='bbox 926 1713 1102 1748; x_wconf 85' lang='lat' dir='ltr'><strong>Occasum</strong></span> <span class='ocrx_word' id='word_1_289' title='bbox 1128 1714 1307 1749; x_wconf 89' lang='lat' dir='ltr'><strong>emissum.</strong></span> <span class='ocrx_word' id='word_1_290' title='bbox 1357 1713 1485 1758; x_wconf 88' lang='lat' dir='ltr'><strong>Decipi</strong></span> <span class='ocrx_word' id='word_1_291' title='bbox 1519 1713 1623 1753; x_wconf 80' lang='lat' dir='ltr'><strong>dicit⁷</strong></span> <span class='ocrx_word' id='word_1_292' title='bbox 1659 1713 1718 1757; x_wconf 89' lang='lat' dir='ltr'><strong>qui</strong></span> <span class='ocrx_word' id='word_1_293' title='bbox 1744 1713 1867 1758; x_wconf 87' lang='lat' dir='ltr'><strong>hujus-</strong></span> 
     </span>
     <span class='ocr_line' id='line_1_27' title="bbox 66 1770 1867 1816; baseline 0.001 -11"><span class='ocrx_word' id='word_1_294' title='bbox 66 1771 162 1806; x_wconf 87' lang='lat' dir='ltr'><strong>modi</strong></span> <span class='ocrx_word' id='word_1_295' title='bbox 187 1776 398 1815; x_wconf 81' lang='lat' dir='ltr'><strong>argumenta</strong></span> <span class='ocrx_word' id='word_1_296' title='bbox 423 1771 621 1816; x_wconf 87' lang='lat' dir='ltr'><strong>proferant,</strong></span> <span class='ocrx_word' id='word_1_297' title='bbox 649 1782 721 1805; x_wconf 88' lang='lat' dir='ltr'><strong>non</strong></span> <span class='ocrx_word' id='word_1_298' title='bbox 748 1770 1086 1815; x_wconf 86' lang='lat' dir='ltr'><strong>animadvertentes,</strong></span> <span class='ocrx_word' id='word_1_299' title='bbox 1117 1772 1286 1813; x_wconf 84' lang='lat' dir='ltr'><strong>„Terram</strong></span> <span class='ocrx_word' id='word_1_300' title='bbox 1312 1772 1439 1807; x_wconf 89' lang='lat' dir='ltr'><strong>diurna</strong></span> <span class='ocrx_word' id='word_1_301' title='bbox 1456 1772 1680 1807; x_wconf 88' lang='lat' dir='ltr'><strong>revolutione</strong></span> <span class='ocrx_word' id='word_1_302' title='bbox 1706 1783 1776 1806; x_wconf 91' lang='lat' dir='ltr'><strong>non</strong></span> <span class='ocrx_word' id='word_1_303' title='bbox 1795 1783 1867 1806; x_wconf 91' lang='lat' dir='ltr'><strong>mo-</strong></span> 
     </span>
     <span class='ocr_line' id='line_1_28' title="bbox 67 1829 1868 1874; baseline 0.001 -10"><span class='ocrx_word' id='word_1_304' title='bbox 67 1829 140 1865; x_wconf 91' lang='lat' dir='ltr'><strong>veri</strong></span> <span class='ocrx_word' id='word_1_305' title='bbox 165 1831 393 1874; x_wconf 88' lang='lat' dir='ltr'><strong>separatione</strong></span> <span class='ocrx_word' id='word_1_306' title='bbox 419 1831 599 1865; x_wconf 89' lang='lat' dir='ltr'><strong>solidioris</strong></span> <span class='ocrx_word' id='word_1_307' title='bbox 631 1829 942 1864; x_wconf 84' lang='lat' dir='ltr'><strong>circumferentiae</strong></span> <span class='ocrx_word' id='word_1_308' title='bbox 975 1830 1052 1874; x_wconf 87' lang='lat' dir='ltr'><strong>ejus</strong></span> <span class='ocrx_word' id='word_1_309' title='bbox 1078 1840 1098 1864; x_wconf 88' lang='lat' dir='ltr'><strong>a</strong></span> <span class='ocrx_word' id='word_1_310' title='bbox 1124 1829 1350 1864; x_wconf 87' lang='lat' dir='ltr'><strong>circumfusis</strong></span> <span class='ocrx_word' id='word_1_311' title='bbox 1377 1830 1604 1874; x_wconf 78' lang='lat' dir='ltr'><strong>corporibus,</strong></span> <span class='ocrx_word' id='word_1_312' title='bbox 1632 1831 1696 1865; x_wconf 89' lang='lat' dir='ltr'><strong>sed</strong></span> <span class='ocrx_word' id='word_1_313' title='bbox 1721 1830 1868 1865; x_wconf 88' lang='lat' dir='ltr'><strong>circum-</strong></span> 
     </span>
     <span class='ocr_line' id='line_1_29' title="bbox 66 1887 1868 1934; baseline 0.001 -11"><span class='ocrx_word' id='word_1_314' title='bbox 66 1888 149 1923; x_wconf 85' lang='lat' dir='ltr'><strong>fusa</strong></span> <span class='ocrx_word' id='word_1_315' title='bbox 174 1888 318 1924; x_wconf 89' lang='lat' dir='ltr'><strong>effluvia</strong></span> <span class='ocrx_word' id='word_1_316' title='bbox 344 1890 462 1924; x_wconf 89' lang='lat' dir='ltr'><strong>omnia</strong></span> <span class='ocrx_word' id='word_1_317' title='bbox 487 1894 522 1924; x_wconf 89' lang='lat' dir='ltr'><strong>et</strong></span> <span class='ocrx_word' id='word_1_318' title='bbox 547 1890 583 1923; x_wconf 91' lang='lat' dir='ltr'><strong>in</strong></span> <span class='ocrx_word' id='word_1_319' title='bbox 608 1889 678 1924; x_wconf 86' lang='lat' dir='ltr'><strong>illis</strong></span> <span class='ocrx_word' id='word_1_320' title='bbox 704 1888 839 1932; x_wconf 88' lang='lat' dir='ltr'><strong>gravia,</strong></span> <span class='ocrx_word' id='word_1_321' title='bbox 868 1888 995 1932; x_wconf 89' lang='lat' dir='ltr'><strong>quovis</strong></span> <span class='ocrx_word' id='word_1_322' title='bbox 1019 1887 1125 1922; x_wconf 86' lang='lat' dir='ltr'><strong>modo</strong></span> <span class='ocrx_word' id='word_1_323' title='bbox 1151 1888 1185 1921; x_wconf 89' lang='lat' dir='ltr'><strong>vi</strong></span> <span class='ocrx_word' id='word_1_324' title='bbox 1211 1887 1329 1932; x_wconf 89' lang='lat' dir='ltr'><strong>pulsa,</strong></span> <span class='ocrx_word' id='word_1_325' title='bbox 1356 1888 1461 1923; x_wconf 91' lang='lat' dir='ltr'><strong>simul</strong></span> <span class='ocrx_word' id='word_1_326' title='bbox 1488 1900 1565 1923; x_wconf 91' lang='lat' dir='ltr'><strong>cum</strong></span> <span class='ocrx_word' id='word_1_327' title='bbox 1592 1889 1736 1924; x_wconf 87' lang='lat' dir='ltr'><strong>Tellure</strong></span> <span class='ocrx_word' id='word_1_328' title='bbox 1762 1900 1868 1934; x_wconf 87' lang='lat' dir='ltr'><strong>gene-</strong></span> 
     </span>
     <span class='ocr_line' id='line_1_30' title="bbox 66 1946 1867 1992; baseline 0.001 -11"><span class='ocrx_word' id='word_1_329' title='bbox 66 1947 133 1981; x_wconf 91' lang='lat' dir='ltr'><strong>rali</strong></span> <span class='ocrx_word' id='word_1_330' title='bbox 158 1947 389 1982; x_wconf 88' lang='lat' dir='ltr'><strong>cohaerentia</strong></span> <span class='ocrx_word' id='word_1_331' title='bbox 424 1947 652 1982; x_wconf 88' lang='lat' dir='ltr'><strong>uniformiter</strong></span> <span class='ocrx_word' id='word_1_332' title='bbox 681 1947 914 1992; x_wconf 81' lang='lat' dir='ltr'><strong>procedere“.</strong></span> <span class='ocrx_word' id='word_1_333' title='bbox 963 1946 1135 1981; x_wconf 85' lang='lat' dir='ltr'><strong>Planetas</strong></span> <span class='ocrx_word' id='word_1_334' title='bbox 1169 1946 1263 1980; x_wconf 88' lang='lat' dir='ltr'><strong>circa</strong></span> <span class='ocrx_word' id='word_1_335' title='bbox 1290 1946 1408 1981; x_wconf 85' lang='lat' dir='ltr'><strong>Solem</strong></span> <span class='ocrx_word' id='word_1_336' title='bbox 1441 1947 1575 1982; x_wconf 87' lang='lat' dir='ltr'><strong>moveri</strong></span> <span class='ocrx_word' id='word_1_337' title='bbox 1609 1946 1763 1981; x_wconf 89' lang='lat' dir='ltr'><strong>adstruit</strong></span> <span class='ocrx_word' id='word_1_338' title='bbox 1802 1957 1867 1989; x_wconf 86' lang='lat' dir='ltr'><strong>„ex</strong></span> 
     </span>
     <span class='ocr_line' id='line_1_31' title="bbox 68 2004 1868 2050; baseline 0.001 -11"><span class='ocrx_word' id='word_1_339' title='bbox 68 2005 256 2050; x_wconf 87' lang='lat' dir='ltr'><strong>Copernici</strong></span> <span class='ocrx_word' id='word_1_340' title='bbox 281 2005 580 2050; x_wconf 80' lang='lat' dir='ltr'><strong>hypothesibus“,</strong></span> <span class='ocrx_word' id='word_1_341' title='bbox 607 2006 754 2040; x_wconf 87' lang='lat' dir='ltr'><strong>Terram</strong></span> <span class='ocrx_word' id='word_1_342' title='bbox 779 2005 873 2050; x_wconf 49' lang='lat'><strong>365}</strong></span> <span class='ocrx_word' id='word_1_343' title='bbox 900 2004 1196 2039; x_wconf 87' lang='lat' dir='ltr'><strong>conversionibus</strong></span> <span class='ocrx_word' id='word_1_344' title='bbox 1230 2015 1389 2039; x_wconf 91' lang='lat' dir='ltr'><strong>annuum</strong></span> <span class='ocrx_word' id='word_1_345' title='bbox 1425 2016 1567 2041; x_wconf 88' lang='lat' dir='ltr'><strong>cursum</strong></span> <span class='ocrx_word' id='word_1_346' title='bbox 1601 2005 1786 2040; x_wconf 88' lang='lat' dir='ltr'><strong>absolvere</strong></span> <span class='ocrx_word' id='word_1_347' title='bbox 1812 2006 1868 2041; x_wconf 91' lang='lat' dir='ltr'><strong>iti-</strong></span> 
     </span>
     <span class='ocr_line' id='line_1_32' title="bbox 67 2063 1868 2108; baseline 0.001 -11"><span class='ocrx_word' id='word_1_348' title='bbox 67 2063 147 2097; x_wconf 88' lang='lat' dir='ltr'><strong>dem</strong></span> <span class='ocrx_word' id='word_1_349' title='bbox 173 2063 218 2097; x_wconf 88' lang='lat' dir='ltr'><strong>ad</strong></span> <span class='ocrx_word' id='word_1_350' title='bbox 243 2069 398 2099; x_wconf 87' lang='lat' dir='ltr'><strong>mentem</strong></span> <span class='ocrx_word' id='word_1_351' title='bbox 418 2064 608 2108; x_wconf 83' lang='lat' dir='ltr'><strong>Copernici</strong></span> <span class='ocrx_word' id='word_1_352' title='bbox 632 2064 797 2107; x_wconf 86' lang='lat' dir='ltr'><strong>affirmat,</strong></span> <span class='ocrx_word' id='word_1_353' title='bbox 825 2073 942 2107; x_wconf 90' lang='lat' dir='ltr'><strong>neque</strong></span> <span class='ocrx_word' id='word_1_354' title='bbox 969 2072 1052 2097; x_wconf 88' lang='lat' dir='ltr'><strong>vero</strong></span> <span class='ocrx_word' id='word_1_355' title='bbox 1078 2063 1228 2106; x_wconf 89' lang='lat' dir='ltr'><strong>propius</strong></span> <span class='ocrx_word' id='word_1_356' title='bbox 1254 2073 1328 2097; x_wconf 90' lang='lat' dir='ltr'><strong>rem</strong></span> <span class='ocrx_word' id='word_1_357' title='bbox 1347 2063 1431 2100; x_wconf 79' lang='lat' dir='ltr'><strong>adit..</strong></span> <span class='ocrx_word' id='word_1_358' title='bbox 1458 2074 1568 2108; x_wconf 92' lang='lat' dir='ltr'><strong>quare</strong></span> <span class='ocrx_word' id='word_1_359' title='bbox 1586 2063 1766 2107; x_wconf 84' lang='lat' dir='ltr'><strong>Keplerus</strong></span> <span class='ocrx_word' id='word_1_360' title='bbox 1785 2075 1868 2099; x_wconf 87' lang='lat' dir='ltr'><strong>vere</strong></span> 
     </span>
     <span class='ocr_line' id='line_1_33' title="bbox 67 2120 1897 2165; baseline 0.002 -10"><span class='ocrx_word' id='word_1_361' title='bbox 67 2121 152 2156; x_wconf 89' lang='lat' dir='ltr'><strong>dicit</strong></span> <span class='ocrx_word' id='word_1_362' title='bbox 178 2123 252 2162; x_wconf 88' lang='lat' dir='ltr'><strong>(vol.</strong></span> <span class='ocrx_word' id='word_1_363' title='bbox 280 2125 338 2157; x_wconf 90' lang='lat'>111.</span> <span class='ocrx_word' id='word_1_364' title='bbox 364 2134 398 2165; x_wconf 90' lang='lat' dir='ltr'><strong>p.</strong></span> <span class='ocrx_word' id='word_1_365' title='bbox 426 2124 519 2164; x_wconf 75' lang='lat'><strong>447),</strong></span> <span class='ocrx_word' id='word_1_366' title='bbox 549 2122 751 2157; x_wconf 86' lang='lat' dir='ltr'><strong>Gilbertum</strong></span> <span class='ocrx_word' id='word_1_367' title='bbox 777 2121 820 2157; x_wconf 88' lang='lat' dir='ltr'><strong>de</strong></span> <span class='ocrx_word' id='word_1_368' title='bbox 847 2131 966 2156; x_wconf 87' lang='lat' dir='ltr'><strong>annuo</strong></span> <span class='ocrx_word' id='word_1_369' title='bbox 995 2120 1126 2154; x_wconf 90' lang='lat' dir='ltr'><strong>Terrae</strong></span> <span class='ocrx_word' id='word_1_370' title='bbox 1152 2125 1252 2155; x_wconf 91' lang='lat' dir='ltr'><strong>motu</strong></span> <span class='ocrx_word' id='word_1_371' title='bbox 1277 2120 1498 2165; x_wconf 88' lang='lat' dir='ltr'><strong>suspendere</strong></span> <span class='ocrx_word' id='word_1_372' title='bbox 1524 2121 1747 2165; x_wconf 88' lang='lat' dir='ltr'><strong>sententiam,</strong></span> <span class='ocrx_word' id='word_1_373' title='bbox 1774 2121 1867 2156; x_wconf 89' lang='lat' dir='ltr'><strong>forte</strong></span> <span class='ocrx_word' id='word_1_374' title='bbox 1892 2152 1897 2158; x_wconf 95' lang='lat'>.</span> 
     </span>
     <span class='ocr_line' id='line_1_34' title="bbox 66 2178 1867 2224; baseline 0.001 -11"><span class='ocrx_word' id='word_1_375' title='bbox 66 2179 149 2223; x_wconf 90' lang='lat' dir='ltr'><strong>quia</strong></span> <span class='ocrx_word' id='word_1_376' title='bbox 173 2184 399 2214; x_wconf 86' lang='lat' dir='ltr'><strong>astronomus</strong></span> <span class='ocrx_word' id='word_1_377' title='bbox 424 2191 496 2214; x_wconf 90' lang='lat' dir='ltr'><strong>non</strong></span> <span class='ocrx_word' id='word_1_378' title='bbox 522 2180 643 2217; x_wconf 83' lang='lat' dir='ltr'><strong>fuerit.</strong></span> <span class='ocrx_word' id='word_1_379' title='bbox 686 2180 769 2224; x_wconf 89' lang='lat' dir='ltr'><strong>Ipse</strong></span> <span class='ocrx_word' id='word_1_380' title='bbox 797 2180 979 2215; x_wconf 87' lang='lat' dir='ltr'><strong>Gilbertus</strong></span> <span class='ocrx_word' id='word_1_381' title='bbox 1005 2178 1040 2212; x_wconf 90' lang='grc'><strong>10</strong></span> <span class='ocrx_word' id='word_1_382' title='bbox 1067 2178 1157 2212; x_wconf 90' lang='lat' dir='ltr'><strong>libro</strong></span> <span class='ocrx_word' id='word_1_383' title='bbox 1176 2178 1401 2222; x_wconf 84' lang='lat' dir='ltr'><strong>(posthumo)</strong></span> <span class='ocrx_word' id='word_1_384' title='bbox 1431 2180 1505 2221; x_wconf 69' lang='lat' dir='ltr'><strong>„De</strong></span> <span class='ocrx_word' id='word_1_385' title='bbox 1522 2179 1655 2214; x_wconf 90' lang='lat' dir='ltr'><strong>mundo</strong></span> <span class='ocrx_word' id='word_1_386' title='bbox 1680 2180 1867 2215; x_wconf 87' lang='lat' dir='ltr'><strong>sublunari</strong></span> 
     </span>
     <span class='ocr_line' id='line_1_35' title="bbox 65 2237 1864 2283; baseline 0.001 -12"><span class='ocrx_word' id='word_1_387' title='bbox 65 2237 294 2282; x_wconf 84' lang='lat' dir='ltr'><strong>philosophia</strong></span> <span class='ocrx_word' id='word_1_388' title='bbox 326 2242 439 2274; x_wconf 86' lang='lat' dir='ltr'><strong>nova“</strong></span> <span class='ocrx_word' id='word_1_389' title='bbox 476 2241 546 2279; x_wconf 82' lang='lat' dir='ltr'><strong>(cfr.</strong></span> <span class='ocrx_word' id='word_1_390' title='bbox 572 2240 637 2276; x_wconf 77' lang='lat' dir='ltr'><strong>vol,</strong></span> <span class='ocrx_word' id='word_1_391' title='bbox 663 2242 704 2273; x_wconf 92' lang='grc' dir='ltr'><strong>ΙΙ.</strong></span> <span class='ocrx_word' id='word_1_392' title='bbox 730 2251 765 2282; x_wconf 87' lang='lat' dir='ltr'><strong>p.</strong></span> <span class='ocrx_word' id='word_1_393' title='bbox 795 2243 848 2277; x_wconf 76' lang='lat'><strong>74&gt;</strong></span> <span class='ocrx_word' id='word_1_394' title='bbox 883 2239 976 2272; x_wconf 90' lang='lat' dir='ltr'><strong>inter</strong></span> <span class='ocrx_word' id='word_1_395' title='bbox 1012 2237 1328 2279; x_wconf 84' lang='lat' dir='ltr'><strong>„mathematicos“</strong></span> <span class='ocrx_word' id='word_1_396' title='bbox 1362 2248 1401 2272; x_wconf 88' lang='lat' dir='ltr'><strong>se</strong></span> <span class='ocrx_word' id='word_1_397' title='bbox 1435 2249 1505 2272; x_wconf 91' lang='grc'><strong>11011</strong></span> <span class='ocrx_word' id='word_1_398' title='bbox 1540 2237 1674 2274; x_wconf 84' lang='lat' dir='ltr'><strong>referre</strong></span> <span class='ocrx_word' id='word_1_399' title='bbox 1711 2238 1864 2283; x_wconf 89' lang='lat' dir='ltr'><strong>videtur,</strong></span> 
     </span>
     <span class='ocr_line' id='line_1_36' title="bbox 68 2294 1865 2342; baseline -0.001 -10"><span class='ocrx_word' id='word_1_400' title='bbox 68 2297 206 2332; x_wconf 90' lang='lat' dir='ltr'><strong>dicens:</strong></span> <span class='ocrx_word' id='word_1_401' title='bbox 242 2297 396 2331; x_wconf 87' lang='lat' dir='ltr'><strong>maximo</strong></span> <span class='ocrx_word' id='word_1_402' title='bbox 430 2298 565 2332; x_wconf 89' lang='lat' dir='ltr'><strong>honore</strong></span> <span class='ocrx_word' id='word_1_403' title='bbox 599 2298 696 2342; x_wconf 86' lang='lat' dir='ltr'><strong>digni</strong></span> <span class='ocrx_word' id='word_1_404' title='bbox 721 2296 920 2332; x_wconf 90' lang='lat' dir='ltr'><strong>doctissimi</strong></span> <span class='ocrx_word' id='word_1_405' title='bbox 945 2295 996 2330; x_wconf 93' lang='lat' dir='ltr'><strong>illi</strong></span> <span class='ocrx_word' id='word_1_406' title='bbox 1022 2300 1057 2330; x_wconf 89' lang='lat' dir='ltr'><strong>et</strong></span> <span class='ocrx_word' id='word_1_407' title='bbox 1089 2294 1279 2340; x_wconf 89' lang='lat' dir='ltr'><strong>laboriosi,</strong></span> <span class='ocrx_word' id='word_1_408' title='bbox 1315 2296 1374 2340; x_wconf 91' lang='lat' dir='ltr'><strong>qui</strong></span> <span class='ocrx_word' id='word_1_409' title='bbox 1400 2296 1629 2341; x_wconf 88' lang='lat' dir='ltr'><strong>apparentias</strong></span> <span class='ocrx_word' id='word_1_410' title='bbox 1663 2297 1865 2341; x_wconf 85' lang='lat' dir='ltr'><strong>observare,</strong></span> 
     </span>
     <span class='ocr_line' id='line_1_37' title="bbox 66 2354 1866 2400; baseline 0.001 -11"><span class='ocrx_word' id='word_1_411' title='bbox 66 2360 185 2390; x_wconf 89' lang='lat' dir='ltr'><strong>motus</strong></span> <span class='ocrx_word' id='word_1_412' title='bbox 211 2366 419 2391; x_wconf 88' lang='lat' dir='ltr'><strong>mensurare</strong></span> <span class='ocrx_word' id='word_1_413' title='bbox 455 2360 640 2400; x_wconf 88' lang='lat' dir='ltr'><strong>satagunt,</strong></span> <span class='ocrx_word' id='word_1_414' title='bbox 675 2367 800 2390; x_wconf 87' lang='lat' dir='ltr'><strong>cursus</strong></span> <span class='ocrx_word' id='word_1_415' title='bbox 826 2355 1007 2398; x_wconf 86' lang='lat' dir='ltr'><strong>indicare,</strong></span> <span class='ocrx_word' id='word_1_416' title='bbox 1043 2354 1209 2399; x_wconf 82' lang='lat' dir='ltr'><strong>syzygias</strong></span> <span class='ocrx_word' id='word_1_417' title='bbox 1242 2354 1451 2397; x_wconf 88' lang='lat' dir='ltr'><strong>ostendere,</strong></span> <span class='ocrx_word' id='word_1_418' title='bbox 1488 2355 1710 2397; x_wconf 84' lang='lat' dir='ltr'><strong>geometricis</strong></span> <span class='ocrx_word' id='word_1_419' title='bbox 1737 2355 1803 2390; x_wconf 88' lang='lat' dir='ltr'><strong>alis</strong></span> <span class='ocrx_word' id='word_1_420' title='bbox 1829 2356 1866 2390; x_wconf 91' lang='lat' dir='ltr'><strong>in</strong></span> 
     </span>
     <span class='ocr_line' id='line_1_38' title="bbox 69 2411 1866 2459; baseline 0.001 -12"><span class='ocrx_word' id='word_1_421' title='bbox 69 2413 209 2447; x_wconf 88' lang='lat' dir='ltr'><strong>coelum</strong></span> <span class='ocrx_word' id='word_1_422' title='bbox 235 2413 430 2448; x_wconf 88' lang='lat' dir='ltr'><strong>ascendere</strong></span> <span class='ocrx_word' id='word_1_423' title='bbox 448 2414 682 2459; x_wconf 88' lang='lat' dir='ltr'><strong>contendunt,</strong></span> <span class='ocrx_word' id='word_1_424' title='bbox 709 2414 848 2449; x_wconf 77' lang='lat' dir='ltr'><strong>etiarnsi</strong></span> <span class='ocrx_word' id='word_1_425' title='bbox 865 2413 970 2447; x_wconf 73' lang='lat' dir='ltr'><strong>variis</strong></span> <span class='ocrx_word' id='word_1_426' title='bbox 989 2411 1040 2446; x_wconf 94' lang='lat' dir='ltr'><strong>illi</strong></span> <span class='ocrx_word' id='word_1_427' title='bbox 1058 2416 1209 2447; x_wconf 88' lang='lat' dir='ltr'><strong>utuntur</strong></span> <span class='ocrx_word' id='word_1_428' title='bbox 1226 2413 1410 2457; x_wconf 88' lang='lat' dir='ltr'><strong>principiis</strong></span> <span class='ocrx_word' id='word_1_429' title='bbox 1430 2418 1465 2448; x_wconf 89' lang='lat' dir='ltr'><strong>et</strong></span> <span class='ocrx_word' id='word_1_430' title='bbox 1484 2413 1726 2448; x_wconf 87' lang='lat' dir='ltr'><strong>fundamentis</strong></span> <span class='ocrx_word' id='word_1_431' title='bbox 1745 2415 1866 2450; x_wconf 90' lang='lat' dir='ltr'><strong>variis-</strong></span> 
     </span>
     <span class='ocr_line' id='line_1_39' title="bbox 68 2470 1865 2519; baseline 0.001 -15"><span class='ocrx_word' id='word_1_432' title='bbox 68 2481 135 2514; x_wconf 88' lang='lat' dir='ltr'><strong>que</strong></span> <span class='ocrx_word' id='word_1_433' title='bbox 172 2470 444 2514; x_wconf 88' lang='lat' dir='ltr'><strong>hypothesibus.</strong></span> <span class='ocrx_word' id='word_1_434' title='bbox 492 2472 568 2506; x_wconf 85' lang='lat' dir='ltr'><strong>Nos</strong></span> <span class='ocrx_word' id='word_1_435' title='bbox 595 2483 676 2507; x_wconf 91' lang='lat' dir='ltr'><strong>vero</strong></span> <span class='ocrx_word' id='word_1_436' title='bbox 703 2473 746 2507; x_wconf 87' lang='lat' dir='ltr'><strong>de</strong></span> <span class='ocrx_word' id='word_1_437' title='bbox 772 2477 901 2508; x_wconf 89' lang='lat' dir='ltr'><strong>natura</strong></span> <span class='ocrx_word' id='word_1_438' title='bbox 927 2474 1018 2509; x_wconf 88' lang='lat' dir='ltr'><strong>coeli</strong></span> <span class='ocrx_word' id='word_1_439' title='bbox 1044 2479 1078 2508; x_wconf 90' lang='lat' dir='ltr'><strong>et</strong></span> <span class='ocrx_word' id='word_1_440' title='bbox 1104 2474 1329 2518; x_wconf 86' lang='lat' dir='ltr'><strong>superiorum</strong></span> <span class='ocrx_word' id='word_1_441' title='bbox 1364 2485 1553 2519; x_wconf 83' lang='lat' dir='ltr'><strong>corporum</strong></span> <span class='ocrx_word' id='word_1_442' title='bbox 1579 2475 1707 2509; x_wconf 90' lang='lat' dir='ltr'><strong>dicturi</strong></span> <span class='ocrx_word' id='word_1_443' title='bbox 1732 2483 1865 2516; x_wconf 89' lang='lat' dir='ltr'><strong>sumus,</strong></span> 
     </span>
     <span class='ocr_line' id='line_1_40' title="bbox 66 2528 1864 2576; baseline 0.001 -14"><span class='ocrx_word' id='word_1_444' title='bbox 66 2539 136 2562; x_wconf 89' lang='lat' dir='ltr'><strong>non</strong></span> <span class='ocrx_word' id='word_1_445' title='bbox 161 2528 211 2563; x_wconf 85' lang='lat' dir='ltr'><strong>ita</strong></span> <span class='ocrx_word' id='word_1_446' title='bbox 234 2533 353 2564; x_wconf 88' lang='lat' dir='ltr'><strong>tamen</strong></span> <span class='ocrx_word' id='word_1_447' title='bbox 379 2530 464 2573; x_wconf 90' lang='lat' dir='ltr'><strong>quin</strong></span> <span class='ocrx_word' id='word_1_448' title='bbox 489 2530 605 2564; x_wconf 86' lang='lat' dir='ltr'><strong>honos</strong></span> <span class='ocrx_word' id='word_1_449' title='bbox 626 2531 748 2574; x_wconf 86' lang='lat' dir='ltr'><strong>justus</strong></span> <span class='ocrx_word' id='word_1_450' title='bbox 774 2537 918 2567; x_wconf 87' lang='lat' dir='ltr'><strong>maneat</strong></span> <span class='ocrx_word' id='word_1_451' title='bbox 951 2532 1236 2572; x_wconf 88' lang='lat' dir='ltr'><strong>mathematicos.</strong></span> <span class='ocrx_word' id='word_1_452' title='bbox 1279 2532 1433 2576; x_wconf 90' lang='lat' dir='ltr'><strong>Propius</strong></span> <span class='ocrx_word' id='word_1_453' title='bbox 1458 2532 1597 2567; x_wconf 88' lang='lat' dir='ltr'><strong>accedit</strong></span> <span class='ocrx_word' id='word_1_454' title='bbox 1625 2531 1804 2566; x_wconf 87' lang='lat' dir='ltr'><strong>Gilbertus</strong></span> <span class='ocrx_word' id='word_1_455' title='bbox 1829 2530 1864 2564; x_wconf 95' lang='lat' dir='ltr'><strong>in</strong></span> 
     </span>
     <span class='ocr_line' id='line_1_41' title="bbox 66 2586 1864 2634; baseline 0.001 -14"><span class='ocrx_word' id='word_1_456' title='bbox 66 2588 136 2621; x_wconf 89' lang='lat' dir='ltr'><strong>hoc</strong></span> <span class='ocrx_word' id='word_1_457' title='bbox 169 2586 259 2621; x_wconf 88' lang='lat' dir='ltr'><strong>libro</strong></span> <span class='ocrx_word' id='word_1_458' title='bbox 287 2587 332 2621; x_wconf 90' lang='lat' dir='ltr'><strong>ad</strong></span> <span class='ocrx_word' id='word_1_459' title='bbox 360 2589 570 2623; x_wconf 88' lang='lat' dir='ltr'><strong>sententiam</strong></span> <span class='ocrx_word' id='word_1_460' title='bbox 600 2588 805 2633; x_wconf 83' lang='lat' dir='ltr'><strong>Copernici,</strong></span> <span class='ocrx_word' id='word_1_461' title='bbox 831 2594 965 2624; x_wconf 90' lang='lat' dir='ltr'><strong>motum</strong></span> <span class='ocrx_word' id='word_1_462' title='bbox 992 2601 1134 2634; x_wconf 89' lang='lat' dir='ltr'><strong>quoque</strong></span> <span class='ocrx_word' id='word_1_463' title='bbox 1169 2601 1327 2625; x_wconf 90' lang='lat' dir='ltr'><strong>annuum</strong></span> <span class='ocrx_word' id='word_1_464' title='bbox 1358 2590 1490 2624; x_wconf 86' lang='lat' dir='ltr'><strong>Terrae</strong></span> <span class='ocrx_word' id='word_1_465' title='bbox 1522 2590 1640 2633; x_wconf 85' lang='lat' dir='ltr'><strong>palam</strong></span> <span class='ocrx_word' id='word_1_466' title='bbox 1675 2588 1864 2631; x_wconf 86' lang='lat' dir='ltr'><strong>accipiens.</strong></span> 
     </span>
     <span class='ocr_line' id='line_1_42' title="bbox 66 2644 1863 2692; baseline -0.001 -12"><span class='ocrx_word' id='word_1_467' title='bbox 66 2644 218 2688; x_wconf 87' lang='lat' dir='ltr'><strong>Saepius</strong></span> <span class='ocrx_word' id='word_1_468' title='bbox 242 2644 373 2680; x_wconf 90' lang='lat' dir='ltr'><strong>ibidem</strong></span> <span class='ocrx_word' id='word_1_469' title='bbox 402 2645 513 2680; x_wconf 85' lang='lat' dir='ltr'><strong>refert</strong></span> <span class='ocrx_word' id='word_1_470' title='bbox 536 2646 670 2691; x_wconf 86' lang='lat' dir='ltr'><strong>placita</strong></span> <span class='ocrx_word' id='word_1_471' title='bbox 693 2647 887 2681; x_wconf 83' lang='lat' dir='ltr'><strong>Jordani</strong></span> <span class='ocrx_word' id='word_1_472' title='bbox 911 2648 1067 2692; x_wconf 91' lang='lat' dir='ltr'><strong>Bruni,</strong></span> <span class='ocrx_word' id='word_1_473' title='bbox 1100 2647 1250 2682; x_wconf 89' lang='lat' dir='ltr'><strong>infelicis</strong></span> <span class='ocrx_word' id='word_1_474' title='bbox 1275 2647 1370 2682; x_wconf 91' lang='lat' dir='ltr'><strong>illius</strong></span> <span class='ocrx_word' id='word_1_475' title='bbox 1407 2647 1613 2691; x_wconf 89' lang='lat' dir='ltr'><strong>philosophi</strong></span> <span class='ocrx_word' id='word_1_476' title='bbox 1637 2645 1863 2688; x_wconf 87' lang='lat' dir='ltr'><strong>Nolanensis‚</strong></span> 
     </span>
     <span class='ocr_line' id='line_1_43' title="bbox 67 2702 869 2746; baseline 0.004 -9"><span class='ocrx_word' id='word_1_477' title='bbox 67 2702 127 2746; x_wconf 88' lang='lat' dir='ltr'><strong>qui</strong></span> <span class='ocrx_word' id='word_1_478' title='bbox 153 2712 246 2737; x_wconf 90' lang='lat' dir='ltr'><strong>anno</strong></span> <span class='ocrx_word' id='word_1_479' title='bbox 272 2703 374 2738; x_wconf 75' lang='lat'><strong>1600.</strong></span> <span class='ocrx_word' id='word_1_480' title='bbox 401 2703 536 2738; x_wconf 87' lang='lat' dir='ltr'><strong>Romae</strong></span> <span class='ocrx_word' id='word_1_481' title='bbox 568 2704 776 2739; x_wconf 89' lang='lat' dir='ltr'><strong>combustus</strong></span> <span class='ocrx_word' id='word_1_482' title='bbox 802 2709 869 2740; x_wconf 83' lang='lat' dir='ltr'><strong>est.</strong></span> 
     </span>
    </p>

    <p class='ocr_par' dir='ltr' id='par_1_3' title="bbox 206 2759 1864 2808">
     <span class='ocr_line' id='line_1_44' title="bbox 206 2759 1864 2808; baseline 0.001 -14"><span class='ocrx_word' id='word_1_483' title='bbox 206 2759 402 2795; x_wconf 89' lang='lat' dir='ltr'><strong>Liberioris</strong></span> <span class='ocrx_word' id='word_1_484' title='bbox 425 2760 552 2804; x_wconf 87' lang='lat' dir='ltr'><strong>judicii</strong></span> <span class='ocrx_word' id='word_1_485' title='bbox 577 2761 691 2795; x_wconf 90' lang='lat' dir='ltr'><strong>virum</strong></span> <span class='ocrx_word' id='word_1_486' title='bbox 716 2773 823 2805; x_wconf 89' lang='lat' dir='ltr'><strong>quam</strong></span> <span class='ocrx_word' id='word_1_487' title='bbox 850 2774 972 2798; x_wconf 82' lang='lat' dir='ltr'><strong>omnes</strong></span> <span class='ocrx_word' id='word_1_488' title='bbox 999 2775 1088 2807; x_wconf 90' lang='lat' dir='ltr'><strong>quos</strong></span> <span class='ocrx_word' id='word_1_489' title='bbox 1114 2763 1150 2798; x_wconf 92' lang='lat' dir='ltr'><strong>in</strong></span> <span class='ocrx_word' id='word_1_490' title='bbox 1175 2763 1382 2808; x_wconf 82' lang='lat' dir='ltr'><strong>praemissis</strong></span> <span class='ocrx_word' id='word_1_491' title='bbox 1419 2762 1572 2796; x_wconf 88' lang='lat' dir='ltr'><strong>diximus</strong></span> <span class='ocrx_word' id='word_1_492' title='bbox 1604 2761 1800 2795; x_wconf 89' lang='lat' dir='ltr'><strong>astronomi</strong></span> <span class='ocrx_word' id='word_1_493' title='bbox 1825 2771 1864 2796; x_wconf 89' lang='lat' dir='ltr'><strong>se</strong></span> 
     </span>
    </p>
   </div>
   <div class='ocr_carea' id='block_1_3' title="bbox 11 2816 1864 2863">
    <p class='ocr_par' dir='ltr' id='par_1_4' title="bbox 11 2816 1864 2863">
     <span class='ocr_line' id='line_1_45' title="bbox 11 2816 1864 2863; baseline 0.002 -13"><span class='ocrx_word' id='word_1_494' title='bbox 11 2838 15 2850; x_wconf 63' lang='lat'><em>1</em></span> <span class='ocrx_word' id='word_1_495' title='bbox 68 2817 235 2862; x_wconf 86' lang='lat' dir='ltr'><strong>praebuit</strong></span> <span class='ocrx_word' id='word_1_496' title='bbox 259 2816 499 2861; x_wconf 87' lang='lat' dir='ltr'><strong>philosophus</strong></span> <span class='ocrx_word' id='word_1_497' title='bbox 524 2817 582 2852; x_wconf 89' lang='lat' dir='ltr'><strong>hic</strong></span> <span class='ocrx_word' id='word_1_498' title='bbox 609 2818 872 2854; x_wconf 85' lang='lat' dir='ltr'><strong>celeberrimus.</strong></span> <span class='ocrx_word' id='word_1_499' title='bbox 901 2821 1002 2863; x_wconf 86' lang='lat' dir='ltr'><strong>cujus</strong></span> <span class='ocrx_word' id='word_1_500' title='bbox 1030 2822 1073 2855; x_wconf 88' lang='lat' dir='ltr'><strong>de</strong></span> <span class='ocrx_word' id='word_1_501' title='bbox 1094 2822 1301 2861; x_wconf 64' lang='grc' dir='ltr'><strong>ι,111111101·30“</strong></span> <span class='ocrx_word' id='word_1_502' title='bbox 1331 2820 1543 2854; x_wconf 86' lang='lat' dir='ltr'><strong>sententiam</strong></span> <span class='ocrx_word' id='word_1_503' title='bbox 1561 2819 1685 2862; x_wconf 86' lang='lat' dir='ltr'><strong>paucis</strong></span> <span class='ocrx_word' id='word_1_504' title='bbox 1703 2819 1864 2854; x_wconf 88' lang='lat' dir='ltr'><strong>exhibui-</strong></span> 
     </span>
    </p>
   </div>
   <div class='ocr_carea' id='block_1_4' title="bbox 68 2875 1862 3214">
    <p class='ocr_par' dir='ltr' id='par_1_5' title="bbox 68 2875 1862 2979">
     <span class='ocr_line' id='line_1_46' title="bbox 68 2875 1862 2922; baseline 0.002 -12"><span class='ocrx_word' id='word_1_505' title='bbox 68 2887 147 2911; x_wconf 91' lang='lat' dir='ltr'><strong>mus</strong></span> <span class='ocrx_word' id='word_1_506' title='bbox 172 2875 243 2912; x_wconf 82' lang='lat' dir='ltr'><strong>vol.</strong></span> <span class='ocrx_word' id='word_1_507' title='bbox 267 2876 317 2910; x_wconf 89' lang='lat'><strong>11.</strong></span> <span class='ocrx_word' id='word_1_508' title='bbox 343 2887 379 2921; x_wconf 75' lang='lat' dir='ltr'><strong>p.</strong></span> <span class='ocrx_word' id='word_1_509' title='bbox 406 2875 484 2911; x_wconf 76' lang='lat'>568.</span> <span class='ocrx_word' id='word_1_510' title='bbox 534 2876 592 2910; x_wconf 84' lang='lat' dir='ltr'><strong>Ex</strong></span> <span class='ocrx_word' id='word_1_511' title='bbox 617 2879 782 2920; x_wconf 79' lang='lat' dir='ltr'><strong>poemate</strong></span> <span class='ocrx_word' id='word_1_512' title='bbox 814 2877 875 2911; x_wconf 92' lang='lat' dir='ltr'><strong>illo</strong></span> <span class='ocrx_word' id='word_1_513' title='bbox 908 2878 1158 2922; x_wconf 87' lang='lat' dir='ltr'><strong>philosophico</strong></span> <span class='ocrx_word' id='word_1_514' title='bbox 1188 2880 1269 2920; x_wconf 86' lang='lat' dir='ltr'><strong>„De</strong></span> <span class='ocrx_word' id='word_1_515' title='bbox 1294 2878 1507 2913; x_wconf 71' lang='lat' dir='ltr'><strong>Monade‘·</strong></span> <span class='ocrx_word' id='word_1_516' title='bbox 1537 2882 1603 2912; x_wconf 89' lang='lat' dir='ltr'><strong>etc.</strong></span> <span class='ocrx_word' id='word_1_517' title='bbox 1636 2877 1703 2912; x_wconf 88' lang='lat' dir='ltr'><strong>hos</strong></span> <span class='ocrx_word' id='word_1_518' title='bbox 1736 2887 1862 2914; x_wconf 89' lang='lat' dir='ltr'><strong>versus</strong></span> 
     </span>
     <span class='ocr_line' id='line_1_47' title="bbox 72 2933 1177 2979; baseline 0.001 -11"><span class='ocrx_word' id='word_1_519' title='bbox 72 2933 203 2969; x_wconf 90' lang='lat' dir='ltr'><strong>addere</strong></span> <span class='ocrx_word' id='word_1_520' title='bbox 228 2934 358 2979; x_wconf 85' lang='lat' dir='ltr'><strong>placet,</strong></span> <span class='ocrx_word' id='word_1_521' title='bbox 385 2934 516 2978; x_wconf 90' lang='lat' dir='ltr'><strong>quibus</strong></span> <span class='ocrx_word' id='word_1_522' title='bbox 544 2933 781 2977; x_wconf 88' lang='lat' dir='ltr'><strong>Copernicum</strong></span> <span class='ocrx_word' id='word_1_523' title='bbox 806 2934 991 2978; x_wconf 88' lang='lat' dir='ltr'><strong>praedicat</strong></span> <span class='ocrx_word' id='word_1_524' title='bbox 1015 2936 1177 2970; x_wconf 88' lang='lat' dir='ltr'><strong>Brunus:</strong></span> 
     </span>
    </p>

    <p class='ocr_par' dir='ltr' id='par_1_6' title="bbox 393 2993 1358 3037">
     <span class='ocr_line' id='line_1_48' title="bbox 393 2993 1358 3037; baseline 0 -9"><span class='ocrx_word' id='word_1_525' title='bbox 393 2993 488 3028; x_wconf 78' lang='lat' dir='ltr'><strong>Heio</strong></span> <span class='ocrx_word' id='word_1_526' title='bbox 514 3003 576 3036; x_wconf 72' lang='grc'><strong>090</strong></span> <span class='ocrx_word' id='word_1_527' title='bbox 601 2996 635 3027; x_wconf 80' lang='lat' dir='ltr'><strong>te</strong></span> <span class='ocrx_word' id='word_1_528' title='bbox 660 2993 802 3037; x_wconf 73' lang='lat' dir='ltr'><strong>appello</strong></span> <span class='ocrx_word' id='word_1_529' title='bbox 827 2993 1033 3027; x_wconf 76' lang='lat' dir='ltr'><strong>veneranda</strong></span> <span class='ocrx_word' id='word_1_530' title='bbox 1052 2994 1218 3037; x_wconf 75' lang='lat' dir='ltr'><strong>praedite</strong></span> <span class='ocrx_word' id='word_1_531' title='bbox 1245 2997 1358 3028; x_wconf 80' lang='lat' dir='ltr'><strong>mente</strong></span> 
     </span>
    </p>

    <p class='ocr_par' dir='ltr' id='par_1_7' title="bbox 391 3051 1174 3097">
     <span class='ocr_line' id='line_1_49' title="bbox 391 3051 1174 3097; baseline -0.003 -10"><span class='ocrx_word' id='word_1_532' title='bbox 391 3052 586 3097; x_wconf 73' lang='lat' dir='ltr'><strong>quem‘um</strong></span> <span class='ocrx_word' id='word_1_533' title='bbox 611 3051 715 3095; x_wconf 78' lang='lat' dir='ltr'><strong>cujus</strong></span> <span class='ocrx_word' id='word_1_534' title='bbox 741 3051 883 3086; x_wconf 78' lang='lat' dir='ltr'><strong>obscuri</strong></span> <span class='ocrx_word' id='word_1_535' title='bbox 908 3051 1065 3093; x_wconf 78' lang='lat' dir='ltr'><strong>infamia</strong></span> <span class='ocrx_word' id='word_1_536' title='bbox 1090 3052 1174 3086; x_wconf 76' lang='lat' dir='ltr'><strong>secli</strong></span> 
     </span>
    </p>

    <p class='ocr_par' dir='ltr' id='par_1_8' title="bbox 394 3109 1368 3155">
     <span class='ocr_line' id='line_1_50' title="bbox 394 3109 1368 3155; baseline 0.001 -11"><span class='ocrx_word' id='word_1_537' title='bbox 394 3110 483 3144; x_wconf 80' lang='lat' dir='ltr'><strong>Non</strong></span> <span class='ocrx_word' id='word_1_538' title='bbox 507 3109 625 3154; x_wconf 64' lang='lat' dir='ltr'><strong>tetigit</strong></span> <span class='ocrx_word' id='word_1_539' title='bbox 650 3113 683 3144; x_wconf 85' lang='lat' dir='ltr'><strong>et</strong></span> <span class='ocrx_word' id='word_1_540' title='bbox 707 3119 778 3144; x_wconf 78' lang='lat' dir='ltr'><strong>voae</strong></span> <span class='ocrx_word' id='word_1_541' title='bbox 803 3120 877 3143; x_wconf 78' lang='lat' dir='ltr'><strong>non</strong></span> <span class='ocrx_word' id='word_1_542' title='bbox 901 3113 952 3144; x_wconf 83' lang='lat' dir='ltr'><strong>est</strong></span> <span class='ocrx_word' id='word_1_543' title='bbox 975 3120 1170 3154; x_wconf 78' lang='lat' dir='ltr'><strong>suppressa</strong></span> <span class='ocrx_word' id='word_1_544' title='bbox 1194 3111 1368 3155; x_wconf 77' lang='lat' dir='ltr'><strong>strepenti</strong></span> 
     </span>
    </p>

    <p class='ocr_par' dir='ltr' id='par_1_9' title="bbox 394 3167 1470 3214">
     <span class='ocr_line' id='line_1_51' title="bbox 394 3167 1470 3214; baseline 0.002 -12"><span class='ocrx_word' id='word_1_545' title='bbox 394 3167 586 3203; x_wconf 77' lang='lat' dir='ltr'><strong>Murmure</strong></span> <span class='ocrx_word' id='word_1_546' title='bbox 611 3168 815 3212; x_wconf 80' lang='lat' dir='ltr'><strong>stultorum,</strong></span> <span class='ocrx_word' id='word_1_547' title='bbox 839 3177 1055 3213; x_wconf 69' lang='lat' dir='ltr'><strong>qenerose</strong></span> <span class='ocrx_word' id='word_1_548' title='bbox 1083 3167 1338 3212; x_wconf 77' lang='lat' dir='ltr'><strong>Coperm&#39;ce,</strong></span> <span class='ocrx_word' id='word_1_549' title='bbox 1365 3168 1470 3214; x_wconf 78' lang='lat' dir='ltr'><strong>cujus</strong></span> 
     </span>
    </p>
   </div>
  </div>
 </body>
</html>
