2126 3388
965 133 976 168 1
986 132 1065 169 600.
1821 134 1906 179 727

101 245 252 290 luberet,
279 247 480 282 consultum
507 247 593 282 mihi
618 247 729 283 videri
755 251 794 283 ut
812 248 974 284 Danielis
993 248 1182 284 domestici
1208 248 1275 283 mei
1301 249 1455 286 reditum
1481 262 1525 287 ex
1551 250 1635 286 aula
1660 261 1725 295 per
1750 251 1908 287 triduum

101 305 157 339 vel
183 305 411 349 quatriduum
437 308 716 352 exspectaret*),
743 307 804 351 qni
831 306 859 341 si
885 312 968 342 ante
995 307 1087 342 diem
1106 307 1213 342 lunae
1231 307 1302 343 huc
1320 319 1390 343 non
1408 312 1659 354 reverteretur,
1685 320 1793 355 posse
1811 311 1907 355 Kep-

99 364 214 398 lerum
246 363 326 408 ipso
354 364 410 399 die
435 364 542 400 lunae
574 364 663 399 satis
695 364 816 401 adhuc
841 366 995 409 Pragam
1020 367 1140 401 venire
1175 370 1283 409 atque
1317 378 1383 401 sua
1413 367 1522 403 isthic
1554 368 1698 412 negotia
1724 368 1906 412 expedire,

101 421 157 456 sin
191 426 309 456 autem
344 433 409 466 per
442 423 618 467 pauculos
651 424 741 459 istos
777 425 852 460 dics
889 430 1101 469 exspectare
1136 425 1243 468 nolit,
1281 435 1539 461 concessurum
1571 427 1626 461 illi
1659 427 1817 462 crastina
1850 426 1907 461 die

101 490 260 525 currum,
296 491 366 525 quo
399 492 464 525 pro
491 493 555 517 suo
582 482 729 518 arbitrio
754 483 906 527 pragam
941 484 1069 528 eat**).
1119 483 1169 518 Ut
1192 489 1312 517 autem
1339 494 1380 519 eo
1407 485 1538 520 certius
1574 486 1816 530 perspiceret,
1850 495 1907 520 me

99 539 199 574 nulla
223 539 294 574 alia
321 540 363 575 (16
390 551 499 576 causa
523 540 559 575 id
585 541 720 586 dicere,
759 553 866 586 quam
893 543 990 586 qnod
1016 541 1144 576 vellem
1170 541 1313 586 plenam
1346 543 1604 578 resolutionem
1637 545 1778 579 interea
1803 544 1907 579 nobis

98 609 144 633 ex
169 598 254 633 aula
278 597 420 644 adferri,
447 604 486 635 ut
512 600 643 635 rectius
670 599 755 643 quid
782 600 996 635 concludere
1023 601 1158 645 liceret,
1185 601 1341 645 produxi
1367 601 1580 647 Tengnaglii
1605 603 1675 638 mei
1699 602 1823 638 literas
1851 602 1907 638 die

101 658 157 692 27.
183 658 306 692 Martii
330 659 475 693 Pilsnae
501 658 602 693 datas
629 664 665 694 et
691 659 846 703 Keplero
874 659 1047 704 legendas
1073 659 1294 704 t1·adidi’³‘*²²*).
1327 660 1426 695 Haec
1445 671 1525 695 eum
1543 661 1723 705 Keplerus
1749 662 1908 706 legisset,

99 726 137 750 se
163 721 282 752 tamen
309 716 420 752 altero
447 717 504 752 die
529 717 681 761 Pragam
707 718 889 752 abiturum
914 718 1036 762 ajebat
1069 721 1104 752 ct
1128 718 1248 762 potius
1281 729 1361 753 cnm
1387 717 1539 752 Daniele
1564 719 1773 754 rediturum.
1824 720 1904 764 Ego

99 777 218 808 autem
250 775 321 819 ipsi
353 775 503 809 liberum
536 775 665 818 reliqui
700 775 819 810 facere
853 787 946 820 quae
980 776 1089 810 vellet
1127 787 1256 820 meque
1291 776 1623 822 obtemperaturum
1655 782 1690 812 et
1722 778 1766 813 de
1799 790 1906 814 curru

99 832 343 877 provisurum,
379 838 418 867 ut
443 837 590 878 postero
618 834 674 869 die
699 845 771 868 una
796 845 877 869 cum
902 835 1059 869 Doctore
1084 834 1269 877 Jessenio,
1298 836 1358 878 (1111
1383 835 1486 870 nobis
1513 835 1721 880 adsidebat,
1750 837 1905 882 Pragam

98 890 278 935 proficisci
303 892 430 935 possit.
482 893 538 927 An
563 903 645 928 vero
673 905 754 928 cum
779 892 933 928 Daniele
959 893 1029 928 huc
1062 893 1179 928 redire
1214 893 1299 928 velit
1335 893 1391 928 vel
1417 904 1538 939 secus,
1565 894 1634 939 ipsi
1659 895 1794 939 pariter
1820 896 1905 931 libe-

98 961 174 985 rum
200 949 418 986 relicturum.

698 998 823 1044 Tycho
850 997 982 1042 Brahe,
1008 1008 1117 1033 manu
1142 998 1297 1042 propria.

236 1055 336 1090 Haec
363 1056 483 1090 onmia
508 1056 559 1091 ita
584 1059 665 1092 acta
692 1067 773 1092 esse
798 1060 953 1092 attestor
978 1057 1074 1092 bona
1099 1056 1170 1091 fide
1195 1056 1275 1101 Ego
1303 1058 1347 1093 D.
1374 1058 1406 1092 J.
1434 1056 1621 1093 Jessenius
1660 1059 1720 1104 qui
1747 1057 1904 1094 interfui.

98 1114 181 1149 Joh.
207 1114 396 1149 Jessenius
421 1125 441 1149 a
459 1115 600 1160 Jessen,
626 1115 933 1151 illustrisimorum
952 1115 1094 1150 Ducum
1121 1114 1300 1150 saxoniae
1318 1115 1415 1151 Med.
1443 1121 1477 1151 et
1502 1116 1901 1162 professor-Witeberg.

98 1185 142 1208 m.
167 1185 220 1218 pr.
249 1174 314 1208 Ao.
341 1175 444 1210 1000.
469 1175 560 1218 Apr.
586 1176 616 1210 ἰ).

237 1232 370 1268 Elucet
397 1243 414 1266 e
442 1233 657 1277 quibusdam
685 1244 764 1268 cum
782 1232 931 1277 Kepleri
956 1237 1033 1267 tum
1052 1232 1236 1278 Tychonis
1254 1231 1384 1275 verbis,
1410 1233 1568 1267 rationes
1593 1233 1687 1268 inter
1713 1237 1906 1278 utrumque

97 1303 169 1327 non
206 1292 313 1336 plane
346 1293 490 1328 easdem
522 1292 634 1327 fuisse
670 1302 763 1335 quae
795 1291 914 1335 initio,
951 1302 1021 1335 quo
1054 1291 1234 1335 Keplerus
1262 1291 1306 1325 ad
1331 1290 1512 1325 Brabeum
1548 1296 1713 1336 venerat,
1748 1291 1904 1327 fuerant.

94 1350 367 1395 Aegritudinem
395 1349 573 1394 quandam
591 1349 773 1394 Tychonis
801 1350 908 1384 etiam
934 1349 1137 1393 significare
1162 1349 1329 1384 videntur
1355 1349 1423 1383 hae
1449 1347 1575 1383 literae
1601 1349 1646 1384 ad
1664 1350 1697 1383 H
1713 1349 1904 1384 offman-

96 1419 197 1442 num
223 1408 281 1443 die
310 1408 340 1444 6.
367 1408 490 1444 Martii
519 1408 645 1444 datae:
681 1407 739 1442 Ill.
767 1411 802 1442 et
831 1407 920 1443 Gen.
948 1407 1021 1451 Vir,
1048 1407 1201 1442 Domine
1229 1411 1263 1441 et
1289 1407 1401 1442 amice
1428 1407 1754 1443 honorandissime.
1804 1407 1905 1452 Quae

95 1467 144 1501 M.
170 1465 363 1512 Keplerus,
391 1466 494 1511 cujus
519 1467 703 1511 ingenium
730 1470 766 1501 et
792 1466 1018 1502 consuetudo
1044 1465 1131 1499 mihi
1156 1465 1352 1510 perplacet,
1380 1469 1420 1500 ut
1447 1465 1592 1509 dignum
1619 1476 1699 1500 eum
1726 1475 1904 1510 censeam,

98 1525 160 1568 qui
185 1529 325 1559 ametur
351 1529 387 1560 et
415 1524 460 1558 ad
486 1525 623 1569 optima
649 1535 814 1570 quaeque
838 1528 1106 1569 promoveatur,
1133 1528 1302 1559 oretenus
1330 1524 1374 1559 ad
1401 1535 1458 1558 me
1483 1524 1619 1566 retulit,
1647 1524 1805 1569 percepi.
1855 1525 1905 1559 Et

96 1588 269 1627 quantum
295 1583 341 1618 ad
377 1583 532 1627 primum
557 1583 697 1629 attinet,
726 1584 769 1619 de
796 1583 959 1619 studioso
986 1582 1048 1617 illo
1075 1583 1133 1618 hic
1160 1582 1289 1617 alendo
1317 1587 1352 1618 et
1381 1582 1626 1628 informando,
1663 1586 1824 1618 actutum
1850 1593 1904 1617 re-

82 1641 239 1688 spondi,
266 1653 321 1677 me
348 1654 419 1677 non
446 1643 575 1678 saltem
600 1643 637 1678 in
662 1643 743 1687 hoc,
770 1642 834 1677 sed
859 1642 967 1686 longe
993 1641 1192 1686 majoribus
1218 1641 1277 1676 Ill.
1303 1643 1409 1676 Dom.
1436 1642 1535 1677 Tuae
1561 1652 1625 1686 pro
1652 1651 1731 1676 meo
1757 1640 1904 1676 modulo

94 1702 390 1745 gratificaturum.
440 1702 604 1737 Alterum
639 1702 727 1747 satis
759 1701 922 1746 praevidi
964 1702 1092 1736 confici
1127 1712 1199 1735 non
1232 1711 1340 1746 posse
1371 1700 1583 1745 priusquam
1617 1710 1830 1744 expressum
1856 1700 1901 1734 ab

100 1760 183 1794 aula
202 1760 380 1795 Caesarea
406 1760 590 1796 decretum
616 1760 653 1796 in
672 1761 857 1795 Cameram
883 1761 1099 1804 mitteretur,
1127 1759 1225 1804 quod
1245 1759 1321 1803 jam
1347 1759 1592 1802 conscriptum
1619 1768 1699 1793 esse
1724 1757 1900 1801 intellexi,

94 1824 131 1853 at
157 1818 215 1853 ubi
242 1819 406 1863 haereat,
442 1829 498 1853 me
524 1819 625 1853 latet.
677 1818 769 1862 Quia
795 1829 879 1853 vero
906 1829 927 1853 a
953 1818 1175 1862 Tengnaglio
1203 1817 1374 1862 cognovi,
1402 1817 1497 1861 quod
1525 1827 1604 1851 cum
1633 1816 1689 1851 Ill.
1716 1817 1758 1851 D.
1786 1817 1901 1851 Tuam

95 1876 259 1921 pauculis
287 1877 467 1912 allocutus
493 1877 539 1912 sit
565 1877 734 1922 quodque
761 1877 951 1912 consilium
976 1877 1064 1912 illud
1092 1877 1135 1911 de
1161 1876 1321 1920 Keplero
1355 1879 1465 1918 atque
1499 1875 1561 1908 illo
1588 1874 1676 1918 alio,
1705 1885 1785 1908 cum
1810 1873 1902 1909 illud

91 1935 145 1970 lll.
171 1937 213 1970 D.
241 1935 340 1970 Tuae
375 1937 501 1980 paucis
536 1941 754 1981 exponeret,
791 1936 907 1971 eidem
940 1935 1120 1981 placuerit
1163 1935 1279 1979 deque
1312 1944 1354 1969 eo
1387 1934 1543 1978 ipsomet
1577 1943 1716 1968 mecum
1749 1932 1901 1968 ulterius

90 1993 189 2037 loqui
214 1994 309 2038 velit,
337 1994 428 2029 dabo
458 2005 603 2038 operam
624 2000 672 2039 ut,
700 2006 809 2039 quam
834 1996 989 2041 primum
1009 1995 1195 2039 nonnulla,
1222 2004 1315 2038 quae
1335 2005 1399 2038 pro
1420 1994 1521 2028 Caes.
1540 1993 1606 2027 Mte
1633 1991 1791 2034 elaboro,
1819 2002 1901 2026 con-

93 2052 189 2087 fecta.
220 2052 372 2097 fuerint,
409 2057 569 2087 assumto
604 2063 743 2088 mecum
776 2055 826 2088 M.
854 2054 1014 2098 Keplero
1049 2054 1205 2097 Pragam
1239 2062 1445 2094 excurram,
1484 2061 1554 2095 quo
1587 2050 1684 2095 apud
1717 2050 1769 2084 Ill.
1796 2051 1903 2086 Dom.

96 2112 210 2146 Tuam
236 2111 304 2146 hac
331 2111 375 2146 de
401 2122 458 2157 re,
485 2117 594 2156 prout
621 2123 663 2146 ea
689 2113 860 2158 suaserit,
897 2112 1138 2151 deliberemus
1165 2117 1200 2145 et
1227 2110 1317 2146 certi
1344 2109 1482 2153 aliquid
1509 2112 1724 2143 statuamus.
1774 2107 1901 2152 Neque

97 2170 190 2204 enim
215 2170 294 2214 ipse
320 2170 499 2215 Keplerus
526 2170 581 2205 Ill.
610 2171 714 2207 Dom.
744 2172 822 2206 Tua
853 2170 1058 2205 inconsulta
1092 2170 1284 2214 quiequam
1316 2168 1534 2204 concludere
1566 2166 1699 2212 voluit,
1734 2166 1831 2211 quod
1865 2170 1901 2201 et

97 2239 162 2272 ego
189 2228 320 2273 probo,
355 2228 532 2272 siquidem
559 2229 697 2274 absque
733 2229 812 2274 ejus
839 2239 1019 2265 consensu
1046 2233 1080 2264 et
1105 2240 1217 2264 suasu
1247 2228 1336 2263 nibil
1362 2227 1464 2263 nobis
1490 2226 1694 2261 faciendum
1720 2235 1899 2261 censeam.

92 2286 262 2321 Intellexi
287 2287 429 2330 quidem
459 2287 743 2332 quodammodo,
778 2287 1021 2322 nonnullas
1050 2286 1378 2322 difficultates
1405 2295 1506 2320 sese
1531 2284 1786 2329 insinuare,
1821 2284 1898 2328 qui-

93 2347 160 2380 bus
187 2350 308 2380 tamen
335 2346 405 2389 (nti
432 2346 555 2390 spero)
584 2356 628 2380 ex
655 2347 709 2380 lll.
736 2347 840 2381 Dom.
868 2347 967 2381 Tuae
1002 2345 1173 2390 prudenti
1203 2345 1351 2389 provisu
1384 2343 1488 2378 facile
1520 2353 1748 2378 occurremus
1781 2342 1898 2387 iisque

93 2404 267 2439 medelam
293 2404 555 2440 adhibebimus.
607 2405 725 2448 Quare
752 2405 870 2440 omnia
897 2406 991 2440 circa
1025 2405 1095 2439 hoc
1131 2405 1324 2449 negotium,
1355 2403 1470 2438 donec
1502 2413 1581 2438 cum
1606 2401 1661 2436 Ill.
1689 2402 1792 2436 Dom.
1819 2402 1897 2435 Tua.

92 2468 303 2508 praesentes
331 2463 374 2498 de
401 2474 443 2498 eo
471 2463 660 2507 egerimus,
690 2463 888 2499 differenda
912 2465 1139 2500 arbitramur.

230 2522 409 2565 Keplerus
442 2523 488 2556 ad
513 2523 717 2567 Tychonem
752 2529 901 2560 venerat
936 2535 1000 2569 spe
1033 2530 1068 2559 et
1093 2522 1224 2558 fiducia
1259 2522 1406 2567 plenuS,
1445 2531 1597 2566 sperans
1631 2519 1833 2564 profectum
1859 2517 1895 2552 iu

96 2580 224 2615 studiis
250 2581 519 2624 astronomicis,
554 2581 688 2616 viribus
715 2583 789 2617 suis
814 2583 942 2629 fidens,
971 2584 1101 2628 quibus
1129 2581 1310 2627 Tychonis
1341 2590 1452 2625 opera
1476 2582 1714 2624 promoveret.
1767 2575 1895 2619 Qualia.

91 2639 204 2683 ipsius
230 2638 364 2672 fuerint
390 2638 530 2682 stmlia,
558 2650 667 2684 supra
693 2641 810 2676 verbis
829 2640 978 2687 Kepleri
1002 2641 1249 2683 exhibuimus,
1276 2649 1368 2684 quae
1393 2649 1477 2673 vero
1497 2637 1619 2681 Tycho
1639 2635 1683 2670 ab
1709 2645 1751 2669 eo
1770 2637 1893 2678 postu-

90 2698 190 2741 larit,
218 2708 290 2732 non
316 2697 459 2741 quidem
485 2697 592 2742 plane
618 2705 769 2743 apparet
795 2710 839 2734 ex
865 2701 925 2745 iis,
958 2712 1051 2745 qnae
1084 2701 1219 2745 scripta
1243 2697 1401 2742 reliquit.
1451 2694 1631 2738 Keplerus
1658 2702 1696 2727 56
1722 2692 1826 2736 quasi
1842 2691 1893 2726 in-

92 2761 294 2801 spectorem
320 2755 565 2791 studiosorum
591 2757 772 2801 T5chonis
798 2757 876 2793 fore
902 2759 1052 2803 putavit,
1078 2757 1201 2803 Tych'o
1227 2766 1322 2801 ver0,
1351 2759 1390 2790 ut
1416 2758 1494 2789 erat
1519 2752 1573 2787 vir
1597 2752 1702 2787 nimis
1728 2751 1784 2787 sui
1810 2763 1892 2787 con-

232 2885 261 2928 *)
288 2888 374 2917 Ante
409 2886 536 2917 Pascha
569 2887 825 2927 promissionem
860 2887 957 2925 fecit,
992 2888 1020 2917 si
1045 2885 1166 2916 Daniel
1201 2886 1325 2915 interea
1357 2894 1423 2915 non
1455 2884 1583 2923 redeat,
1619 2893 1651 2915 se
1678 2884 1789 2914 statim
1814 2887 1892 2924 post

92 2936 192 2966 serias
216 2944 268 2964 me
294 2934 521 2967 dimissurum,
572 2934 712 2963 Addidit
738 2937 770 2963 et
796 2933 1112 2964 commendationem
1139 2932 1343 2963 constantiae
1370 2940 1458 2962 suae.
1508 2930 1554 2963 K.

231 2977 282 3017 ⁵⁵⁴⁴)
306 2980 377 3011 Imo
404 2990 444 3010 ne
469 2981 551 3010 mihi
578 2979 641 3010 soli
660 2990 773 3011 currus
792 2981 1036 3021 attribueretur,
1064 2988 1101 3009 eo
1128 2979 1180 3009 die
1208 2979 1253 3009 ire
1278 2977 1380 3020 volni,
1407 2987 1473 3019 quo
1491 2978 1662 3009 Jessenius
1690 2979 1758 3006 erat
1783 2976 1889 3008 iturus

91 3029 125 3058 in
152 3037 248 3059 curru
276 3028 457 3066 Tychonis.
506 3027 548 3059 K.

230 3072 299 3114 mvi)
325 3074 549 3112 Tengnaglius·
576 3073 706 3104 scribit:
736 3074 876 3104 Etiamsi
901 3073 1048 3104 Molerus
1074 3072 1260 3112 advenerit,
1291 3071 1515 3103 Corraducius
1542 3071 1647 3102 nihilo
1674 3073 1781 3105 secius
1808 3083 1887 3106 con-

93 3122 193 3153 sentit
217 3122 252 3152 in
277 3121 474 3164 petitionem
499 3121 538 3152 de
565 3121 707 3164 Keplero
732 3124 765 3154 et
790 3130 864 3152 curn
888 3121 961 3163 ipso
989 3122 1105 3160 agetur
1128 3128 1187 3160 per
1211 3120 1359 3160 primam
1385 3120 1685 3164 opportunitatem,
