2126 3388
632 182 687 218 De
712 181 834 218 amicis
859 184 896 217 et
921 180 1127 220 fautoribus
1152 182 1312 229 Kepleri.
1795 183 1878 227 9ῖὸ

82 312 173 339 suas
205 301 480 350 superantibus
510 301 686 340 nonnihil
717 300 947 349 dubitasset,
981 301 1028 341 de
1059 303 1128 340 illa
1149 302 1383 342 Maestlinus
1415 313 1456 340 se
1488 306 1756 341 excusaverat.
1809 302 1880 340 Cui

83 361 326 397 excusationi
359 360 551 410 Keplerus
582 362 637 399 sic
667 359 886 410 respondit:
931 360 1028 398 Cum
1060 362 1196 410 ingens
1227 362 1465 411 praestiteris
1505 361 1599 398 mihi
1633 360 1875 408 beneficium,

82 429 244 456 excusas
275 423 312 456 te
336 419 440 467 mihi,
474 417 579 468 quod
600 420 726 468 majus
757 417 851 455 illud
873 429 950 455 non
972 419 1086 457 suerit
1108 419 1291 469 quodque
1314 426 1391 457 tam
1414 419 1478 456 diu
1503 418 1665 456 dilatum
1688 421 1738 457 sit
1760 430 1880 469 opus-

82 475 212 513 culum
244 477 398 526 culpam
430 489 453 514 a
484 482 521 515 te
552 488 741 516 removes.
804 475 927 524 Quasi
965 482 1033 514 aut
1064 477 1160 514 haec
1200 478 1314 526 culpa
1345 478 1477 523 fuerit,
1523 483 1589 515 aut
1621 489 1694 527 ego
1727 478 1876 516 benefi-

82 536 231 572 centiae
274 540 364 574 tuae
408 536 548 573 arbiter
587 542 706 584 atque
745 534 944 583 legislator
986 535 1210 583 existerem;
1257 537 1413 573 omnino
1457 537 1569 584 quasi
1603 535 1774 574 debitum
1807 536 1880 573 hoc

82 597 194 633 esset.
256 593 437 643 Agnosco
468 604 561 631 sane
594 599 632 631 et
662 594 886 630 reminiscor
926 593 1046 631 verba
1084 593 1272 631 nonnulla
1313 605 1422 631 meae
1466 593 1669 642 epistolae.
1734 594 1878 632 Verum

80 650 176 688 illud
207 656 244 689 te
276 663 432 701 moneo:
474 653 538 700 qui
581 650 744 689 candido
777 652 908 688 scribit
940 652 1090 696 animo,
1134 663 1221 688 eum
1262 651 1384 689 multa
1422 653 1680 700 incogitanter
1711 653 1879 691 scribere

82 715 119 746 et
151 711 299 747 semina
331 711 597 758 suspicionum
628 721 765 752 serere,
800 721 869 747 nec
901 715 1028 746 tamen
1063 710 1149 747 ideo
1183 721 1314 747 earum
1347 711 1478 747 teneri.
1519 710 1620 749 Sane
1653 711 1747 748 mihi
1771 723 1879 749 mens

85 767 179 805 alibi
211 778 286 805 non
319 774 400 805 erat
431 779 476 805 eo
511 769 547 804 in
576 767 675 814 loco,
709 779 824 815 quam
858 769 895 803 in
928 768 1120 805 sumtibus
1144 779 1257 817 parce
1289 767 1476 805 faciendis
1499 773 1570 806 etc.
1629 767 1729 817 Quid
1753 781 1877 818 quae-

80 825 164 862 ris‘?
215 825 298 874 Ego
330 825 492 863 totidem
524 826 648 863 sentio
680 825 870 871 stimulos,
905 827 1060 874 quoties
1092 832 1134 862 tu
1168 825 1230 863 vel
1262 830 1416 875 tempus
1448 837 1622 874 excusas,
1658 827 1718 865 vel
1752 839 1879 877 quan-

83 889 162 920 tum
195 884 233 920 in
265 885 473 922 excusione
514 884 752 933 praestiteris
793 894 982 921 recenses.
1047 882 1188 921 Obruis
1231 895 1290 921 me
1332 895 1426 922 sane
1466 886 1584 922 nimio
1625 886 1698 923 mei
1737 885 1879 933 studio,

82 953 208 991 neque
240 941 389 979 calamo
421 942 458 979 id
492 953 659 991 aequare
691 941 857 990 amplius
889 953 1047 990 possum
1052 970 1192 980 .....
1256 942 1354 980 Ecce
1387 954 1503 991 quam
1548 954 1733 992 operosus
1767 956 1807 982 es
1841 946 1877 980 in

81 1001 237 1050 negotio
268 999 507 1038 mendorum.
568 999 654 1037 Non
687 1011 771 1036 sum
805 1011 889 1048 ego,
923 999 1134 1038 clarissime
1168 1000 1334 1038 Domine
1366 1001 1618 1050 Praeceptor,
1663 1013 1709 1039 ex
1743 1013 1876 1041 eorum

83 1069 255 1104 numero,
288 1060 366 1107 qui,
400 1059 473 1096 nisi
506 1057 731 1107 ephippium
765 1069 850 1096 cum
881 1069 982 1107 equo
1016 1058 1148 1105 dones,
1182 1070 1323 1107 equum
1356 1059 1502 1096 nudum
1534 1061 1772 1098 remittunt.“
1803 1083 1852 1088 —

226 1115 418 1165 chlerus
461 1128 579 1165 quum
623 1115 747 1154 Gratii
790 1117 1065 1166 instigantibus
1104 1117 1311 1155 Nobilibus
1359 1117 1546 1167 Styriacis
1589 1120 1796 1168 incepisset
1836 1121 1874 1155 in

82 1173 333 1224 astrologiam
365 1175 596 1221 incumbere,
630 1174 839 1212 Maestline
871 1186 972 1212 anno
999 1178 1121 1215 1598.
1155 1175 1201 1212 de
1235 1175 1479 1225 astrologicis
1511 1177 1590 1213 suis
1623 1178 1874 1225 opinionibus

83 1232 271 1271 nonnulla
301 1234 454 1282 scripsit
496 1238 533 1271 et
564 1233 659 1271 haec
698 1232 867 1270 addidit:
913 1231 1068 1282 Optime
1109 1238 1353 1282 praeceptor,
1396 1246 1522 1272 annon
1564 1240 1666 1273 recte
1709 1247 1803 1284 ago,
1846 1237 1878 1273 si

86 1303 243 1340 operam
274 1291 323 1329 do
355 1296 397 1329 ut
429 1291 551 1329 doctis
584 1297 621 1329 et
652 1290 897 1340 philosophis
929 1293 1043 1329 etiam
1085 1293 1348 1342 operationem
1393 1293 1489 1331 coeli
1530 1293 1786 1342 persuadeam
1821 1293 1881 1330 di-

85 1349 293 1388 stinctam‘?
344 1350 432 1399 Ago
466 1351 597 1398 itaque
629 1357 670 1387 ut
701 1349 900 1397 Jesuitae,
945 1352 1011 1399 qui
1043 1350 1164 1387 multa
1197 1350 1427 1397 emendant,
1462 1356 1503 1388 ut
1534 1351 1708 1389 homines
1742 1352 1882 1390 catho-

83 1409 180 1446 licos
211 1408 366 1446 faciant.
429 1408 512 1446 Imo
544 1419 620 1445 non
653 1409 708 1445 ita
739 1419 826 1457 ago,
859 1420 948 1446 nam
980 1410 1046 1458 qui
1079 1420 1211 1446 omnes
1250 1420 1374 1458 nugas
1418 1408 1646 1455 defendunt,
1689 1416 1778 1447 sunt
1809 1409 1883 1448 Je-

83 1468 193 1504 suitis
225 1466 383 1514 similes,
416 1477 488 1516 ego
520 1478 605 1504 sum
637 1465 883 1504 Lutheranus
916 1466 1156 1516 astrologus,
1191 1468 1256 1516 qui
1289 1469 1401 1515 nugis
1434 1467 1597 1516 abjectis
1629 1469 1774 1506 retineo
1808 1480 1882 1505 nu-

86 1525 209 1563 cleum
214 1553 355 1563 .....
414 1523 520 1562 Nihil
550 1524 684 1572 rejicio
717 1537 763 1562 ex
795 1524 1018 1573 astrologia,
1053 1530 1206 1574 praeter
1237 1525 1389 1563 inutilia
1422 1525 1603 1563 domuum
1627 1526 1881 1565 numeralium

86 1585 340 1621 instrumenta
371 1588 409 1620 et
440 1583 547 1620 illam
569 1588 813 1632 arrogantem
843 1585 1171 1633 praesumtionem
1203 1583 1250 1621 de
1282 1584 1440 1634 speciali
1464 1584 1737 1634 praedictione,
1770 1587 1882 1634 quasi

86 1653 202 1691 quem
233 1653 464 1692 suspensum
506 1642 551 1677 iri
591 1640 786 1689 dicamus,
831 1643 865 1679 ei
896 1653 972 1679 non
1014 1654 1138 1691 aeque
1180 1641 1331 1679 coelum
1362 1642 1531 1691 generali
1572 1642 1643 1680 sub
1676 1644 1881 1693 complexu

86 1712 274 1749 aquarum
306 1700 479 1750 pericula
510 1698 694 1738 denotare
729 1701 862 1749 possit,
896 1705 964 1737 aut
995 1702 1106 1750 quasi
1141 1701 1394 1738 erraverimus
1426 1706 1588 1739 mortem
1620 1701 1737 1738 alicui
1769 1713 1882 1751 prae-

86 1758 271 1806 dicentes,
304 1759 370 1807 qui
403 1769 449 1796 eo
481 1762 652 1808 tempore
692 1757 910 1807 periculoso
944 1770 989 1796 ex
1022 1758 1156 1796 morbo
1190 1760 1252 1796 vix
1297 1760 1432 1798 evasit.
1495 1759 1637 1807 Vides,
1681 1759 1776 1798 haec
1806 1771 1881 1798 non

86 1816 135 1855 ad
167 1822 416 1863 contemtum,
449 1815 517 1854 sed
548 1816 597 1853 ad
629 1816 813 1854 honorem
846 1818 966 1854 nostri
999 1816 1143 1855 ordinis
1176 1818 1377 1866 pertinere.

230 1874 322 1913 Jam
355 1873 448 1924 quid
480 1874 670 1924 Keplerus
712 1874 758 1912 de
796 1874 1023 1912 difficillima
1064 1887 1136 1912 sua
1176 1877 1273 1913 inter
1306 1874 1613 1913 Lutheranorum
1654 1877 1882 1914 vexationes

87 1931 212 1970 Gratii
254 1932 496 1979 conditione,
547 1931 641 1982 quid
685 1932 731 1970 de
770 1932 968 1982 Tychonis
1009 1938 1051 1971 ut
1082 1933 1248 1982 Pragam
1294 1934 1438 1971 veniret
1479 1934 1710 1972 invitatione
1759 1935 1882 1984 scrip-

85 1992 197 2037 serit,
241 1991 334 2041 quid
377 1990 422 2029 de
453 1990 592 2028 studiis
635 1990 737 2041 apud
779 1991 886 2028 illum
918 1993 1101 2042 inceptis,
1146 2003 1243 2041 quas
1285 1991 1422 2030 deinde
1455 2003 1541 2030 cum
1581 1997 1799 2040 aegrotaret
1832 1992 1882 2030 ad

87 2049 338 2088 Maestlinum
371 2050 517 2087 miserit
548 2049 735 2099 epistolas
757 2050 1047 2096 moestissimam,
1081 2061 1198 2099 quam
1231 2050 1409 2088 ardenter
1440 2061 1486 2088 ex
1519 2052 1664 2088 incerta
1696 2049 1881 2100 Pragensi

88 2112 192 2145 statu
224 2107 445 2157 Tubingam
476 2109 512 2144 in
545 2106 674 2145 sedem
708 2112 745 2145 et
776 2109 977 2146 certiorem
1009 2114 1046 2146 et
1078 2107 1383 2158 tranquilliorem
1406 2107 1572 2146 voluerit
1602 2108 1808 2155 transferri,
1844 2114 1881 2147 et

89 2167 125 2203 in
158 2167 350 2216 prioribus
390 2165 654 2204 voluminibus
695 2171 733 2202 et
770 2167 982 2215 praemissa
1024 2167 1157 2218 „vita“
1202 2166 1377 2217 pluribus
1422 2168 1682 2216 exposuimus.
1746 2166 1880 2215 Neque

87 2223 162 2262 hoc
192 2224 346 2262 silentio
378 2230 437 2262 est
478 2225 747 2274 praeteritum,
788 2235 888 2273 quae
921 2236 944 2262 a
976 2231 1106 2262 vetere
1157 2229 1194 2262 et
1231 2226 1355 2262 amico
1396 2230 1433 2262 et
1469 2226 1652 2274 magistro
1697 2225 1881 2274 sperabat

89 2294 206 2331 quam
236 2294 372 2334 parum
403 2282 544 2320 fuerint
575 2282 740 2332 expleta.
783 2281 894 2329 Quae
926 2282 1011 2320 sola
1042 2282 1273 2321 Maestlinus
1307 2282 1355 2320 ad
1387 2282 1627 2320 miserabiles
1659 2282 1728 2319 has
1749 2294 1881 2333 preces

89 2351 134 2378 ac
166 2341 344 2390 querelas
375 2340 573 2390 respondit
604 2339 764 2390 (1600),
796 2340 894 2378 haec
924 2345 1014 2378 sunt
1046 2341 1185 2379 verba:
1233 2338 1416 2391 „Utinam
1458 2340 1724 2391 prudentiores
1766 2347 1803 2378 et
1843 2342 1880 2377 in

87 2399 203 2437 rebus
234 2399 402 2449 politicis
434 2398 753 2447 intelligentiores
786 2410 903 2448 quam
936 2410 996 2437 me
1027 2399 1310 2445 consuluisses,
1354 2400 1421 2447 qui
1457 2411 1547 2437 vere
1586 2399 1786 2437 infantiam
1817 2399 1881 2437 hic

89 2468 214 2495 meam
246 2468 430 2506 agnosco.
471 2456 628 2494 Interim
660 2455 1034 2494 turbulentissimum
1067 2462 1176 2494 tuum
1208 2462 1245 2495 et
1277 2456 1526 2495 ecclesiarum
1559 2462 1772 2495 vestrarum
1796 2462 1881 2494 sta-

87 2520 167 2552 tum
198 2514 376 2564 lugemus
408 2520 445 2553 et
476 2514 757 2553 ardentissimis
797 2517 972 2565 suspiriis
1005 2514 1290 2565 deploramus.“
1355 2514 1469 2563 Quod
1500 2526 1726 2565 responsum
1758 2516 1881 2553 omnis

86 2574 215 2611 solatii
249 2585 382 2622 expers
414 2583 499 2611 cum
521 2572 750 2610 Maestlinus
782 2574 908 2611 amico
941 2572 1122 2620 dedisset,
1157 2585 1277 2623 usque
1309 2573 1358 2610 ad
1390 2584 1533 2611 annum
1559 2577 1666 2612 16Οό
1700 2573 1879 2611 diuturno

87 2631 268 2669 utebatur
297 2630 476 2677 silentio,
522 2632 700 2680 quamvis
733 2632 976 2669 amicissimis
1007 2637 1044 2668 et
1076 2632 1316 2680 gravissimis
1348 2631 1476 2669 verbis
1509 2643 1596 2669 eum
1627 2631 1676 2669 ad
1708 2632 1880 2669 scriben-

86 2689 176 2727 dum
208 2689 423 2727 hortaretur
453 2688 657 2738 Keplerus.
718 2688 782 2726 Sic
813 2700 913 2727 anno
941 2693 1060 2728 1604.
1093 2690 1245 2739 scripsit
1276 2689 1389 2727 haec:
1425 2688 1548 2736 „Cum
1580 2694 1766 2739 perpetuo
1799 2696 1878 2735 tuo,

85 2747 292 2785 Maestline
324 2752 552 2796 praeceptor
582 2748 743 2797 optime,
786 2747 939 2785 silentio
978 2758 1103 2784 meam
1142 2746 1334 2784 scribendi
1377 2746 1616 2795 diligentiam
1655 2748 1770 2785 toties
1798 2747 1878 2796 jam

87 2806 391 2855 expugnaveris,
425 2803 566 2842 accidit
595 2804 688 2841 mihi
720 2809 861 2851 tamen,
895 2803 998 2853 quod
1031 2805 1068 2840 in
1091 2803 1193 2842 bello
1215 2803 1522 2853 desperantibus,
1556 2810 1596 2841 ut
1628 2809 1736 2842 tanto
1757 2807 1879 2854 magis

86 2865 341 2914 scripturiam,
374 2868 519 2911 quanto
553 2863 678 2899 minus
710 2862 881 2911 proficio,
915 2867 953 2899 et
984 2863 1020 2898 in
1054 2863 1238 2899 victoriae
1269 2867 1377 2911 parte
1409 2872 1562 2911 ponam,
1594 2863 1760 2900 salutem
1792 2875 1877 2900 om-

85 2933 171 2959 nem
204 2921 421 2972 desperare.
484 2920 543 2957 Tu
576 2921 610 2957 si
640 2919 750 2957 lectis
782 2921 877 2963 meis
910 2917 1069 2969 Opticis,
1103 2921 1134 2956 si
1165 2919 1266 2957 lecta
1299 2920 1548 2969 conceptione
1580 2931 1668 2958 mea
1699 2920 1746 2959 de
1775 2933 1879 2960 nova

86 2978 199 3017 stella
230 2991 304 3017 non
337 2977 572 3029 permoveris
604 2977 652 3015 ad
683 2977 945 3023 scribendum,
989 2982 1029 3014 at
1059 2976 1195 3014 saltem
1229 2977 1278 3014 ob
1311 2977 1347 3016 S.
1379 2976 1491 3014 Caes.
1523 2977 1784 3027 Majestatem‚
1818 2981 1877 3018 cui

85 3043 197 3085 grata
229 3041 320 3075 sunt
349 3035 572 3085 hujusmodi
603 3036 747 3085 scripta
789 3046 965 3084 quaeque
998 3034 1075 3085 ipsi
1116 3036 1223 3073 varia
1262 3035 1497 3082 conquisivi,
1541 3035 1687 3085 aliquid
1717 3038 1875 3075 scribas.

86 3094 280 3133 Provocat
310 3094 360 3133 ad
391 3100 428 3133 te
461 3094 657 3141 Roslinus,
692 3093 802 3142 quus
837 3094 1018 3143 scriptum
1053 3093 1134 3142 jam
1177 3094 1326 3143 accepit
1356 3092 1436 3130 Sua
1469 3092 1578 3134 Caes.
1610 3094 1723 3143 Maj.,
1771 3106 1878 3134 com·—

85 3154 211 3192 munis
242 3153 339 3192 haec
360 3152 720 3192 mathematicorum
753 3156 811 3190 est
831 3152 1004 3199 materia,
1038 3162 1154 3201 quam
1175 3162 1251 3190 non
1272 3151 1463 3200 attingere
1486 3150 1712 3192 desertionis
1734 3155 1875 3194 crimen
