2157 3398
146 155 231 202 574
557 155 794 192 summarium
816 155 998 192 Historiae
1022 154 1276 191 Astronomiae
1301 153 1423 190 seculo
1447 153 1540 190 XVI.

283 270 470 316 Capitibus
493 271 632 308 28-30
660 270 772 307 tradit
802 273 998 317 praecepta
1034 269 1097 315 (ad
1127 268 1326 306 Ptolemaei
1354 269 1516 314 modum)
1549 269 1596 306 ad
1625 268 1856 306 inveniendas
1880 280 1942 315 op-

146 328 346 375 positiones
372 333 408 364 et
433 328 705 373 conjunctiones
732 328 825 364 Solis
849 332 885 364 et
909 328 1034 364 Lunae
1058 337 1163 363 veras
1189 332 1226 364 et
1249 328 1402 372 medias,
1436 328 1554 374 capite
1578 328 1637 365 30.
1669 326 1715 363 ad
1741 327 1942 364 discernen-

143 387 240 433 dum,
266 398 352 422 num
376 386 460 421 illae
484 386 673 431 eclipticae
697 386 770 422 sint
794 396 929 431 necne,
967 396 1046 432 cap.
1071 386 1126 421 31.
1154 386 1200 422 ad
1234 386 1474 423 definiendam
1509 386 1748 431 quantitatem
1779 385 1942 422 defectus

146 445 298 492 ejusque
323 445 566 490 durationem,
593 449 629 480 et
652 445 708 481 his
733 445 841 481 finem
865 445 954 481 facit
978 444 1060 480 libri
1085 445 1222 489 quarti:
1261 445 1382 489 „Haec
1407 445 1451 481 de
1475 445 1580 480 Luna
1612 442 1720 480 modo
1751 443 1943 485 sufficiant,

143 515 236 548 quae
259 503 356 548 apud
391 503 480 538 alios
505 507 589 538 sunt
613 502 722 539 latius
757 507 997 548 pertractata3
1035 502 1247 540 festinamus
1273 503 1320 539 ad
1351 501 1571 547 reliquorum
1604 503 1762 548 quinque
1787 500 1942 537 siderum

143 561 394 605 revolutiones,
420 571 512 605 quae
536 561 573 596 in
598 561 832 606 sequentibus
858 561 1054 598 dicentur.“

282 618 425 653 Libro
460 619 625 663 quinto
657 620 761 664 quasi
786 619 1022 665 praefationis
1047 618 1129 655 loco
1154 618 1354 654 afferuntur
1385 618 1690 655 denominationes
1714 617 1942 664 planetarum

144 687 188 712 ex
213 675 373 711 Platonis
398 676 568 711 Timaeo:
598 677 796 718 „Saturnus
822 677 1074 714 denominatur
1089 677 1274 724 Phaenon,
1300 677 1404 723 quasi
1426 677 1606 713 lucentem
1629 677 1687 713 vel
1709 679 1943 723 apparentem

144 735 298 779 diceres;
333 733 424 769 latet
456 733 551 769 enim
581 734 725 770 minime
757 736 886 772 ceteris
917 736 1095 781 citiusque
1129 736 1278 780 emergit
1314 734 1519 771 occultatus
1554 746 1575 770 a
1607 734 1702 771 Sole.
1750 734 1896 780 Jupiter
1919 744 1942 769 a

142 793 332 838 splendore
362 793 538 828 Phaeton.
600 794 700 830 Mars
734 795 859 841 Pyrois
890 795 935 830 ab
967 795 1073 840 igneo
1110 794 1275 831 candore.
1340 794 1462 830 Venus
1500 793 1718 839 quandoque
1749 804 1932 836 φωσφορος

141 853 357 897 quandoque
382 853 540 896 ἕσπερος,
574 851 609 888 h.
636 863 667 888 e.
695 853 842 888 Lucifer
875 859 911 889 et
934 854 1163 899 Vesperugo,
1199 856 1306 898 prout
1333 852 1458 887 eadem
1482 862 1588 889 mane
1619 851 1677 887 vel
1701 861 1850 896 vespere
1874 849 1941 886 ful-

145 910 245 947 serit.
294 910 458 954 Denique
482 910 685 946 Mercurius
711 920 732 945 a
755 911 909 946 micante
934 910 1168 956 vibranteque
1192 911 1325 946 lumine
1351 910 1502 947 Stilbon.

284 969 400 1015 Caput
419 973 448 1007 1.
493 971 567 1012 „De
591 969 872 1006 revolutionibus
897 970 1123 1016 planetarum
1150 976 1186 1007 et
1217 971 1343 1006 mediis
1377 970 1543 1005 motibus.
1592 968 1674 1004 Bini
1705 967 1940 1013 longitudinis

141 1031 261 1064 motus
285 1027 477 1073 plurimum
502 1027 707 1064 differentes
734 1034 910 1074 apparent
934 1029 971 1064 in
995 1029 1095 1075 ipsis,
1146 1030 1248 1066 Unus
1275 1033 1331 1065 est
1355 1032 1504 1075 propter
1529 1031 1664 1063 motum
1681 1027 1825 1071 Terrae,
1849 1026 1940 1062 alter

141 1087 318 1131 cujusque
341 1086 520 1132 proprius.
557 1086 715 1121 Primum
738 1096 811 1121 non
836 1086 966 1131 injuria
992 1092 1128 1123 motum
1154 1086 1440 1123 commutationis
1466 1086 1584 1122 dicere
1600 1085 1747 1131 placuit,
1767 1085 1941 1130 cumipse

143 1145 200 1189 sit,
226 1145 287 1190 qui
310 1145 348 1180 in
373 1144 534 1180 omnibus
558 1144 630 1180 illis
656 1143 842 1185 stationes,
867 1144 1139 1189 progressiones
1165 1149 1201 1179 et
1225 1155 1411 1190 regressus
1437 1145 1524 1180 facit
1540 1154 1724 1190 apparere,
1750 1154 1822 1179 non
1842 1143 1940 1188 quod

140 1202 285 1247 planeta
310 1203 361 1239 sic
386 1202 617 1247 distrahatur,
644 1202 706 1246 qui
729 1204 829 1236 motu
855 1211 920 1236 suo
947 1211 1087 1246 semper
1111 1202 1293 1248 procedit,
1326 1203 1390 1238 sed
1415 1201 1511 1246 quod
1535 1211 1599 1246 per
1623 1206 1759 1237 motum
1784 1211 1940 1236 commu-

139 1261 284 1296 tationis
310 1261 360 1296 sic
385 1265 569 1306 appareat,
597 1270 702 1305 quam
728 1258 841 1294 efficit
864 1263 982 1294 motus
1008 1259 1140 1295 Terrae
1166 1271 1230 1304 pro
1257 1259 1457 1295 differentia
1474 1264 1510 1295 et
1526 1259 1772 1305 magnitudine
1795 1258 1939 1294 illorum

141 1318 290 1353 orbium.
339 1318 445 1353 Patet
469 1317 589 1363 igitur,
617 1317 712 1362 quod
731 1317 885 1363 Saturni,
910 1316 1011 1352 Jovis
1037 1321 1073 1352 et
1097 1318 1226 1353 Martis
1252 1328 1336 1354 vera
1361 1318 1443 1354 loca
1461 1322 1546 1354 tunc
1572 1317 1817 1354 tantummodo
1835 1316 1939 1351 nobis

136 1378 331 1422 conspicua
354 1378 455 1422 fiunt,
482 1377 625 1421 quando
651 1377 784 1412 fuerint
811 1376 1034 1422 ἆκρονυκται,
1068 1377 1274 1413 coincidunt
1300 1376 1393 1412 enim
1416 1381 1503 1412 tunc
1527 1376 1644 1410 medio
1669 1375 1754 1410 loco
1781 1374 1875 1411 Solis
1901 1375 1938 1410 in

138 1435 268 1471 lineam
293 1440 439 1478 rectam,
464 1435 526 1470 illa
553 1436 832 1471 commutatione
857 1435 967 1471 exuti.
1007 1435 1200 1471 Inferiores
1224 1435 1390 1480 planetae
1414 1435 1553 1479 absque
1577 1432 1854 1468 commutatione
1871 1432 1939 1467 hac

141 1503 322 1538 nunquam
348 1494 591 1530 inveniuntur.
638 1494 707 1529 Est
731 1504 815 1538 ergo
840 1494 1006 1537 privatim
1039 1494 1213 1539 cujusque
1247 1492 1415 1538 planetae
1450 1503 1517 1527 sua
1541 1490 1718 1527 revolutio
1744 1495 1938 1526 commuta-

138 1551 262 1596 tionis;
296 1551 463 1596 quoniam
495 1563 578 1587 vero
610 1552 700 1587 tales
725 1551 864 1596 periodi
889 1552 1207 1588 commutationum
1231 1550 1458 1595 reperiantur
1481 1550 1706 1594 inaequales,
1739 1548 1939 1584 differentia

136 1609 334 1654 manifesta,
362 1614 606 1654 cognoverunt
632 1610 751 1655 prisci,
776 1610 918 1646 illorum
944 1621 1088 1655 quoque
1105 1614 1223 1645 motus
1241 1608 1398 1643 siderum
1415 1618 1495 1644 esse
1511 1607 1722 1652 inaequales
1743 1612 1778 1643 et
1795 1607 1939 1653 apsides

140 1666 273 1701 habere
298 1666 523 1712 circulorum,
550 1667 595 1703 ad
621 1679 709 1712 quas
735 1668 972 1713 inaequalitas
998 1668 1141 1703 illorum
1166 1670 1424 1710 reverteretur,
1451 1676 1584 1712 easque
1608 1668 1679 1702 rati
1703 1671 1787 1702 sunt
1810 1675 1938 1711 perpe-

137 1728 218 1760 tuas
251 1724 384 1760 habere
417 1725 521 1762 sedes
553 1726 590 1761 in
616 1737 687 1762 non
713 1727 915 1764 ⁴errantium
949 1725 1132 1762 stellarum
1168 1725 1332 1771 sphaera.
1383 1725 1579 1761 Recensuit
1610 1725 1840 1761 Ptolemaeus
1871 1724 1938 1760 hos

138 1783 306 1818 circuitus
334 1783 482 1827 (medios
508 1789 625 1820 motus
653 1788 689 1820 et
712 1785 977 1820 restitutionem
1002 1784 1246 1829 planetarum)
1276 1783 1341 1819 sub
1374 1794 1521 1819 numero
1553 1795 1729 1820 annorum
1757 1784 1938 1830 solarium,

139 1844 246 1885 prout
271 1842 316 1876 ab
342 1841 551 1886 Hipparcho
577 1841 710 1878 fatetur
735 1853 774 1878 se
799 1843 989 1887 recepisse.
1036 1843 1159 1878 Annos
1186 1847 1305 1878 autem
1332 1842 1468 1878 solares
1499 1842 1577 1878 vult
1601 1843 1772 1888 intelligi,
1805 1845 1866 1889 qui
1892 1847 1938 1882 ab

139 1898 366 1942 aequinoctio
391 1899 448 1933 vel
474 1899 629 1935 solstitio
655 1902 855 1946 capiuntur.
907 1900 978 1936 Sed
998 1901 1074 1945 jam
1099 1901 1234 1946 patuit,
1267 1901 1357 1936 tales
1382 1910 1498 1936 annos
1525 1902 1719 1947 (tropicos)
1746 1902 1937 1939 admodum

138 1955 307 2001 aequales
338 1968 410 1992 non
444 1967 540 2002 esse,
578 1957 648 1994 illis
672 1964 866 2005 propterea
898 1969 964 1994 nos
999 1965 1158 2004 utemur,
1191 1959 1298 2003 quia
1323 1958 1437 1994 stellis
1463 1960 1545 1995 fixis
1571 1960 1774 2007 capiuntur,
1808 1962 1938 2006 quibus

139 2015 245 2051 etiam
270 2017 531 2053 emendatiores
566 2017 694 2054 horum
718 2019 738 2053 5
765 2017 921 2053 siderum
954 2022 1072 2052 motus
1098 2028 1118 2052 a
1142 2017 1244 2051 nobis
1270 2021 1354 2051 sunt
1378 2018 1555 2063 restituti,
1588 2024 1696 2064 prout
1719 2019 1788 2055 hoc
1812 2025 1937 2056 nostro

138 2079 299 2119 tempore
322 2075 522 2111 invenimus
550 2075 727 2112 defecisse
753 2075 888 2120 aliquid
914 2085 958 2109 ex
985 2075 1036 2110 eis
1062 2075 1117 2109 vel
1143 2074 1379 2110 abundasses*
1400 2097 1441 2100 —-
1461 2076 1560 2112 Haec
1577 2082 1777 2122 sequuntur
1792 2078 1937 2115 tabulae

137 2137 298 2168 motuum
324 2135 652 2176 „commutationis“
680 2133 915 2180 planetarum,
946 2133 1073 2168 deinde
1097 2143 1176 2178 cap.
1194 2134 1225 2169 2.
1256 2132 1506 2177 „aequalitatis
1532 2138 1567 2169 et
1585 2135 1817 2180 apparentiae
1841 2137 1936 2182 ipso-

137 2201 216 2227 rum
241 2191 397 2227 siderum
423 2192 679 2229 demonstratio
705 2193 872 2238 opinione
904 2192 1123 2237 priscorum“
1153 2196 1189 2227 et
1213 2201 1289 2236 cap.
1317 2192 1348 2227 3.
1375 2192 1572 2236 „generalis
1603 2193 1859 2230 demonstratio
1884 2196 1936 2231 in-

138 2249 366 2294 aequalitatis
384 2252 590 2295 apparentis
608 2256 756 2297 propter
772 2256 906 2286 motum
924 2251 1098 2292 Terrae“‚
1124 2260 1195 2294 qua
1216 2248 1346 2285 retinet
1363 2250 1514 2294 Copern.
1538 2251 1690 2287 circulos
1715 2254 1936 2290 eccentricos

136 2312 306 2352 veterum,
330 2308 368 2343 in
393 2309 520 2353 quibus
547 2309 690 2354 quidem
715 2309 937 2345 circumeunt
961 2308 1128 2352 planetae
1155 2307 1291 2352 Solem,
1328 2308 1392 2342 sed
1417 2309 1651 2353 respicientes
1683 2310 1728 2345 ad
1761 2316 1935 2356 punctum

141 2366 320 2409 (centrum
346 2366 498 2412 circuli),
523 2367 559 2402 in
584 2378 655 2412 quo
682 2367 743 2403 Sol
768 2378 839 2402 non
865 2371 933 2402 est.
971 2366 1058 2410 (Cfr.
1084 2365 1153 2401 vol.
1179 2366 1239 2401 VI.
1265 2376 1299 2410 p.
1326 2365 1405 2411 441,
1432 2366 1511 2401 452.
1544 2367 1691 2403 mutatis
1725 2369 1936 2415 mutandis.)

139 2424 264 2468 Capite
280 2424 312 2458 4.
337 2425 612 2470 inaequalitates
629 2430 789 2461 motuum
813 2424 1039 2470 planetarum
1057 2424 1107 2459 sic
1125 2423 1363 2469 explicantur.
1399 2424 1526 2468 „Quod
1543 2425 1654 2470 prisci
1672 2436 1782 2461 unum
1800 2432 1936 2463 motum

137 2481 173 2515 in
199 2482 339 2518 duobus
365 2484 572 2519 eccentricis
597 2488 814 2529 posuerunt,
841 2494 907 2518 nos
933 2482 1024 2518 duos
1050 2493 1128 2518 esse
1153 2488 1272 2518 motus
1297 2493 1483 2518 censemus
1508 2483 1696 2530 aequales,
1727 2486 1858 2530 quibus
1883 2487 1935 2521 in-

136 2540 335 2584 aequalitas
360 2542 594 2588 apparentiae
620 2542 857 2587 componitur,
885 2541 959 2576 sive
983 2551 1049 2586 per
1073 2541 1230 2577 eccentri
1256 2546 1471 2586 eccentrum,
1498 2542 1571 2576 sive
1597 2553 1662 2587 per
1687 2544 1837 2590 epicycli
1862 2545 1934 2590 epi-

137 2598 286 2644 cyclum,
313 2599 387 2634 sive
412 2599 520 2634 etiam
544 2600 681 2635 mixtim
706 2611 772 2645 per
797 2599 1149 2645 eccentrepicyclum,
1176 2609 1268 2644 qnae
1294 2599 1443 2635 candem
1467 2605 1622 2644 possunt
1638 2601 1934 2647 inaequalitatem

137 2655 314 2693 efficere.“
365 2658 418 2693 Sit
446 2659 478 2693 D
505 2663 665 2694 centrum
697 2659 792 2694 orbis
827 2657 961 2694 terreni
992 2657 1067 2694 ΟΝ.
1121 2657 1186 2692 AF
1220 2658 1266 2692 sit
1296 2658 1316 2704 ᾗ
1343 2657 1415 2702 CD,
1445 2658 1505 2694 GC
1526 2666 1582 2700 ‚j-
1603 2661 1682 2705 AB3
1717 2661 1754 2696 in
1784 2661 1935 2706 epicycli

137 2714 199 2748 EF
225 2715 392 2759 perigaeo
419 2716 472 2761 (F)
497 2717 737 2752 constituatur
761 2717 927 2761 planeta,
963 2715 1151 2761 „illiusque
1182 2721 1300 2752 motus
1331 2727 1396 2762 per
1419 2717 1483 2752 AB
1509 2724 1715 2754 eccentrum
1747 2719 1785 2755 in
1810 2729 1933 2755 conse-

140 2772 305 2817 quentia,
337 2773 504 2817 planetae
529 2784 612 2809 vero
637 2774 674 2809 in
699 2776 986 2811 circumferentia
1012 2776 1174 2821 epicyclii
1199 2777 1376 2822 superiori
1409 2776 1572 2813 similiter
1606 2780 1643 2813 in
1667 2778 1933 2822 consequentia,

137 2829 174 2863 in
198 2827 335 2873 reliqua
358 2831 394 2865 in
419 2832 682 2877 praecedentia,
709 2844 751 2869 ac
768 2834 955 2879 utriusque
980 2835 1145 2881 epicyclii
1164 2840 1198 2871 ct
1214 2836 1381 2881 planetae
1405 2836 1550 2882 paribus
1575 2836 1725 2872 invicem
1740 2835 1932 2872 revolutio-

137 2886 253 2921 nibus.
289 2887 377 2922 Inde
401 2888 442 2923 fit
466 2893 506 2924 ut
529 2900 609 2925 cum
634 2891 846 2937 epicyclium
870 2892 906 2927 in
932 2902 1070 2928 summa
1094 2893 1219 2938 apside
1244 2893 1353 2930 fuerit
1377 2894 1534 2930 eccentri
1558 2899 1594 2930 et
1617 2894 1762 2939 planeta
1784 2893 1822 2928 in
1839 2894 1932 2939 peri-

138 2953 227 2987 gaeo
252 2944 414 2989 epicyclii
439 2956 483 2980 ex
509 2949 687 2994 opposito,
713 2955 961 2995 permutentur
986 2950 1031 2985 ad
1057 2951 1207 2986 invicem
1232 2952 1268 2987 in
1293 2953 1489 2989 contrarias
1514 2957 1655 2998 partes,
1689 2963 1769 2988 cum
1793 2956 1931 2988 utrum-

137 3012 207 3046 que
233 3014 337 3038 suum
365 3006 544 3049 peregerit
578 3006 843 3055 hemicyclium3
883 3016 920 3045 at
950 3010 986 3045 in
1011 3010 1271 3054 quadrantibus
1295 3012 1458 3056 utrisque
1482 3011 1615 3054 {mediis
1646 3016 1838 3055 utrumque
1869 3022 1930 3057 ap·

139 3060 251 3096 sidem
284 3072 384 3098 suam
417 3063 568 3100 mediam
606 3065 764 3103 habebit.
812 3068 917 3104 Sidus
943 3068 1012 3104 hoc
1036 3073 1136 3106 motu
1161 3069 1358 3114 composito
1385 3081 1455 3105 non
1475 3069 1644 3106 describit
1661 3068 1832 3106 circulum
1849 3080 1930 3114 per-
