2177 3408
893 156 994 193 1594.
1755 155 1838 202 579

46 274 251 320 abgelesen‚
277 274 347 310 vnd
372 274 421 310 ist
444 285 510 309 vns
536 274 589 309 nit
606 273 770 316 zuwffler,
801 272 865 308 das
890 273 926 308 Ir
950 274 1024 309 Ime
1041 272 1226 317 Kepplern
1251 272 1545 310 hineinzuziehen
1570 274 1641 309 vnd
1666 274 1760 310 nach
1786 285 1839 310 er-

45 333 180 368 lernter
208 333 431 379 gelegenhait
457 333 580 368 solche
606 332 845 367 conditionem
871 341 1074 375 vergonnen
1100 330 1217 365 wollet
1244 336 1309 366 etc.

184 391 379 436 Keplerum
404 391 440 425 in
465 390 622 435 Styriam
648 389 839 424 comitatus
866 394 920 424 est
938 389 1053 424 affinis
1072 390 1260 433 JaegeruS,
1288 391 1450 434 pecuniis
1477 391 1522 426 ad
1547 392 1614 426 iter
1630 391 1842 426 necessariis

50 448 235 492 Tubingae
261 453 383 484 mutuo
410 448 537 484 sumtis
565 448 710 493 (fl.-50),
736 458 825 492 quas
851 447 1075 483 redditurum
1101 457 1139 482 se
1159 447 1282 483 Gratio
1308 459 1372 492 per
1389 449 1583 494 Jaegerum
1608 449 1709 484 illum
1726 458 1841 484 rever-

47 510 181 541 tentem
217 506 445 550 promiserat.
501 506 653 541 Ordines
685 506 836 551 Styriaci
867 506 1004 550 petenti
1036 505 1192 549 Keplero
1225 506 1454 549 assignarunt
1487 508 1520 541 d.
1560 509 1611 543 19.
1637 507 1772 552 Aprilis
1798 508 1843 544 60

45 558 200 594 florenos
217 563 257 605 *),
285 571 375 604 quos
393 560 586 595 tradidisse
611 559 766 604 Jaegero
785 559 981 603 Keplerum
1007 560 1097 594 haec
1122 563 1302 594 testantur
1320 560 1399 603 eJus
1416 561 1543 595 verba:
1585 557 1681 596 Cum
1713 568 1842 596 eomes

46 627 154 653 meus
185 614 378 664 Jaegerus
412 620 600 664 cognatus
633 615 747 653 fidem
778 627 904 653 meam
937 615 1148 662 fefellisset,
1182 615 1275 652 mihi
1316 617 1562 663 mentiretur,
1602 609 1762 653 multum
1796 615 1842 653 de

46 684 132 710 mea
163 675 331 723 pecunia
362 673 606 723 prodigeret,
650 675 804 722 suscepi
848 674 1098 711 offensionem
1140 673 1357 711 biennalem
1390 685 1553 722 eamque
1585 674 1843 712 stomachosis

46 732 166 770 literis
202 732 355 770 abunde
389 732 553 770 exercui.

182 798 340 842 Keplero
359 802 502 842 praeter
518 797 692 832 lectiones
710 797 981 832 mathematicas
998 796 1034 831 in
1055 798 1239 842 gymnasio
1258 798 1437 833 Gratiensi
1454 797 1624 832 mandata
1642 802 1742 833 erant
1760 808 1842 833 con-

44 856 198 891 ficienda
218 855 429 890 Calendaria
447 866 584 899 annua,
611 854 730 898 qualia
749 855 907 898 quinque
926 855 1021 901 typis
1047 855 1196 890 tradidit
1223 857 1266 890 ab
1293 866 1386 890 anno
1406 856 1495 891 1595
1524 857 1558 890 in
1585 867 1714 892 annum
1740 857 1843 892 1599.

46 913 286 958 Adjungenda
311 913 366 948 his
393 913 612 948 Calendariis
640 918 742 948 erant
769 914 1040 957 „prognostica“
1070 913 1105 946 in
1132 924 1244 948 annos
1271 918 1464 957 sequentes
1491 913 1534 948 de
1559 914 1843 958 tempestatibus,

46 971 226 1016 frugibus,
264 982 382 1006 rerum
420 971 647 1016 politicarum
685 975 781 1006 statu
819 976 887 1007 etc.
948 971 1061 1006 Simul
1096 971 1197 1006 multi
1235 974 1428 1016 optabant,
1462 976 1503 1007 ut
1536 984 1647 1008 novus
1681 978 1843 1008 astrono-

46 1040 136 1075 mus,
163 1030 218 1064 vel
242 1031 380 1074 potius,
416 1029 557 1074 qualem
590 1028 753 1073 plerique
785 1034 1028 1064 astronomum
1056 1040 1135 1064 esse
1161 1030 1353 1074 putabant,
1389 1030 1594 1076 astrologus
1630 1031 1697 1066 sibi
1722 1031 1843 1066 futura

47 1101 92 1125 ex
119 1089 226 1125 astris
252 1088 480 1132 significaret.
522 1087 590 1132 Qui
618 1097 727 1131 quum
753 1098 882 1131 magna
909 1097 952 1121 ex
970 1091 1071 1131 parte
1098 1092 1219 1122 essent
1236 1088 1376 1123 nobiles
1396 1093 1431 1123 et
1449 1088 1512 1122 viri
1533 1089 1567 1122 in
1584 1089 1692 1124 rebus
1710 1090 1842 1134 Styria-

47 1148 97 1183 cis
123 1157 259 1192 graves,
285 1157 357 1181 non
380 1155 549 1181 recusare
574 1145 693 1188 potuit
709 1145 889 1189 Keplerus
908 1156 1037 1180 munus
1061 1145 1129 1180 hoc
1147 1146 1216 1180 sibi
1232 1146 1457 1190 imperatum,
1485 1157 1699 1191 quamquam
1717 1158 1843 1191 parum

48 1207 207 1242 imbutus
243 1209 319 1239 arte
350 1205 418 1240 hac
449 1202 676 1247 astrologica.
726 1204 773 1238 Ut
807 1214 845 1238 se
871 1208 1056 1238 exerceret
1088 1203 1123 1237 in
1157 1203 1389 1239 conficiendis
1424 1205 1665 1245 „thematibus
1700 1206 1846 1250 geneth-

45 1263 181 1306 liacis“,
208 1261 352 1307 collegit
368 1262 545 1306 Keplerus
563 1261 639 1296 fata
657 1272 731 1305 sua,
760 1267 933 1305 quantum
951 1261 1012 1295 illa
1029 1261 1198 1296 memoria
1215 1262 1370 1306 tenebat,
1400 1272 1513 1306 eaque
1531 1264 1749 1308 comparavit
1767 1275 1847 1298 cum

46 1322 272 1366 planetarum
304 1319 510 1364 aspectibus
544 1320 740 1354 secundum
766 1320 854 1354 artis
879 1319 1041 1364 regulas,
1074 1329 1162 1363 quas
1196 1319 1288 1353 forte
1314 1330 1333 1355 e
1359 1320 1522 1355 Cardano
1554 1321 1609 1356 vel
1641 1321 1848 1358 Ptolemaeo

47 1379 231 1416 ‹lesumsit.
283 1379 374 1413 Hinc
399 1382 483 1412 nata
509 1382 563 1413 est
589 1377 700 1412 series
727 1377 787 1412 illa
813 1379 1096 1413 Revolutionum
1122 1389 1347 1422 annuarum,
1383 1389 1401 1413 e
1428 1390 1498 1422 qua
1531 1380 1567 1413 in
1599 1379 1777 1424 prioribus
1813 1383 1849 1414 et

48 1436 280 1482 sequentibus
297 1436 398 1471 annis
418 1446 459 1470 ea
477 1435 725 1480 desumsimus,
752 1446 843 1480 quae
869 1435 938 1480 ipsi
956 1440 1156 1469 memoratu
1175 1434 1337 1479 digniora
1354 1436 1580 1472 videbantur.

189 1494 402 1530 Calendaria
428 1493 577 1538 Kepleri
602 1493 647 1527 ad
673 1504 787 1528 annos
819 1494 915 1538 1:390,
942 1494 986 1529 96
1013 1498 1048 1528 et
1075 1494 1117 1529 97
1145 1494 1250 1537 plane
1277 1494 1465 1539 deperdita
1492 1496 1668 1539 videntur,
1694 1499 1735 1530 ut
1760 1494 1849 1529 dixi-

46 1566 123 1591 mus
147 1554 215 1589 v'ol.
242 1554 271 1588 I.
297 1565 331 1598 p.
358 1553 444 1595 291,
471 1562 647 1586 annorum
678 1552 766 1587 1598
791 1556 826 1586 et
853 1552 895 1587 99
922 1550 1149 1586 exhibuimus
1174 1551 1305 1586 ibidem
1338 1554 1478 1598 paginis
1505 1555 1571 1589 392
1597 1556 1632 1588 et
1657 1555 1735 1589 401.
1780 1552 1846 1587 Co-

47 1614 143 1649 dices
168 1611 426 1647 Pulkovienses
463 1610 635 1646 exhibent
666 1615 739 1645 tres
766 1609 956 1654 epistolas,
984 1620 1002 1645 e
1028 1609 1157 1654 quibus
1186 1615 1349 1654 apparet.
1376 1611 1625 1647 Calendarium
1652 1611 1689 1646 in
1717 1621 1849 1645 annum

52 1672 137 1708 1595
164 1681 287 1707 mense
313 1674 477 1713 Augusto
505 1670 588 1704 anni
618 1669 707 1705 1594
734 1669 938 1704 absolutum
974 1667 1098 1703 fuisse,
1149 1667 1306 1711 Quarum
1333 1670 1564 1713 epistolarum
1599 1669 1712 1714 prior,
1748 1668 1850 1712 quasi

47 1730 203 1775 epistola
229 1730 468 1773 dedicatoria,
496 1728 541 1763 ad
567 1728 721 1763 Ordines
749 1727 930 1772 Styriacos
958 1727 1060 1770 data,
1087 1727 1287 1770 praemissa
1312 1727 1405 1762 forte
1431 1727 1499 1764 fuit
1523 1733 1609 1773 typo
1636 1725 1850 1767 Calendarii,

49 1789 198 1824 alteram
231 1799 311 1823 cum
343 1787 539 1832 exemplari
567 1786 769 1821 Calendarii
805 1785 904 1820 dedit
937 1785 981 1819 ad
1020 1784 1245 1820 consiliarios
1279 1785 1415 1820 aulicos
1449 1797 1469 1820 a
1502 1786 1609 1820 rebus
1641 1784 1776 1819 bellicis
1813 1789 1850 1819 et

50 1847 284 1892 Capitaneum
309 1846 534 1891 provinciae,
561 1846 705 1880 tertiam
733 1845 777 1880 ad
799 1845 957 1879 nobilem
983 1843 1162 1888 quendam
1188 1843 1300 1887 (forte
1327 1843 1684 1887 HerbersteniumP),
1710 1848 1850 1888 petens,

48 1913 88 1943 ut
113 1907 181 1942 sibi
205 1907 490 1942 subministraret
522 1907 628 1940 horas
664 1902 848 1939 natalitias
880 1902 1064 1937 hominum
1098 1901 1310 1945 celebrium,
1343 1913 1412 1946 quo
1439 1902 1560 1937 aditus
1587 1902 1655 1936 sibi
1678 1901 1781 1936 fieret
1805 1901 1850 1936 ad

46 1966 204 2010 penitius
229 1964 517 2010 cognoscendam
536 1970 648 1998 artem
666 1961 931 2005 astrologicam,
959 1972 1030 2004 qua
1052 1961 1224 2004 petitione
1241 1959 1382 1994 initium
1406 1960 1536 1995 fecisse
1562 1960 1701 1995 videtur
1720 1959 1849 2004 Keple-

46 2034 107 2058 rus
134 2020 416 2068 colligendorum
441 2027 477 2057 et
502 2022 547 2056 ad
573 2026 685 2055 artem
711 2019 1033 2055 construendorum
1065 2019 1263 2053 thematum
1296 2018 1597 2060 omnimodorum,
1633 2027 1724 2061 quae
1748 2017 1850 2052 innu-

50 2091 146 2117 mera
169 2080 244 2116 fere
271 2080 454 2116 continent
479 2080 621 2115 codices
646 2078 918 2127 Eulkovienses.

189 2139 356 2184 Epistola
380 2139 426 2173 ad
450 2138 601 2173 Ordines
628 2137 809 2182 Styriacos
835 2136 891 2172 his
916 2136 1035 2172 verbis
1062 2135 1196 2180 scripta
1220 2140 1297 2170 est:

190 2199 469 2248 Wolgeborne,
503 2199 610 2245 Edle,
645 2198 872 2247 Gestrenge,
905 2197 1083 2246 Gnedige
1117 2196 1194 2234 vnd
1224 2196 1457 2246 gebietunde
1490 2196 1610 2234 Hern.
1663 2196 1705 2233 E.
1739 2194 1850 2233 Gna-

53 2260 126 2297 den
162 2257 237 2294 vnd
269 2257 375 2295 Hern
406 2259 546 2295 wissen
577 2258 658 2295 sich
691 2268 738 2294 zu
770 2259 957 2303 erinnem,
989 2255 1313 2295 wolchermassen
1344 2254 1426 2292 Her
1456 2254 1504 2292 G.
1538 2253 1707 2300 stadius,
1738 2254 1852 2292 Wei-

52 2317 143 2356 land
166 2317 280 2354 Einer
304 2315 414 2353 Lobl.
438 2315 631 2353 Landsch.
666 2316 743 2352 diss
776 2314 1076 2352 hochl’dblichen
1097 2313 1382 2362 Herzogtumbs
1403 2312 1516 2350 Steiir
1536 2312 1849 2358 Mathematicus,

54 2376 179 2413 neben
212 2374 313 2412 ihnie
347 2374 628 2411 aubefohlenen
659 2373 819 2411 Berueff
847 2374 919 2423 bey
951 2372 1065 2412 Lobl,
1099 2372 1292 2409 Landsch.
1326 2370 1469 2409 Schuel
1501 2371 1603 2408 alhie
1631 2370 1847 2419 j‘ahrlichen

54 2435 115 2472 ein
147 2432 418 2470 Calendarium
450 2438 577 2480 sampt
609 2431 892 2480 angehaugtem
923 2432 1170 2479 prognostico
1203 2441 1249 2466 zu
1282 2428 1432 2476 stellen,
1466 2428 1565 2466 auch
1588 2428 1756 2476 selbiges
1778 2438 1847 2476 ge-

55 2490 261 2540 meinglich
292 2490 336 2530 E.
368 2488 416 2527 G.
452 2490 527 2526 vnd
548 2489 598 2528 H.
632 2502 681 2526 zu
714 2489 906 2527 dedicireu
929 2488 1110 2537 gepflegt.
1154 2487 1214 2525 Ob
1246 2499 1322 2525 uun
1357 2487 1431 2524 wol
1462 2486 1530 2524 Ich
1562 2486 1661 2524 mich
1693 2485 1844 2523 solcher

55 2549 182 2587 hohen
213 2547 416 2586 Vernunflt
447 2547 523 2584 vnd
554 2547 769 2586 weislicher
801 2546 1137 2585 Bescheideuheitt
1168 2546 1274 2583 nicht
1315 2557 1361 2582 zu
1395 2545 1645 2590 berhiiemen,
1688 2544 1746 2580 als
1780 2542 1846 2579 der

55 2608 125 2645 leh
156 2605 373 2656 gemeltem‚
405 2605 581 2654 seliglich
613 2608 650 2642 in
683 2605 779 2643 Gott
810 2604 1073 2644 rhueliendem
1105 2603 1232 2641 weder
1262 2605 1300 2640 in
1333 2603 1432 2640 diser
1464 2602 1592 2639 Kunst
1621 2601 1721 2638 noch
1755 2600 1845 2638 dero

57 2663 263 2703 Gebrauch
295 2675 342 2700 zu
374 2663 639 2711 vei-gleiehen3
679 2663 821 2711 jedoch
864 2663 943 2699 vnd
985 2662 1170 2700 demnach
1204 2662 1245 2698 E.
1281 2660 1327 2699 G.
1362 2659 1438 2696 vnd
1470 2659 1576 2697 Hern
1618 2670 1687 2696 vor
1718 2659 1847 2706 wenig-

58 2724 243 2761 Monaten
277 2720 377 2758 mich
409 2721 613 2768 gleichwol
646 2721 745 2758 auch
779 2721 1029 2768 vnwiirdigen
1061 2732 1109 2757 an
1133 2718 1310 2757 ermeltes
1332 2718 1436 2755 Hem
1460 2716 1585 2755 Stadii
1607 2716 1682 2765 bey
1704 2716 1747 2756 E.
1772 2714 1847 2755 Gn.

63 2783 103 2820 L.
137 2779 280 2819 Schuel
313 2778 430 2816 allhie
462 2777 666 2816 vacirende
698 2778 855 2816 Lueken
893 2778 1034 2827 guedig
1073 2777 1239 2827 bedacht
1278 2775 1356 2813 vnd
1387 2774 1612 2813 verordnet:
1656 2773 1737 2811 also
1770 2773 1846 2812 hab

60 2841 120 2879 ich
150 2838 250 2877 auch
282 2837 482 2875 hieriunen
514 2837 552 2873 in
584 2837 665 2873 sein
699 2835 823 2873 Stadii
855 2835 1114 2885 Fusstappsen
1145 2839 1283 2872 tretten
1315 2832 1392 2870 vnd
1418 2833 1726 2881 gegenwiirtiges
1745 2833 1848 2870 mein

191 2988 225 3030 ²¹⁶)
251 2988 350 3019 Hanc
383 2986 539 3028 petitioni
575 2995 652 3017 suae
686 2985 840 3024 adjunxit
875 2983 1040 3025 Keplerus
1081 2984 1338 3037 descriptionem
1371 2983 1586 3036 pecuniarum
1628 2984 1848 3020 erogatarum·

65 3036 326 3076 Verzaicbnuss
354 3035 410 3064 des
437 3042 501 3063 von
528 3035 582 3065 24,
609 3032 723 3063 Martii
748 3032 817 3062 biss
845 3031 922 3061 dato
948 3032 989 3067 (S.
1017 3018 1153 3070 Aprilis)
1184 3031 1246 3060 mir
1276 3033 1384 3069 sampt
1413 3030 1554 3059 meinem
1585 3028 1729 3067 geferten
1761 3031 1847 3061 auff

65 3081 272 3122 gelauffenen
297 3082 553 3112 Raisskostens·
584 3081 660 3111 Von
685 3078 861 3117 Tiibingen
885 3087 942 3108 vor
967 3077 1120 3116 Zehrung
1145 3077 1211 3107 vnd
1236 3076 1405 3108 Fuhrlohn
1431 3078 1493 3109 etc
1520 3074 1588 3121 31}
1613 3076 1660 3118 fi.,
1694 3074 1783 3107 alhie
1808 3086 1848 3108 zu

63 3132 85 3161 4
110 3129 223 3167 Tagen
247 3128 396 3159 verzehrt
416 3125 463 3169 4ὲ
488 3127 521 3160 fl.
527 3126 542 3143 ‘⁴
