2126 3388
963 172 1066 210 1599.
1824 178 1907 225 709

108 296 145 329 et
162 292 310 329 calculis
329 297 365 329 et
382 292 426 328 de
443 291 523 328 loco
541 291 689 336 Lucani,
716 293 853 327 aestate
872 289 915 325 de
932 289 1025 326 Urso
1043 293 1079 325 et
1096 289 1270 336 Tychone
1295 290 1495 337 iterumque
1521 292 1565 328 de
1583 293 1788 341 eclipsibus,
1815 297 1910 334 sicut

108 352 151 387 de
176 351 377 388 rationibus
403 351 631 395 harmonicis,
659 360 781 386 mense
808 349 1012 394 Septembri
1037 349 1081 384 de
1106 349 1232 384 iisdem
1259 350 1319 394 (V.
1346 351 1517 397 20-30).
1567 354 1694 390 Mense
1719 355 1911 392 Decembri

106 410 250 455 scripsit
281 409 481 454 Keplerus:
520 407 603 456 Ego
635 408 708 445 etsi
730 406 804 444 hoc
824 404 1155 456 periculosissimo
1178 409 1283 443 statu
1317 405 1432 445 valde
1454 410 1668 458 perturbor,
1701 411 1908 451 ardornavi

105 471 234 504 tamen
263 465 346 515 jam
377 464 604 503 methodum
637 471 674 503 et
705 466 827 516 prima
857 463 1096 503 lineamenta
1126 463 1262 512 libelli,
1296 466 1357 502 cui
1388 466 1542 505 titulum
1564 469 1705 508 faciam
1727 470 1774 508 de
1792 471 1908 510 Har-

108 525 263 563 monice
294 523 443 561 Mundi
474 523 698 562 dissertatio
729 523 1067 571 cosmoyraphica.
1099 544 1155 549 —-

241 589 299 624 Ex
325 588 487 634 epistolis
507 588 722 633 quibusdam
744 589 941 624 amicorum
959 587 1006 622 ad
1024 587 1221 632 Keplerum
1239 588 1334 624 datis
1360 599 1500 625 summa
1520 601 1642 627 eorum
1660 595 1909 638 cognoscenda

103 652 174 693 est,
209 658 302 692 quae
332 648 411 692 ipse
446 647 643 692 scripserit.
695 646 754 681 Sic
781 645 1024 682 Cunradus
1059 646 1368 692 Dasypodius
1399 648 1619 693 Argentinae
1659 651 1693 687 d.
1729 654 1786 691 31.
1818 655 1905 691 Dec.

103 707 238 751 scribit,
269 707 393 747 „lectis
418 707 490 742 tuis
516 706 628 741 literis
655 710 753 741 tuam
780 705 817 740 in
842 705 912 740 hoc
938 704 1139 739 studiorum
1164 715 1295 748 genere
1314 706 1549 742 eruditionem
1575 713 1684 753 atque
1709 711 1908 749 doctrinam

100 765 276 801 intellexi.
309 766 390 800 Non
410 764 540 809 exigua
558 768 652 808 sunt,
681 774 774 807 quae
793 762 931 805 scribis,
959 762 1147 807 requirunt
1164 764 1375 808 ampliorem
1392 767 1703 811 responsionem“.
1736 770 1759 804 J
1772 772 1908 807 oanni

102 823 315 860 Homelio
343 823 535 868 (Lipsiensi
561 822 742 866 quondam
767 820 1045 856 mathematicae
1071 821 1287 868 professori,
1315 823 1448 859 celebri
1474 828 1689 862 constructis
1718 831 1905 874 „organis“

101 882 393 927 mathematicis),
415 882 491 925 jam
516 881 656 916 medico
682 884 718 915 et
743 879 904 924 chymico
929 878 1243 924 Marchburgensi‚
1272 881 1420 917 miserat
1445 882 1698 920 Calendarium
1727 894 1837 923 'suum
1870 889 1907 924 in

103 952 236 977 annum
262 941 363 977 1599.
414 941 495 976 Non
514 950 592 974 esse
618 942 747 981 tutum,
773 936 963 981 respondit
987 937 1174 973 Homelius
1193 941 1301 981 (Oct),
1330 939 1358 974 si
1385 940 1565 984 Keplerus
1591 943 1822 986 particularia
1847 957 1907 981 ex-

100 1002 180 1035 acte
206 999 355 1040 noverit‚
382 999 424 1033 de
450 999 494 1033 iis
522 997 698 1042 scribere,
727 1006 809 1032 cum
833 1006 907 1030 non
931 996 1091 1040 ignoret,
1124 996 1389 1041 praedictiones
1416 998 1622 1043 hujusmodi
1650 1002 1805 1046 pessime
1832 1015 1906 1041 ces-

101 1059 191 1094 sisse
217 1062 252 1093 et
275 1057 398 1093 multis
425 1056 616 1100 astrologis
644 1056 754 1091 exitio
781 1054 905 1091 fuisse.
945 1053 1078 1089 Videre
1103 1065 1153 1099 se,
1180 1055 1215 1090 in
1241 1056 1418 1091 enarratis
1444 1058 1665 1095 thematibus
1690 1066 1907 1106 perpetuum

102 1128 182 1154 esse
209 1122 388 1153 astrorum
415 1127 631 1152 consensum
664 1115 758 1150 circa
792 1113 933 1158 signum
958 1113 1090 1149 Leonis
1095 1140 1216 1152 .....
1265 1115 1390 1149 Mirari
1417 1126 1473 1160 se,
1505 1117 1601 1160 quod
1628 1117 1717 1153 adeo
1742 1119 1908 1165 insurgat

99 1177 135 1212 in
162 1176 361 1212 doctrinam
387 1175 556 1218 Arabum,
583 1173 797 1219 praesertim
821 1172 858 1207 in
885 1172 1010 1207 domos
1036 1172 1274 1217 planetarum.
1324 1174 1418 1209 Esse
1450 1175 1542 1210 enim
1569 1175 1767 1212 doctrinam
1793 1183 1907 1214 astro-

100 1234 276 1270 nomicam
303 1244 323 1268 a
348 1233 472 1278 primis
497 1232 661 1278 patribus
688 1231 791 1276 quasi
815 1240 882 1275 per
905 1240 1032 1265 manus
1057 1231 1214 1275 posteris
1240 1231 1430 1276 traditam,
1462 1244 1529 1269 nec
1554 1245 1592 1270 se
1617 1235 1798 1279 dubitare,
1835 1238 1907 1273 No-

98 1293 196 1338 ham,
223 1292 392 1337 Japetum
411 1296 446 1327 et
464 1292 609 1327 Semum
628 1300 706 1325 eam
725 1289 962 1334 descripsisse
965 1314 1090 1325 .....
1139 1290 1213 1325 Iter
1237 1293 1356 1337 tuum,
1383 1292 1511 1336 pergit,
1539 1293 1575 1328 in
1599 1294 1810 1331 Bohemiam
1835 1296 1906 1333 dis-

100 1351 249 1387 suadeo.
302 1351 339 1386 Si
363 1351 569 1386 innotesces
594 1348 815 1394 imperatori,
842 1351 883 1382 ut
908 1352 948 1383 tu
975 1358 1013 1382 es
1040 1347 1147 1383 homo
1174 1353 1334 1394 apertus,
1360 1361 1487 1395 posses
1513 1352 1577 1387 tibi
1601 1353 1734 1389 malum
1759 1354 1907 1399 aliquod

100 1408 311 1444 conciliare:
339 1407 444 1443 crede
469 1407 567 1453 mihi,
593 1407 685 1442 bene
711 1406 772 1451 qui
798 1407 915 1451 latuit,
944 1408 1036 1443 bene
1061 1407 1163 1443 vixit.
1204 1408 1400 1445 Praeterea
1428 1409 1586 1455 hospitia
1611 1414 1647 1447 et
1671 1413 1750 1449 viae
1776 1425 1797 1450 a
1822 1425 1905 1451 con-

97 1467 243 1512 tagione
267 1478 338 1502 non
365 1471 448 1502 sunt
474 1470 572 1511 tuta,
600 1465 733 1501 rectius
758 1465 881 1510 itaque
903 1466 1045 1501 Graecii
1066 1465 1255 1502 delitesces
1260 1493 1381 1503 .....
1417 1468 1522 1512 Quod
1538 1469 1650 1506 infers
1669 1470 1713 1506 de
1732 1471 1905 1520 Tartaris,

97 1535 208 1570 quare
233 1536 305 1560 non
330 1525 438 1561 iidem
466 1524 562 1560 docti
588 1523 759 1567 evadant,
796 1535 877 1560 cum
912 1524 1007 1560 idem
1039 1524 1227 1560 nobiscum
1251 1525 1411 1561 habeant
1440 1526 1603 1563 coelum:
1638 1527 1732 1564 ludis
1765 1531 1904 1576 opinor,

96 1586 182 1618 sunt
208 1582 301 1618 enim
336 1586 371 1618 et
401 1583 496 1618 inter
528 1582 628 1627 ipsos
654 1581 800 1627 plurimi
824 1583 1019 1629 ingeniosi,
1054 1583 1271 1630 prudentes,
1299 1582 1384 1620 licet
1406 1585 1574 1629 ignorent
1599 1587 1800 1632 categorias
1825 1589 1905 1626 Ari-

97 1641 252 1678 stotelis.

233 1698 413 1744 Keplerus
447 1698 534 1733 adiit
565 1698 607 1733 L.
633 1698 812 1734 Baronem
843 1698 1102 1735 Hoffmann
1127 1699 1215 1744 (vide
1243 1700 1365 1745 infra),
1398 1704 1526 1746 petens
1558 1706 1599 1738 ut
1629 1713 1668 1738 se
1696 1703 1904 1749 imperatori

96 1758 153 1792 vel
179 1757 343 1803 Tychoni
369 1756 606 1792 commendet.
650 1757 822 1793 Obscuris
849 1758 942 1793 enim
968 1758 1084 1794 verbis
1111 1758 1169 1793 hic
1195 1759 1252 1795 13.
1271 1758 1359 1794 Dec.
1386 1759 1547 1804 scripsit:
1577 1761 1694 1805 „quod
1712 1762 1777 1797 tibi
1795 1765 1903 1809 grati-

95 1815 226 1851 ficandi
252 1815 481 1851 occasionem
505 1814 676 1860 praebes,
704 1816 871 1860 equidem
897 1816 1034 1860 gaudeo
1061 1820 1096 1851 et
1123 1817 1295 1861 gratulor.
1346 1816 1437 1852 Mihi
1462 1817 1623 1863 quidem,
1659 1820 1716 1855 cui
1741 1822 1903 1858 accidere

94 1874 182 1908 nihil
206 1877 327 1919 potest
353 1874 507 1917 gratius,
542 1884 648 1917 quam
676 1874 706 1908 si
731 1874 784 1908 tui
811 1874 988 1910 similibus
1020 1875 1335 1920 praeclarissimae
1367 1875 1476 1919 hujus
1509 1875 1682 1913 scientiae
1706 1878 1903 1917 luminibus

96 1932 232 1977 aliquid
258 1931 421 1968 conferre
446 1942 607 1977 possum,
633 1933 731 1977 quod
755 1937 946 1978 acceptum
973 1934 1029 1977 sit,
1056 1934 1120 1970 tibi
1146 1945 1241 1978 vero,
1269 1933 1365 1979 quod
1390 1933 1525 1979 ingenii
1550 1939 1586 1969 et
1613 1936 1796 1973 doctrinae
1822 1948 1903 1983 spe-

94 1992 209 2027 cimen
235 1992 316 2027 Jovi
343 1991 577 2027 destinaveris
603 1995 639 2026 et
663 1990 844 2026 Mercurio
879 1991 987 2036 plane
1021 1992 1199 2028 communi
1233 1993 1387 2028 nomine.
1437 1993 1540 2029 Illius
1573 1994 1716 2039 quidem
1742 1998 1809 2033 sub
1835 1996 1902 2033 ful-

93 2050 188 2085 mine
212 2049 350 2095 alisque
375 2054 411 2085 et
435 2060 595 2085 mearum
619 2049 809 2086 Musarum
834 2050 1051 2086 halcedonia
1077 2061 1156 2086 esse
1182 2055 1217 2086 te
1243 2051 1350 2086 velim
1376 2051 1485 2097 scire,
1514 2052 1556 2088 de
1579 2053 1728 2089 alterius
1745 2066 1902 2100 propen-

99 2109 198 2144 sione
224 2109 485 2155 experientiam
510 2109 710 2154 incepimus
736 2107 857 2143 facere
882 2108 979 2144 haud
1004 2109 1233 2146 mediocrem.
1281 2110 1340 2145 Ad
1365 2114 1528 2145 austrum
1559 2121 1643 2146 vero
1678 2116 1713 2147 et
1739 2113 1901 2149 subsola-

99 2177 193 2212 num,
220 2167 268 2201 mi
294 2167 435 2203 domine
460 2167 629 2213 Keplere,
656 2166 737 2201 vela
761 2166 868 2202 etiam
893 2167 981 2202 mihi
1008 2177 1053 2202 ex
1078 2167 1253 2203 Bohemia
1278 2167 1397 2204 adhuc
1425 2169 1564 2205 desunt.
1615 2170 1717 2215 Quae
1742 2171 1772 2206 si
1796 2183 1901 2208 vene·

95 2224 176 2268 rint,
203 2229 243 2260 ut
268 2235 311 2260 ea
335 2225 546 2271 propediem
572 2229 825 2270 exspectamus
835 2252 844 2270 ,
880 2228 916 2260 et
939 2225 1113 2270 temporis
1142 2230 1177 2262 et
1200 2227 1271 2262 loci
1295 2227 1473 2264 rationem
1498 2227 1563 2264 tibi
1589 2239 1811 2274 exponemus
1838 2242 1900 2277 op-

95 2285 283 2327 portune.“

231 2341 423 2377 ,loannis
448 2342 579 2387 Papii
612 2345 686 2377 tres
718 2344 914 2387 supersunt
949 2341 1142 2389 epistolae,
1175 2342 1282 2378 datae
1312 2343 1383 2379 hoc
1409 2355 1502 2380 anno
1531 2345 1686 2381 Onoldia
1714 2348 1898 2384 mensibus

93 2399 220 2445 Junio,
247 2400 414 2444 Augusto
441 2405 477 2435 et
503 2400 667 2445 Octobri,
701 2399 737 2435 in
763 2410 914 2444 quarum
938 2400 1058 2446 priore
1084 2400 1127 2436 de
1159 2401 1370 2438 transmisso
1396 2403 1634 2448 Prognostico
1661 2405 1764 2442 dicit:
1799 2406 1897 2452 „pla-

94 2461 151 2492 cet
187 2457 345 2492 studium
380 2458 418 2493 in
453 2458 702 2494 emendatione
736 2459 1033 2504 astrologicarum
1068 2460 1376 2508 praedictionum,
1422 2462 1559 2507 ingenii
1598 2463 1777 2500 subtilitas
1815 2475 1896 2510 per-

95 2515 227 2561 placet.
277 2516 418 2561 Styriae
444 2521 577 2552 statum
603 2527 727 2552 omnes
747 2517 833 2553 boni
859 2516 1060 2561 deplorant.
1101 2517 1265 2554 Fuerunt
1282 2530 1399 2565 nuper
1423 2521 1560 2565 aliquot
1584 2527 1780 2558 conventus
1799 2523 1897 2567 prin-

95 2574 213 2618 cipum
237 2573 477 2618 Francofurti,
503 2574 751 2621 Magdeburgi,
781 2574 1007 2619 Goettingae,
1034 2575 1164 2619 quibus
1183 2586 1247 2620 ego
1267 2588 1347 2612 cum
1365 2578 1600 2615 Serenissimo
1618 2591 1697 2615 meo
1714 2580 1892 2615 interfui.“

94 2632 124 2666 E
151 2631 310 2666 secunda
343 2631 434 2666 haec
467 2633 731 2677 excerpsimus:
768 2633 969 2675 „Acerbum
993 2633 1081 2668 mihi
1114 2634 1274 2669 dolorem
1299 2640 1489 2671 moverunt
1520 2640 1604 2672 tuae
1628 2637 1774 2680 literae,
1810 2637 1895 2672 dum

95 2690 340 2735 significarunt
370 2690 614 2726 tristissimum
646 2691 819 2726 ecclesiae
851 2695 886 2726 et
920 2691 1068 2726 scholae
1098 2696 1239 2728 vestrae
1274 2698 1406 2730 statum
1412 2721 1534 2731 .....
1596 2695 1700 2739 Quod
1725 2695 1776 2730 ita
1800 2695 1894 2732 bene

93 2749 247 2784 collocas
272 2749 342 2784 hoc
359 2748 469 2784 otium
487 2754 587 2784 tuum
612 2749 648 2783 in
665 2749 872 2784 mechanica
889 2750 1153 2794 mathematica,
1180 2762 1255 2787 rem
1279 2752 1442 2796 profecto
1460 2756 1495 2788 te
1515 2753 1760 2797 dignissimam
1791 2754 1892 2801 faciS,

95 2817 160 2842 nec
190 2807 335 2852 patroni
372 2807 523 2843 deerunt
553 2807 687 2852 ingenii
718 2817 911 2851 progressu
943 2809 1127 2853 temporis.
1195 2810 1233 2845 Si
1267 2811 1389 2855 Tycho
1425 2810 1587 2846 Braheus
1621 2811 1658 2846 in
1689 2812 1773 2847 aula
1807 2813 1893 2849 Cae-

96 2865 185 2900 saris
210 2875 268 2900 res
294 2875 377 2900 suas
404 2865 601 2899 constituet
625 2868 739 2909 tuque
764 2864 810 2899 ad
836 2875 917 2899 eum
943 2866 1129 2911 scripseris
1147 2866 1311 2911 Pragam,
1338 2878 1513 2903 summum
1539 2869 1571 2903 ei
1598 2869 1813 2906 desiderium
1838 2873 1892 2908 tui

93 2923 263 2967 injicies.“
312 2923 354 2958 In
379 2923 494 2958 literis
520 2922 613 2958 datis
639 2922 672 2957 d.
695 2922 751 2957 21.
776 2921 855 2959 Oct.
882 2922 1051 2968 legimus:
1093 2923 1274 2965 „Tametsi
1298 2924 1424 2960 literae
1455 2929 1540 2961 tuae
1564 2927 1681 2962 tristia
1706 2929 1890 2976 nuncient,

95 2986 216 3025 gratae
247 2981 333 3016 mihi
362 2985 482 3017 tamen
514 2984 597 3016 sunt
601 3007 715 3017 .....
764 2981 978 3017 Rectissime
1010 2982 1166 3027 faceres,
1201 2983 1230 3018 si
1266 2983 1308 3018 de
1342 2985 1530 3020 occasione
1561 2986 1779 3032 inquireres,
1817 2999 1888 3034 qua

95 3039 302 3084 Tychonem
325 3040 465 3085 Pragae
496 3039 685 3076 convenire
715 3049 858 3085 posses,
891 3044 955 3076 aut
980 3040 1010 3076 si
1033 3050 1100 3086 per
1131 3041 1263 3077 amicos
1296 3042 1412 3078 solum
1442 3043 1492 3079 ibi
1515 3048 1581 3080 tua
1613 3046 1748 3091 scripta
1777 3050 1887 3093 atque

94 3096 217 3134 literas
242 3098 406 3133 exhiberi
430 3108 575 3134 curares
601 3102 636 3133 et
658 3099 758 3144 prius
784 3099 976 3146 aliquoties
1000 3099 1115 3137 literis
1139 3111 1219 3136 cum
1243 3101 1305 3138 illo
1331 3102 1515 3140 conferres
1550 3104 1655 3150 eique
1679 3104 1887 3145 familiarior

95 3155 211 3202 fieres,
235 3167 342 3202 quam
365 3166 446 3195 eum
470 3157 696 3195 accederes.“
