2126 3388
207 203 321 247 1014
887 197 971 234 Vita
995 196 1146 233 ‚Ioannis
1167 196 1325 242 Kepleri.

203 321 401 373 proposito
438 319 724 362 aberraremus,
765 318 797 354 si
836 317 1025 354 rationem
1067 316 1150 365 eJus
1192 313 1381 353 hocloco
1413 312 1711 362 illustraremus,
1754 325 1990 364 quamquam

206 383 321 419 etiam
352 378 415 414 hic
445 378 483 412 in
515 373 743 423 explicando
776 379 813 412 et
843 373 1114 423 amplificando
1146 372 1318 411 Euclidis
1359 371 1508 409 decimo
1550 370 1648 409 libro
1690 373 1824 410 miram
1865 384 1990 410 rerum

206 435 561 475 mathematicarum
593 433 906 481 perspicientiam
946 443 1036 480 prae
1069 443 1110 469 se
1140 432 1224 470 fert.
1286 429 1348 466 Ad
1379 429 1676 467 construendum
1716 429 1989 480 heptagonium

204 494 378 542 regulare
420 490 582 539 algebra
618 491 755 536 utitur,
799 489 836 526 id
881 489 983 538 quod
1031 488 1135 538 apud
1172 487 1380 537 Keplerum
1421 488 1613 524 rarissime
1665 489 1843 535 occurrit,
1885 487 1989 526 Justi

205 552 339 600 Byrgii
377 553 532 586 secutus
572 548 762 584 rationem
804 547 1045 596 „mechanici
1076 547 1253 584 Caesaris
1293 550 1330 583 et
1360 545 1597 594 Landgravii
1628 544 1811 591 Hassiae,
1855 547 1919 594 qui
1952 547 1989 581 in

202 609 275 646 hoc
316 618 454 655 genere
491 606 801 654 ingeniosissima
840 610 877 642 et
916 604 1169 653 inopinabilia
1207 603 1329 641 multa
1370 608 1427 641 est
1458 604 1736 643 commentus“.
1795 603 1874 640 Nos
1906 615 1990 641 eam

202 665 280 703 vol.
312 665 361 702 V.
392 676 429 713 p.
453 667 532 701 472
566 662 679 700 modo
712 674 814 700 nune
842 663 986 700 usitato
1018 663 1300 711 proposuimus.
1325 661 1442 698 —In
1475 661 1672 710 prooemio
1702 661 1789 698 libri
1820 661 1990 708 secundi,

202 725 268 772 qui
299 722 348 760 ad
380 721 552 759 Euclidis
582 721 721 758 librum
753 720 1023 758 duodecimum
1056 725 1093 758 et
1123 721 1278 758 tertium
1310 720 1498 757 decimum
1520 731 1561 756 se
1583 718 1767 767 applicat,
1796 718 1989 767 Keplerus

202 781 345 818 haecce
377 779 594 829 praefaturz
636 778 757 827 „Cum
791 780 976 827 originem
1007 778 1250 816 harmonices
1282 777 1442 825 ejusque
1475 777 1632 814 effectus
1663 778 1701 813 in
1733 781 1815 814 toto
1848 776 1990 814 mundo

200 838 554 888 praestantissimos
586 836 834 885 explicandos
858 837 1119 883 sumserimus,
1153 835 1346 884 quomodo
1371 835 1416 873 de
1440 835 1693 884 congruentia
1714 835 1922 883 figurarum
1935 833 1989 883 ἦ),

201 908 300 945 quae
331 900 421 933 sunt
451 896 742 944 proportionum
775 894 1080 932 harmonicarum
1112 895 1386 942 scaturigines,
1420 893 1539 931 verba
1569 892 1676 929 nulla
1705 892 1893 930 faciamus
1917 921 1924 929 .
1949 919 1957 929 .
1982 923 1990 932 .

203 966 290 992 cum
320 953 383 991 hic
414 952 624 1002 figurarum
655 953 811 990 effectus
843 953 943 990 intra
974 953 1225 1000 geometriam
1265 953 1441 1000 intraque
1483 950 1801 988 architectonices
1841 953 1989 999 partem

202 1012 322 1058 illam,
356 1022 456 1060 quae
488 1012 588 1048 circa
620 1011 852 1059 archetypos
884 1015 1072 1057 versatur,
1104 1010 1154 1047 sit
1185 1009 1374 1058 quaedam
1408 1008 1516 1047 velut
1536 1010 1665 1056 imago
1688 1013 1726 1046 et
1744 1007 1988 1057 praeludium

204 1070 411 1108 effectuum
444 1073 552 1106 extra
582 1070 832 1117 geometriam
865 1072 1051 1116 extraque
1083 1069 1221 1105 mentis
1252 1071 1461 1115 conceptus
1491 1068 1529 1103 in
1561 1068 1653 1114 ipsis
1684 1067 1797 1104 rebus
1827 1070 1988 1104 natura-

203 1128 308 1165 libus
341 1131 379 1165 et
410 1126 654 1173 coelestibus,
689 1138 773 1164 cum
804 1127 1017 1175 proprietas
1049 1125 1144 1163 haec
1177 1125 1461 1174 congruentiae,
1495 1136 1594 1173 quae
1624 1125 1663 1160 in
1694 1128 1923 1162 structuram
1955 1128 1992 1162 et

206 1185 518 1234 corporationem
550 1184 721 1233 aliquam
752 1186 840 1231 exit,
873 1183 961 1221 talis
992 1184 1053 1230 sit,
1085 1188 1127 1220 ut
1158 1183 1220 1221 vel
1243 1184 1328 1232 ipsa
1348 1187 1514 1220 mentem
1536 1182 1829 1231 speculatricem
1851 1183 1990 1221 invitet

205 1243 255 1281 ad
287 1242 437 1291 aliquid
470 1243 586 1280 etiam
617 1242 708 1279 foris
738 1241 969 1287 faciendum,
1003 1240 1227 1288 creandum,
1263 1240 1562 1290 corporandum,
1596 1245 1715 1288 utque
1745 1240 1870 1278 latens
1901 1239 1990 1278 inde

200 1301 249 1339 ab
289 1306 446 1338 aeterno
489 1300 528 1336 in
570 1299 894 1349 superbenedicta
932 1304 1059 1337 mente
1108 1299 1239 1336 divina
1278 1310 1347 1348 per
1387 1298 1560 1336 idearum
1612 1298 1764 1336 ordines
1804 1303 1990 1347 tanquam

201 1360 344 1396 bonum
377 1369 581 1404 summum,
614 1359 675 1395 sui
709 1359 1086 1404 communicativum,
1120 1358 1306 1395 contineri
1347 1357 1384 1393 in
1415 1368 1486 1394 sua
1518 1357 1778 1395 abstractione
1808 1366 1885 1393 non
1915 1366 1990 1405 po-

199 1418 326 1464 tuerit,
360 1417 452 1465 quin
485 1417 524 1452 in
556 1417 763 1454 creationis
797 1427 894 1464 opus
927 1420 1191 1464 prorumperet
1222 1415 1426 1464 Deumque
1464 1420 1674 1453 creatorem
1705 1414 1872 1453 efficeret
1903 1425 1990 1452 cor-

197 1486 334 1524 porum
365 1474 437 1511 sub
469 1473 605 1512 iisdem
638 1473 771 1522 figuris
804 1470 1111 1511 conclusorum.“

337 1531 500 1569 Delectu
542 1532 675 1570 habito
717 1543 916 1580 corporum
957 1531 1222 1569 discernuntur
1259 1532 1428 1580 quinque
1469 1530 1662 1579 regularia
1692 1529 1864 1568 Euclidis
1904 1541 1990 1568 cor-

198 1600 305 1639 pora,
342 1590 510 1638 „quibus
541 1589 632 1627 addi
662 1595 826 1639 possunt
858 1591 1132 1638 congruentiae
1164 1589 1361 1627 stellarum
1395 1588 1597 1626 duodecim
1618 1588 1820 1638 planorum
1850 1593 1990 1637 penta-

197 1648 466 1695 gonicorum“.
508 1648 591 1692 (Cfr.
615 1649 683 1683 vol.
710 1650 750 1684 V.
776 1648 935 1684 tabulam
969 1649 1121 1694 paginae
1151 1650 1213 1684 119
1248 1649 1474 1692 subjunctam
1506 1648 1613 1692 inque
1649 1658 1691 1682 ea
1719 1648 1853 1692 figuras
1877 1648 1991 1684 literis

196 1709 239 1742 Ss
266 1711 301 1741 et
326 1708 371 1742 Tt
395 1707 581 1752 signatas),
616 1709 653 1742 et
684 1704 866 1742 tredecim
908 1715 1068 1752 corpora
1101 1703 1375 1751 Archimedea,
1418 1703 1636 1752 „perfectae
1667 1704 1705 1740 in
1737 1703 1863 1741 solido
1896 1715 1990 1742 con-

200 1764 402 1809 gruentiae
444 1762 587 1811 gradus
632 1762 863 1802 inferioris&
921 1761 1143 1799 Notandum
1177 1766 1254 1809 est,
1299 1762 1509 1811 Keplerum
1549 1762 1652 1798 viam
1684 1761 1745 1799 hic
1776 1763 1989 1811 praeivisse

199 1819 324 1858 Gallis
342 1820 501 1870 Cauchy
523 1825 560 1858 et
579 1821 741 1857 Poinsot
762 1822 799 1856 in
821 1819 1087 1857 construendis
1110 1819 1159 1857 ad
1181 1825 1324 1857 certam
1345 1819 1471 1868 legem
1494 1820 1717 1868 corporibus
1740 1820 1990 1869 multiplanis.

342 1877 458 1916 Libro
481 1880 593 1916 tertio
615 1878 806 1928 Keplerus
828 1889 873 1916 ea
894 1878 1020 1924 refert,
1054 1889 1153 1926 quae
1185 1879 1259 1927 ipsi
1290 1877 1454 1916 lectione
1475 1879 1703 1926 scriptorum
1735 1876 1781 1915 de
1802 1880 1987 1916 musica

198 1935 434 1974 Graecorum
466 1942 503 1974 et
535 1938 633 1974 inter
663 1938 895 1974 recentiores
926 1937 1134 1984 praecipue
1166 1935 1361 1974 Vincentii
1393 1935 1560 1973 Galilaei
1592 1936 1853 1975 innotuerunt.
1901 1936 1989 1988 „Ab

200 1995 313 2032 annis
344 1995 484 2042 viginti
514 1995 553 2030 in
584 1994 658 2031 hoc
690 1992 966 2032 elaborandum
987 1993 1079 2031 mihi
1112 1995 1255 2041 censui,
1287 1999 1330 2031 ut
1350 1994 1450 2031 hanc
1471 1993 1763 2031 mathematicos
1786 1994 1990 2044 physices-

203 2063 277 2101 que
309 2056 456 2101 partem
489 2052 735 2090 illustriorem
767 2051 976 2100 redderem,
1010 2053 1177 2090 inventis
1209 2054 1337 2090 causis
1368 2052 1531 2099 talibus,
1565 2063 1664 2100 quae
1696 2063 1742 2089 ex
1774 2064 1852 2090 una
1880 2057 1988 2102 parte

202 2115 239 2148 et
267 2109 415 2158 judicio
448 2112 605 2148 aurium·
638 2110 906 2148 satisfacerent
936 2111 974 2146 in
1007 2111 1279 2148 constitutione
1320 2110 1657 2147 consonantiarum
1699 2113 1988 2159 ceterorumque

206 2169 482 2205 concinnorum
512 2179 683 2215 numero,
716 2180 786 2206 nec
818 2168 918 2205 ultra
949 2167 998 2214 id,
1033 2167 1136 2217 quod
1168 2179 1280 2206 aures
1311 2168 1447 2214 ferunt,
1481 2172 1744 2215 excurrerent,
1791 2180 1836 2205 ex
1868 2168 1989 2206 altera

203 2237 296 2264 vero
328 2231 436 2276 parte
468 2226 612 2264 clarum
643 2231 680 2264 et
710 2230 884 2276 apertum
917 2225 1120 2263 discrimen
1151 2230 1364 2264 statuerent
1385 2227 1483 2263 inter
1503 2237 1695 2273 numeros,
1727 2227 1793 2274 qui
1823 2226 1990 2264 formant

198 2283 405 2322 intervalla
436 2286 596 2331 musica,
629 2285 804 2333 interque
836 2283 985 2322 alienos
1015 2285 1064 2321 ab
1096 2284 1169 2321 hoc
1192 2285 1372 2333 negoti03
1406 2295 1505 2332 quae
1528 2283 1692 2332 denique
1712 2289 1889 2333 respectu
1909 2289 1989 2322 tam

198 2342 409 2391 archetypi,
443 2354 560 2391 quam
591 2344 742 2389 mentis,
776 2354 876 2390 quae
908 2341 1117 2392 archetypo
1150 2344 1267 2379 utitur
1298 2342 1348 2379 ad
1380 2341 1673 2379 conformandas
1704 2341 1760 2378 illi
1791 2354 1863 2389 res,
1895 2353 1989 2391 cog-

197 2401 393 2437 nationem
426 2412 512 2438 cum
542 2400 759 2438 intervallis
791 2400 977 2438 haberent
999 2411 1123 2448 eoque
1146 2400 1480 2438 verisimilitudine
1501 2399 1714 2437 clarissima
1734 2401 1984 2438 nite1·entur.“

194 2458 421 2508 Proponens
458 2459 679 2496 universum
719 2462 888 2508 systema
919 2459 1108 2495 musicum
1141 2457 1432 2496 concordantias
1471 2469 1655 2495 sonorum
1692 2469 1844 2508 semper
1872 2459 1987 2497 refert

196 2515 245 2553 ad
277 2517 468 2553 sectiones
502 2516 631 2554 circuli
664 2528 730 2566 per
761 2515 883 2554 latera
903 2516 1109 2565 figurarum
1131 2516 1384 2565 regularium,
1417 2517 1680 2554 intermiscens
1711 2516 1986 2566 explicationes

194 2586 318 2612 rerum
351 2575 476 2611 minus
507 2576 808 2624 perspicuarum.
859 2573 1039 2624 Explicat
1070 2587 1105 2612 v.
1139 2585 1170 2614 c.
1202 2576 1268 2623 qui
1299 2574 1377 2619 fiat,
1411 2579 1452 2611 ut
1487 2573 1656 2622 „chorda
1685 2573 1842 2623 pulsata
1873 2574 1986 2612 chor-

196 2632 283 2670 dam
315 2632 433 2669 aliam
465 2643 540 2669 non
571 2632 765 2682 pulsatam
796 2643 927 2669 secum
958 2633 995 2668 in
1027 2633 1195 2669 sonitum
1226 2630 1403 2680 trahat“;
1445 2643 1513 2681 pro
1550 2634 1638 2669 a'e‘re
1679 2636 1784 2670 moto
1823 2633 1985 2670 assumit

197 2692 390 2739 „speciem
424 2687 763 2736 immateriatam⁶‘‚
806 2689 902 2727 haec
934 2694 1062 2727 autem
1104 2691 1305 2739 subjrrngit
1337 2689 1584 2740 explicationi
1624 2700 1720 2728 suae
1762 2701 1839 2728 non
1869 2690 1984 2738 plane

193 2747 449 2795 rejiciendae:
495 2748 630 2800 „Haec
661 2748 756 2785 mihi
787 2747 938 2786 videtur
969 2759 1087 2785 causa
1126 2748 1314 2786 mirabilis
1353 2748 1470 2796 hujus
1508 2748 1781 2797 experimenti3
1825 2748 1891 2796 qui
1921 2759 1982 2785 me

193 2806 339 2844 felicior
371 2811 429 2844 est
459 2806 643 2855 indagine
674 2807 826 2853 mentis,
859 2807 893 2843 ei
924 2805 1092 2856 palmam
1124 2804 1264 2843 dab0.“
1326 2806 1509 2844 Pluribus
1540 2807 1622 2855 agit
1653 2804 1700 2843 de
1733 2805 1980 2858 „differentiis

192 2864 525 2911 intervallorum“,
560 2864 606 2902 de
637 2863 911 2911 monochordo,
945 2863 991 2901 de
1027 2864 1343 2915 „diagrammate,
1377 2864 1414 2903 11.
1437 2875 1470 2901 e.
1504 2863 1731 2902 chordarum
1754 2874 1822 2901 seu
1842 2873 1981 2900 vocum

193 2921 443 2960 denotatione
474 2922 659 2960 moderna
690 2934 756 2971 per
786 2922 910 2959 lineas
942 2927 980 2960 et
1009 2922 1141 2960 literas
1163 2922 1402 2972 alphabeti«,
1435 2922 1501 2959 ubi
1533 2921 1579 2960 de
1603 2926 1688 2958 ortu
1707 2921 1807 2969 signi
1829 2920 1978 2959 literam

197 2978 228 3016 O
256 2979 474 3017 denotantis
505 2982 600 3019 scite
632 2979 796 3020 disserit.
858 2979 930 3017 His
970 2980 1085 3018 finem
1124 2980 1217 3019 facit
1255 2980 1530 3029 disputationis
1562 2990 1676 3017 suae:
1726 2979 1980 3017 Astronomus

327 3115 356 3157 *)
383 3117 473 3147 Voce
497 3116 754 3160 conyruentiae
778 3116 940 3157 Keplerns
975 3127 1044 3148 eam
1076 3117 1236 3156 intelligit
1268 3116 1445 3156 figurarum
1479 3117 1676 3156 regularium
1703 3116 1978 3157 conjunctionem,

192 3164 229 3192 ut
253 3165 285 3192 et
309 3164 465 3201 angulum
490 3162 633 3194 solidum
658 3163 837 3196 conficiant
862 3167 894 3195 et
918 3163 992 3195 aliis
1016 3163 1131 3203 figuris
1148 3164 1354 3204 regularibus
1370 3164 1509 3204 adiectis
1525 3164 1554 3194 is
1575 3161 1712 3201 angulus
1732 3162 1841 3194 claudi
1859 3164 1977 3204 possit.
