2126 3388
257 143 342 190 912
927 141 1011 179 Vita
1034 141 1057 178 J
1059 141 1185 178 oannis
1209 141 1368 188 Kepleri.

395 261 570 297 Desinunt
593 259 662 294 hoc
687 268 780 293 anno
806 258 1056 293 annotationes
1073 257 1221 304 Kepleri
1245 258 1288 294 de
1313 258 1397 294 fatis
1415 258 1489 294 suis
1508 258 1554 294 ad
1575 258 1856 301 „Revolutiones
1875 259 2049 301 annuas‘²‚

257 331 345 364 quas
372 318 519 362 singulis
545 316 646 352 annis
673 316 938 361 praemisimus
980 315 1196 361 Adscriptae
1221 326 1305 351 vero
1333 319 1417 351 sunt
1440 316 1542 352 annis
1569 317 1798 353 1629—1636
1822 317 1904 352 loca
1927 316 2049 361 plane-

255 382 373 413 tarum
399 374 624 419 (horoscopi)
650 377 686 408 et
710 384 803 409 anno
833 374 916 409 1631
944 373 1034 410 haec
1059 374 1199 410 addita:
1233 372 1280 411 N.
1307 373 1351 410 B.
1375 372 1487 411 Anno
1509 375 1753 422 sexagesimo
1785 373 1940 410 ineunte
1972 372 2049 409 fere

257 439 314 470 est
346 432 515 469 omniurn
547 429 789 479 planetarum
828 428 929 467 idem
970 431 1079 468 situs.
1140 429 1288 479 Nempe
1319 428 1362 480 Γ),
1400 427 1462 482 Ἃ,
1497 427 1530 484 ᾧ
1565 443 1681 480 quam
1712 431 1897 480 proxime,
1930 428 1963 480 ῼ
1998 433 2049 468 10

254 490 437 538 gradibus
471 489 636 535 citerior,
681 492 710 532 ἅ
747 492 785 526 et
805 484 860 539 Q
892 488 929 524 in
963 488 1166 536 quadrato,
1199 488 1279 525 illic
1310 490 1506 537 sequenti,
1545 489 1609 527 hic
1640 487 1885 527 antecedenti
1915 492 1953 526 et
1983 499 2051 526 ca-

255 549 345 596 pitis
389 549 425 583 in
469 545 594 585 sextili
638 545 893 584 antecedenti.
955 548 1011 583 Ad
1036 548 1299 583 annum1635:
1341 545 1552 585 R-evolutio
1594 548 1682 585 anni
1718 551 1790 594 64,
1834 556 1911 595 quo
1949 556 2050 584 anno

256 604 467 643 ascendens
499 604 547 642 ad
580 604 627 650 [l
650 601 679 656 13
703 606 734 653 ῼ
766 605 907 642 veniet.

394 669 533 707 1829.
566 671 687 705 Pauca
713 674 806 713 sunt,
835 680 925 713 quae
951 669 1021 705 hoc
1046 680 1139 704 anno
1166 669 1471 715 deprehendimus
1498 670 1632 715 scripta
1657 681 1677 705 a
1701 669 1872 715 Keplero.
1923 669 2053 714 Super-

255 733 338 765 sunt
363 729 540 774 epistolae
567 733 707 763 tantum
725 727 770 762 ad
788 729 1053 773 Berneggerum
1074 728 1211 771 (literas
1230 728 1275 763 ad
1293 729 1445 764 Remum
1464 728 1693 763 exhibuimus
1710 728 1780 765 vol.
1798 729 1856 763 VI.
1875 739 1912 772 p.
1931 728 1972 763 63
1992 729 2052 771 ss.)

254 793 290 822 et
317 787 362 822 ad
387 786 690 821 Wallenstenium
716 786 795 830 (VI.
823 787 903 830 ΤΟ),
930 797 1022 830 quae
1046 786 1266 831 posteriores
1292 787 1343 821 nil
1368 787 1504 822 habent
1529 787 1597 821 nisi
1623 786 1781 821 calculos
1808 785 2053 829 astrologicos,

255 857 346 891 quos
372 845 416 881 ad
451 846 682 890 quaestiones
708 844 963 879 Wallenstenii
998 844 1268 888 superstitiosas
1302 845 1526 889 respondens
1559 844 1764 879 instituerat
1795 843 1974 888 Keplerus
2008 843 2053 886 (d.

255 906 287 939 3.
312 903 395 938 Jan.
420 904 513 948 petit
536 902 821 938 Wallenstenius
850 913 961 945 „ganz
986 901 1162 947 fleissig“,
1189 906 1230 937 ut
1255 906 1440 946 computet
1465 901 1688 936 nativitatem
1713 902 1808 947 regis
1833 901 2052 944 Hungariae,

256 972 348 1007 quae
373 972 445 996 non
469 963 563 997 bene
589 961 792 996 consentiat
819 971 900 995 cum
926 970 989 995 sua
1015 960 1147 1004 ipsius,
1174 960 1370 995 Februario
1397 960 1488 1004 petit
1506 970 1527 994 a
1544 960 1713 1004 Keplero,
1743 959 1901 1003 „dieweil
1929 970 1967 994 er
1992 959 2056 993 der

254 1020 349 1055 Zeitt
376 1019 438 1054 das
464 1029 528 1063 pre
553 1023 654 1054 vnter
681 1018 749 1053 den
773 1018 1034 1053 mathematicis
1060 1018 1174 1062 hatt“‚
1200 1023 1240 1052 ut
1265 1018 1444 1053 examinet
1469 1018 1629 1053 themata
1652 1018 1880 1062 imperatoris
1906 1017 2055 1062 ejusque

254 1078 419 1120 filiorum,
447 1087 512 1112 nec
539 1088 608 1111 non
634 1077 729 1120 regis
755 1076 963 1120 Hispaniae,
991 1075 1033 1109 ab
1061 1075 1130 1110 alio
1156 1080 1363 1110 astronomo
1390 1074 1570 1121 confecta,
1596 1076 1789 1120 praecipue
1814 1075 1935 1110 thema
1959 1075 2055 1120 regis

255 1135 472 1180 Hungariae⁷
502 1135 592 1177 „den
617 1135 681 1169 mit
701 1134 926 1178 derselbigen
945 1133 1120 1168 Nativitet
1145 1132 1254 1168 funde
1279 1133 1335 1167 ich
1363 1133 1418 1168 die
1435 1133 1560 1169 meiste
1577 1133 1895 1178 Vngelegenheit.“
1940 1133 2053 1168 Paulo

256 1200 341 1239 post
374 1194 493 1229 locum
527 1193 618 1228 scire
652 1193 767 1237 cupit,
802 1203 872 1236 quo
904 1192 1045 1226 eveniat
1076 1192 1282 1236 conjunctio
1314 1191 1344 1234 ἶ)
1379 1196 1414 1227 et
1439 1191 1483 1235 74
1510 1202 1603 1226 anno
1631 1192 1733 1227 1643.
1782 1191 2053 1236 Responsiones

255 1253 403 1297 Kepleri
429 1253 473 1287 ad
499 1251 563 1286 has
591 1253 823 1296 quaestiones
857 1250 961 1285 datae
987 1255 1071 1286 sunt
1097 1250 1223 1285 diebus
1254 1251 1311 1286 17.
1337 1255 1373 1285 et
1401 1251 1450 1285 19.
1477 1249 1687 1293 Februarii).
1735 1249 1777 1284 In
1803 1249 1891 1284 Mss.
1918 1248 2055 1283 Pulko-

256 1310 437 1345 viensibus
465 1309 778 1354 deprehendimus,
806 1309 997 1353 adscriptis
1025 1308 1150 1344 diebus
1176 1310 1231 1343 1‘3-
1258 1313 1293 1343 et
1322 1309 1372 1343 14.
1391 1307 1537 1352 Aprilis,
1563 1306 1843 1352 inquisitionem,
1873 1317 1940 1349 „an
1958 1317 2051 1341 com·

255 1369 428 1413 pendiose
452 1368 567 1413 possit
591 1368 716 1403 haberi
740 1367 976 1414 logarithmus
1001 1368 1128 1404 indicis
1156 1379 1221 1413 per
1245 1367 1470 1412 intervalla“,
1497 1371 1532 1401 et
1559 1367 1760 1411 „quomodo
1789 1365 2053 1411 prosthaphae-

256 1426 345 1461 resis
371 1427 487 1472 possit
513 1426 714 1470 computari
738 1437 804 1470 per
827 1426 1163 1470 mesologarithmos
1190 1427 1267 1462 sine
1291 1426 1415 1461 tabula
1440 1426 1566 1461 indicis
1578 1427 1616 1460 ‘?“

395 1484 611 1519 Absolutum
639 1489 693 1520 est
717 1485 786 1519 hoc
811 1495 904 1519 anno
935 1485 1225 1529 supplementum
1254 1484 1473 1520 Tabularum
1499 1484 1811 1529 Rudolphinarum
1837 1484 1979 1529 Sagani,
2005 1484 2057 1519 in-

258 1542 446 1587 scriptum:
473 1543 666 1588 Sportula,
698 1544 931 1588 yenethlz'acis
961 1546 1091 1588 missa5
1122 1545 1327 1589 Responsio
1352 1543 1401 1578 acl
1431 1542 1667 1580 Bartsclzium
1695 1542 1739 1587 (d.
1767 1542 1896 1587 Sagani
1926 1542 2056 1588 postri-

257 1601 312 1636 dic
338 1601 460 1636 Nonas
486 1601 735 1645 Novembris),
760 1602 975 1638 Admonitio
1003 1603 1051 1637 ad
1076 1591 1314 1638 astronomos.

397 1660 455 1693 Ex
482 1659 644 1703 epistolis
671 1659 863 1704 Kepleri
890 1665 925 1695 et
949 1661 1233 1704 Berneggeri
1258 1660 1405 1695 mutuis.

394 1717 660 1762 Berneggerus,
694 1718 893 1762 praemissa
918 1718 1092 1753 relatione
1120 1719 1163 1753 de
1188 1719 1341 1763 pecunia
1371 1729 1437 1763 pro
1463 1718 1611 1754 Tabulis
1636 1718 1877 1763 Rudolphinis
1903 1722 2053 1763 accepta

259 1776 336 1820 (VI.
363 1776 448 1819 (325)
475 1780 510 1810 et
536 1776 578 1810 de
604 1775 802 1820 Dasypodii
830 1776 1048 1820 Compendio
1074 1777 1329 1813 mathematico
1355 1780 1404 1822 (v.
1425 1789 1453 1812 s.
1472 1790 1508 1822 p.
1531 1779 1624 1821 145),
1652 1777 1701 1812 sic
1728 1777 1864 1822 pergit:
1890 1776 2057 1811 Divinum

259 1833 435 1878 quendam
448 1833 656 1869 instinctum
671 1834 896 1878 interpretor,
911 1835 1006 1878 quod
1022 1835 1244 1880 obsequutus
1259 1835 1310 1870 fui
1323 1836 1472 1872 consilio
1486 1840 1547 1870 tuo
1564 1835 1606 1870 de
1624 1846 1695 1869 non
1714 1835 1866 1880 amplius
1885 1834 2058 1869 irritanda

258 1892 508 1937 potentissima
525 1892 902 1937 impotentissimorum
922 1893 1103 1928 hominum
1128 1893 1282 1928 factione
1310 1895 1385 1938 (cfr.
1406 1895 1474 1930 vol.
1494 1895 1553 1929 VI.
1579 1906 1614 1938 p.
1634 1895 1728 1938 621).
1777 1894 1869 1928 Nam
1893 1898 2056 1937 tempora

259 1950 369 1994 vides,
396 1961 462 1985 nec
487 1955 591 1995 potes
618 1960 689 1985 non
714 1950 904 1994 audivisse,
932 1951 1016 1995 quid
1043 1962 1159 1996 nuper
1185 1952 1228 1988 D.
1255 1953 1294 1987 Z.
1325 1953 1505 1987 acciderit.
1549 1952 1697 1987 Excusa
1722 1951 1860 1996 pridem
1887 1956 1970 1986 sunt
1995 1951 2057 1986 ali-

261 2013 348 2052 quot
375 2008 499 2052 scripti
523 2008 592 2042 mei
616 2007 719 2052 folia,
756 2019 847 2052 quac
873 2019 917 2044 ne
943 2010 1171 2054 typographo
1198 2014 1368 2054 pereant,
1395 2010 1554 2045 nondum
1580 2010 1731 2055 deposui
1756 2009 1912 2045 animum
1939 2010 2058 2054 operis

263 2065 489 2109 absolvendi,
525 2067 555 2101 si
581 2066 681 2102 coelo
708 2066 920 2101 Germanico
948 2077 1013 2101 sua
1038 2067 1211 2102 serenitas
1238 2073 1273 2102 et
1299 2068 1441 2102 veritati
1472 2068 1621 2102 libertas
1649 2067 1807 2103 redierit.
1855 2069 1911 2102 An
1937 2072 2058 2101 tamen

264 2134 423 2168 unquam
447 2123 608 2160 reditura
634 2125 699 2167 sit,
726 2129 776 2169 tu,
804 2124 863 2168 qui
889 2129 924 2159 te
951 2124 1107 2160 siderum
1134 2126 1336 2171 conscium,
1361 2126 1521 2170 ipsarum
1546 2126 1790 2172 praesentium
1816 2125 2060 2160 calamitatum

263 2180 449 2228 προῤῥησει
475 2182 739 2228 demonstrasti,
767 2194 859 2218 unus
887 2183 1043 2218 omnium
1071 2184 1204 2228 optime
1229 2195 1337 2220 nosse
1361 2190 1483 2230 potes3
1511 2188 1546 2218 et
1572 2188 1612 2218 ut
1638 2183 1744 2218 animi
1769 2183 1820 2217 tui
1846 2182 2060 2218 sententiam

263 2241 386 2284 paucis
413 2240 458 2275 ad
484 2251 539 2276 me
565 2251 673 2286 super
696 2241 764 2276 hac
789 2251 827 2275 re
852 2240 1074 2285 perscribere
1100 2241 1269 2286 digneris,
1295 2243 1363 2278 hoc
1390 2242 1563 2278 audacius
1595 2242 1659 2276 abs
1685 2246 1720 2276 te
1747 2240 1941 2285 contendo,
1975 2240 2059 2285 quia

263 2298 386 2333 videor
409 2298 494 2332 mihi
511 2310 577 2343 pro
595 2299 860 2334 necessitudine
885 2299 956 2339 illa,
984 2309 1076 2343 quae
1094 2304 1149 2334 tot
1166 2310 1280 2335 annos
1298 2300 1391 2335 inter
1410 2312 1475 2336 nos
1492 2300 1707 2344 intercessit,
1733 2300 1802 2335 hoc
1825 2299 1944 2334 facere
1961 2300 2057 2334 bona

264 2367 342 2390 cum
366 2367 455 2400 pace
480 2361 543 2391 tua
567 2367 686 2401 posse.
735 2358 816 2392 Non
842 2358 974 2393 multos
1002 2357 1093 2392 enim
1118 2358 1243 2403 habes,
1270 2359 1414 2404 opinor,
1441 2359 1660 2402 antiquiores
1693 2369 1748 2393 me
1774 2357 1934 2403 clientes,
1961 2362 2057 2393 certe

264 2414 400 2449 nullum
426 2415 479 2449 tui
507 2415 739 2450 amantiorem
765 2416 1153 2460 observantioremque.
1203 2417 1303 2452 Vale,
1354 2419 1505 2462 Argent.
1533 2419 1659 2462 13423.
1686 2418 1756 2453 Jul.
1788 2418 1887 2453 1629.

402 2472 579 2517 Keplerus
604 2473 690 2508 item
715 2484 865 2509 exorsus
892 2474 934 2509 de
960 2475 1122 2518 pecuniis
1149 2479 1184 2509 et
1210 2476 1428 2520 Compendio
1454 2477 1717 2522 mathematico,
1744 2476 1789 2512 ad
1814 2475 1885 2511 alia
1903 2477 2059 2520 Rex-neg-

265 2530 340 2574 geri
372 2531 534 2574 quaesita
566 2530 616 2565 sic
650 2532 854 2576 respondit:
886 2530 1050 2579 Eclipsis
1082 2530 1184 2568 Solis
1216 2531 1287 2568 fuit
1310 2531 1370 2569 die
1398 2529 1549 2586 15.s25.
1574 2533 1681 2578 Dec.‚
1715 2532 1824 2581 cujus
1856 2532 1941 2569 finis
1983 2531 2058 2568 Ar—

266 2587 447 2635 gentinae
489 2588 654 2635 spectari
696 2589 822 2636 potuit
861 2593 898 2626 et
938 2600 1060 2638 usque
1101 2589 1338 2638 Augustam,
1373 2588 1651 2640 Oenipontem,
1693 2590 1906 2639 Neapolin,
1948 2589 2056 2626 Rhe-

266 2646 371 2692 gium
417 2649 454 2682 et
502 2656 624 2693 nsque
674 2644 723 2683 ad
769 2645 893 2683 Rheni
944 2648 1066 2696 ripam
1116 2648 1451 2685 orientalissimam
1501 2650 1538 2685 in
1584 2649 1737 2696 Cliviis,
1789 2647 2054 2694 Hollandiam,

267 2702 450 2747 Scotiain‚
485 2701 669 2741 Orcadas.
722 2703 909 2741 Conditur
940 2717 963 2742 a
993 2717 1122 2743 mense
1156 2704 1314 2743 Octobri
1336 2705 1402 2743 Sol
1436 2711 1519 2744 atra
1551 2707 1723 2756 fuligine,
1757 2705 1908 2744 videtur
1940 2716 2056 2742 occu-

268 2761 416 2798 biturus
449 2761 487 2797 in
520 2766 617 2808 ortu,
651 2760 802 2799 videtur
842 2761 939 2800 alter
977 2765 1143 2800 oriturus
1177 2776 1197 2800 a
1229 2764 1404 2810 meridie,
1447 2766 1507 2802 cui
1540 2767 1758 2803 necessario
1791 2764 1837 2801 lis
1870 2763 1939 2800 erit
1971 2774 2056 2800 cum

269 2818 371 2855 illius
405 2818 648 2856 Phaethonte
680 2819 873 2868 hujusque
905 2822 1050 2867 amicis,
1084 2823 1307 2870 praesertim
1339 2824 1370 2858 si
1403 2834 1489 2860 eum
1521 2835 1609 2871 spes
1642 2834 1687 2861 ex
1719 2822 1838 2860 hortis
1869 2820 2057 2869 Hesperi-

268 2875 379 2923 dum,
420 2876 523 2925 quod
555 2877 708 2926 eclipsis
740 2877 968 2926 portendere
1011 2878 1184 2926 videtur,
1227 2879 1457 2918 destituerit.
1518 2881 1567 2918 Et
1606 2893 1675 2918 vos
1715 2879 1869 2929 quidem
1910 2880 2055 2917 amicos

268 2933 348 2971 fore
379 2941 472 2983 puto
505 2934 606 2972 Solis
638 2936 796 2973 alterius
828 2941 866 2974 et
895 2948 996 2974 nunc
1027 2936 1147 2974 altum
1179 2949 1314 2986 sapere
1345 2950 1460 2987 super
1493 2950 1539 2975 ea
1570 2940 1767 2976 societate.

407 2992 658 3041 Prophetissa
688 2994 819 3043 puella
849 2994 1084 3033 undecennis
1115 3007 1186 3033 nos
1218 2997 1315 3032 inter
1347 3001 1383 3033 et
1407 2994 1852 3034 Odera-Francosurtum
1878 2994 2056 3033 Corbusii

271 3054 439 3088 extrema
471 3053 599 3089 omnia
629 3054 815 3103 minatur3
848 3052 959 3091 fidem
992 3053 1047 3090 illi
1080 3053 1171 3092 facit
1201 3059 1321 3102 aetas,
1355 3055 1546 3104 imperitia
1575 3053 1752 3104 puerilis,
1785 3064 1964 3092 numerus
1996 3054 2056 3091 in-

271 3118 365 3157 gens
396 3108 626 3147 auditorum.
