2157 3398
277 173 362 220 620
695 167 930 205 Summarium
953 166 1135 203 Historiae
1158 164 1408 202 Astronomiae
1433 162 1556 200 seculo
1579 162 1678 199 XVI.

277 292 397 328 debito
415 290 587 325 minorem
605 287 792 333 prodiisse.
838 283 1010 328 „Accedit
1029 286 1064 318 et
1080 282 1170 317 haec
1189 282 1319 317 erroris
1340 281 1492 325 occasio,
1519 279 1614 325 quod
1633 280 1851 325 Copernicus
1869 279 1914 315 ad
1933 279 2066 315 medias

278 355 400 395 partes
427 352 467 390 1η
494 344 773 391 aequinoctiales
799 343 983 388 ingressus
1008 340 1183 385 retulerit,
1210 340 1270 375 ubi
1296 340 1368 385 Sol,
1395 340 1487 375 satis*
1508 339 1627 374 adhuc
1651 338 1687 371 in
1712 337 1780 373 isto
1798 338 1983 373 horizonte
2009 338 2067 373 de-

277 408 388 452 clivis,
414 405 637 441 altitudinem
665 402 803 438 obtinet
828 401 951 445 19¹l40,
977 398 1074 434 unde
1099 398 1307 433 refractioni
1332 398 1376 432 ad
1403 397 1585 432 minimum
1604 395 1636 429 4¹
1663 399 1718 431 est
1742 396 1933 440 obnoxius3
1961 406 2066 440 quam

276 477 357 501 cum
383 476 452 499 non
479 460 719 508 praecaverit,
756 458 967 495 tantundem
1000 456 1274 491 declinationem
1307 455 1421 500 ipsius
1448 455 1566 490 debito
1593 454 1765 488 minorem
1789 454 1939 489 reddit.“
1988 455 2067 489 Hoc

277 522 535 566 longitudinem
560 519 689 555 mutari
715 518 876 563 proxime
902 518 968 560 13¹,
996 524 1088 560 quae
1112 514 1172 549 vix
1189 515 1208 548 5
1226 514 1324 549 horis
1350 513 1580 549 absolvantur
1604 517 1639 546 et
1663 516 1803 547 tantum
1830 512 1937 546 etiam
1960 511 1998 546 in
2015 512 2067 546 in-

275 591 400 624 gressu
426 579 471 613 ad
500 580 558 613 15Ο
577 582 618 620 m
646 576 882 621 Copernicum
907 573 1103 610 abundare.

410 637 492 672 Jam
516 636 640 681 Tycho
667 635 749 670 anni
775 633 1011 678 quantitatem
1038 630 1198 666 exactius
1223 629 1459 673 inquisiturus
1485 629 1682 674 praemittit
1697 629 1869 664 historica
1893 628 2067 673 quaedam

276 697 319 731 de
345 708 437 731 anno
464 696 604 730 sidereo
629 694 788 739 priorum
814 696 1117 732 astronomorum,
1153 698 1347 731 eorumque
1373 687 1683 722 observationibus
1718 697 1798 722 cum
1824 686 1899 722 suis
1925 686 2067 721 collatis

275 754 461 791 constituit
496 764 626 788 annum
662 751 839 786 sidereum
871 748 1008 783 dierum
1040 747 1116 782 365.
1142 746 1178 781 h.
1206 747 1236 780 6.
1264 747 1294 781 9¹
1321 746 1390 781 25¹¹
1416 747 1539 792 435⁸,
1575 745 1645 781 hoc
1677 756 1760 780 vero
1793 756 1864 779 non
1896 744 2066 780 utendum

275 817 409 857 censet,
439 812 521 857 „qui
538 808 798 855 praecessionis
824 806 1130 850 aequinoctiorum
1156 804 1358 839 intricatam
1384 804 1558 839 rationem
1577 804 1798 839 enodandam
1825 803 1946 847 exigit,
1971 803 2066 848 quod

275 872 343 905 hoc
367 871 447 905 loco
472 869 575 904 nimis
601 867 777 912 prolixum
802 865 896 900 foret
926 865 1020 908 (eum
1045 864 1206 898 laborem
1239 873 1353 906 usque
1379 863 1414 897 in
1439 863 1615 907 integrum
1646 862 1916 897 instaurationis
1954 865 2066 896 astro-

276 929 435 965 nomicae
467 938 557 972 opus
588 925 842 961 reservandum
877 923 1015 966 duxi)“,
1051 921 1114 957 sed
1148 921 1269 966 potius
1304 931 1435 955 annum
1469 922 1648 965 tropicum
1681 931 1725 954 ex
1757 920 2066 955 observationibus

275 986 453 1022 Waltheri
490 983 764 1028 Noribergensis
805 979 1093 1016 constituendum
1137 989 1215 1013 esse
1253 981 1383 1013 censet.
1449 978 1575 1013 Prodit
1622 988 1727 1020 „vera
1770 979 1854 1014 anni
1897 979 2064 1015 coelestis

279 1044 461 1089 quantitas
487 1042 530 1078 ad
557 1042 720 1087 proxima
745 1041 834 1075 haec
859 1039 1000 1074 secula“
1030 1038 1094 1073 365
1122 1038 1156 1072 d.
1182 1039 1201 1072 5
1228 1038 1265 1072 h.
1291 1037 1443 1080 4814511,
1470 1041 1588 1071 motus
1615 1036 1707 1071 Solis
1734 1036 1886 1081 simplex
1911 1036 1947 1070 in
1973 1048 2066 1071 anno

278 1102 457 1137 communi
487 1104 542 1136 11Β
574 1100 637 1135 29Ο
663 1100 717 1135 45¹
744 1099 812 1134 40⁴¹
838 1098 915 1133 38⁰¹
945 1098 1051 1132 15“‘¹.
1077 1116 1120 1120 —
1147 1096 1285 1139 Quibus
1311 1096 1517 1130 constitutis
1543 1100 1742 1140 sequuntur
1766 1095 1910 1131 tabulae
1935 1094 2066 1130 medio-

279 1172 356 1196 rum
382 1164 544 1194 motuum
571 1158 673 1201 Solis,
701 1169 788 1203 quas
815 1156 994 1201 Keplerus
1019 1156 1053 1190 in
1073 1154 1218 1190 Tabulis
1236 1155 1476 1199 Rudolphinis
1501 1158 1540 1190 ut
1565 1164 1724 1189 normam
1749 1158 1894 1189 secutus
1921 1164 2066 1189 accura-

273 1219 344 1254 tius
370 1218 525 1261 collegit,
552 1217 678 1252 deinde
707 1215 850 1258 „tabula
875 1215 1255 1260 prosthaphaeresium
1280 1215 1468 1261 solarium,
1493 1216 1771 1261 praesupposita
1802 1214 2067 1249 eccentricitate

280 1277 368 1312 3584
395 1281 456 1311 aut
480 1275 636 1320 partium
662 1275 692 1309 2.
720 1275 762 1318 9‘,
790 1274 947 1318 qualium
974 1274 1236 1309 semidiameter
1262 1274 1450 1309 eccentrici
1476 1279 1531 1309 est
1558 1275 1695 1310 100000
1720 1278 1782 1308 aut
1806 1273 1962 1317 partium
1989 1273 2067 1314 60¹⁴,

278 1334 430 1378 denique
454 1333 579 1369 tabula
603 1337 721 1367 motus
748 1333 864 1367 diurni
890 1337 925 1367 et
950 1332 1149 1377 ephemeris
1169 1332 1261 1367 Solis
1287 1333 1333 1367 ad
1359 1343 1472 1367 annos
1491 1333 1580 1368 1572
1599 1337 1634 1367 et
1652 1333 1754 1368 1573.
1792 1331 1927 1375 Quibus
1946 1331 2070 1366 addita

276 1397 357 1428 sunt
385 1391 570 1436 „exempla
587 1391 733 1435 aliquot,
759 1391 889 1436 partim
908 1396 947 1425 ut
965 1391 1077 1435 ratio,
1105 1402 1149 1424 ex
1175 1390 1364 1425 observata
1389 1390 1579 1426 altitudine
1605 1390 1723 1425 locum
1750 1390 1842 1425 Solis
1867 1389 2069 1433 inquirendi

274 1457 310 1486 et
334 1461 414 1485 cum
445 1451 578 1485 nostris
614 1450 770 1484 numeris
806 1448 1032 1491 conferendi,
1072 1448 1211 1483 facilius
1247 1452 1404 1493 constet,
1439 1448 1569 1493 partim
1601 1453 1641 1483 ut
1673 1448 1804 1483 veritas
1836 1447 2067 1482 correctionis

274 1512 418 1544 nostrae
444 1508 479 1542 in
505 1508 632 1542 itinere
659 1506 766 1542 solari
790 1517 855 1551 per
880 1505 1031 1540 aliorum
1060 1506 1328 1540 observationes
1353 1506 1389 1539 in
1415 1505 1564 1540 diversis
1591 1506 1723 1540 Terrae
1748 1505 1911 1550 partibus
1938 1505 2069 1540 certius

273 1569 428 1611 pateat“.
479 1567 544 1600 His
570 1565 792 1609 interpositis
819 1569 1020 1608 sequuntur
1045 1565 1190 1600 tabulae
1214 1563 1471 1599 refractionum
1497 1564 1575 1606 (cfr.
1602 1564 1670 1599 vol.
1697 1564 1743 1599 ΙΙ.
1770 1577 1804 1610 p.
1832 1564 1924 1608 403),
1951 1562 2067 1607 paral-

274 1625 419 1669 laxium,
447 1623 697 1659 declinationis
724 1622 927 1667 eclipticae‚
954 1624 1204 1658 ascensionum
1230 1628 1431 1665 rectarum,
1459 1633 1548 1666 quas
1576 1625 1722 1656 secutus
1748 1625 1803 1655 est
1827 1620 2006 1665 Keplerus
2029 1621 2068 1655 in

278 1683 447 1728 Epitome
474 1682 561 1727 (vol.
587 1682 648 1717 VI.
674 1693 708 1726 p.
735 1681 803 1716 242
829 1682 907 1724 ss.).
958 1681 1055 1725 Quas
1081 1682 1137 1716 his
1163 1681 1294 1716 tabulis
1328 1681 1515 1726 subjungit
1539 1679 1662 1724 Tycho
1691 1678 1985 1720 „annotationes“
2025 1677 2068 1712 de

271 1740 565 1784 retractionibus,
601 1743 701 1775 taxat
733 1738 911 1783 Keplerus
944 1739 979 1773 in
1015 1739 1144 1784 Optica
1176 1740 1263 1784 (vol.
1290 1740 1334 1774 ΙΙ,
1372 1751 1408 1783 p.
1436 1740 1501 1774 176
1527 1738 1604 1781 ss).
1666 1736 1722 1771 Ad
1759 1736 2067 1779 „Declinationum

275 1800 457 1835 tabulam“
486 1803 634 1835 annotat
659 1798 799 1844 Tycho:
838 1798 986 1840 „mutari
1013 1798 1289 1834 declinationem
1322 1799 1511 1834 maximam
1544 1801 1580 1832 et
1605 1796 1649 1832 ob
1674 1796 1710 1831 id
1737 1806 1879 1841 quoque
1909 1795 2066 1840 reliquas

270 1857 508 1897 intermedias,
535 1857 672 1892 diutina
696 1861 895 1900 temporum
922 1857 1012 1891 serie
1038 1857 1081 1891 ab
1108 1857 1303 1892 artificibus
1327 1861 1548 1901 compertum
1576 1860 1650 1900 est3
1676 1855 1809 1890 idcirco
1834 1855 1924 1890 haec
1941 1857 2066 1888 nostra

272 1916 393 1951 tabula
411 1915 623 1950 universalis
641 1925 720 1950 esse
737 1916 872 1959 nequit,
898 1915 959 1949 sed
978 1915 1061 1949 huic
1079 1915 1206 1950 saltem
1232 1915 1353 1950 seculo
1373 1915 1555 1950 commode
1573 1915 1755 1949 inserviet.
1790 1915 1843 1950 De
1860 1914 1930 1948 hac
1947 1917 2067 1947 autem

272 1974 485 2018 mutatione,
513 1973 690 2017 quomodo
707 1972 751 2007 ad
777 1972 845 2006 alia
862 1977 968 2017 atque
990 1971 1060 2007 alia
1078 1973 1199 2008 secula
1226 1972 1354 2008 salvari
1380 1973 1511 2017 possit,
1539 1972 1623 2007 alibi
1650 1972 1806 2016 (volente
1831 1972 1925 2016 Deo)
1952 1982 2067 2006 meam

274 2032 500 2075 expositurus
527 2041 604 2065 sum
631 2030 864 2076 sententiam3
899 2032 1085 2076 Copernici
1111 2032 1286 2076 siquidem
1312 2032 1452 2067 subtilis
1480 2031 1675 2076 speculatio
1701 2032 1760 2065 vix
1784 2024 1845 2065 hic'
1869 2030 2066 2065 consistere

274 2090 439 2124 valebit.“
479 2089 569 2132 (Cfr.
597 2089 666 2123 vol.
693 2089 755 2123 VI.
781 2100 813 2132 p.
840 2090 939 2133 521.)
990 2090 1046 2124 Ex
1072 2090 1309 2135 parallaxium
1341 2090 1466 2124 tabula
1498 2093 1684 2133 computat
1716 2089 1839 2133 Tycho
1874 2088 2067 2124 distantias

275 2149 367 2183 Solis
394 2159 414 2183 a
440 2148 550 2182 Terra
577 2147 621 2180 ad
647 2147 773 2191 quinos
800 2148 931 2191 gradus
959 2147 1148 2182 distantiae
1175 2148 1267 2183 Solis
1293 2149 1337 2183 ab
1364 2158 1535 2193 apogaeo,
1564 2157 1651 2191 quas
1680 2146 1868 2181 distantias
1888 2145 2066 2190 Keplerus

274 2208 398 2243 nimias
426 2218 504 2243 esse
530 2207 724 2251 contendit,
752 2217 830 2241 cum
849 2206 972 2251 Tycho
999 2210 1158 2240 assumat
1174 2204 1375 2250 parallaxin
1393 2205 1534 2239 nimiam
1559 2215 1709 2249 eamque
1728 2208 1865 2253 statuat
1882 2204 1913 2239 3¹
1943 2203 2067 2247 „quasi

273 2266 553 2300 demonstratam
578 2276 622 2300 ex
641 2264 869 2309 eclipsibus“.
913 2264 1011 2298 Idem
1029 2264 1208 2308 Keplerus
1235 2263 1457 2298 demonstrat
1473 2263 1508 2297 in
1528 2263 1726 2298 Comment.
1747 2261 1790 2297 de
1809 2266 1908 2296 motu
1925 2262 2065 2303 Martis,

275 2323 529 2358 dimidiandam
556 2333 635 2358 esse
661 2323 842 2367 Tychonis
879 2322 1180 2357 eccentricitatem
1207 2322 1331 2366 (3584,
1364 2331 1468 2366 quam
1503 2320 1664 2356 extendit
1696 2320 1740 2354 ad
1766 2321 1874 2364 3600)
1911 2320 2066 2364 indeque

276 2383 420 2418 deducit
446 2382 633 2416 distantias
661 2381 754 2415 Solis
781 2392 801 2414 a
827 2381 938 2415 Terra
963 2381 1071 2425 alias,
1107 2392 1213 2425 quam
1239 2380 1419 2425 Tychonis
1445 2379 1569 2414 tabula
1595 2378 1753 2413 exhibet.
1792 2378 1876 2422 (Cfr.
1904 2378 1973 2412 vol.
2001 2378 2065 2412 111.

272 2452 308 2484 p.
327 2440 395 2476 295
413 2450 443 2474 s.
469 2444 504 2473 et
522 2439 610 2474 Tab.
630 2438 721 2473 Rud.
740 2450 776 2483 p.
796 2438 865 2482 44.)
907 2438 961 2472 Dc
981 2439 1098 2473 causis
1116 2438 1229 2473 falsae
1245 2438 1440 2483 parallaxis
1459 2437 1687 2482 Tychonicae
1712 2436 1895 2481 relegatur
1912 2435 1981 2471 vol.
2001 2435 2065 2470 ΙΙΙ.

274 2509 308 2542 p.
335 2498 405 2534 219
431 2508 460 2533 S.
486 2501 522 2531 et
548 2497 613 2531 474
641 2507 669 2531 s.

413 2555 551 2599 Quibus
578 2554 623 2589 de
649 2554 733 2589 Sole
760 2553 1071 2598 disquisitionibus
1098 2553 1270 2589 absolutis
1296 2554 1461 2588 Lunam
1486 2553 1609 2598 Tycho
1635 2552 1723 2587 adit.
1771 2552 1829 2586 Ex
1854 2551 2066 2596 paginarum

275 2613 532 2656 significatione
557 2614 703 2648 turbata
729 2616 764 2647 et
788 2612 922 2656 passim
949 2611 1219 2648 occurrentibus
1246 2611 1402 2646 auctoris
1428 2611 1590 2652 monitis,
1622 2611 1715 2646 sicut
1740 2621 1783 2644 ex
1812 2610 2064 2655 „Appendice“

275 2682 295 2705 a
319 2671 474 2716 Keplero
501 2670 713 2705 concinnata
740 2670 819 2713 (scfr.
847 2670 916 2706 vol.
942 2670 1002 2705 VI.
1028 2682 1064 2714 p.
1092 2671 1160 2706 508
1186 2669 1231 2715 s.)
1256 2673 1426 2714 apparet,
1462 2669 1555 2704 hanc
1587 2668 1631 2703 de
1655 2670 1780 2704 Lunae
1812 2668 1968 2703 motibus
1994 2667 2066 2702 dis-

275 2730 501 2773 quisitionem
525 2732 609 2773 post
634 2728 837 2763 absolutum
865 2739 955 2772 opus
980 2728 1151 2763 insertam
1188 2737 1276 2762 esse.
1327 2727 1551 2762 Praemissus
1578 2732 1633 2761 est
1657 2727 1842 2770 catalogus
1868 2725 2066 2774 eclipsium‚

275 2788 319 2821 ab
337 2797 429 2821 anno
450 2788 538 2822 1573
557 2786 601 2821 ad
619 2797 752 2821 annum
771 2787 861 2823 1600
879 2786 1157 2831 observatarum‚
1177 2786 1215 2819 21
1238 2786 1374 2829 Lunae,
1401 2786 1421 2821 9
1440 2786 1545 2830 Solis,
1576 2785 1726 2829 „quibus
1743 2783 1879 2819 lunaris
1898 2782 2066 2817 motionis

275 2845 366 2879 ratio
392 2846 518 2889 majori
545 2856 588 2879 ex
606 2850 709 2890 parte
729 2850 764 2880 et
782 2844 900 2888 quoad
917 2843 1171 2889 principaliora
1188 2843 1388 2879 innititur“.
1428 2845 1527 2879 Haec
1545 2843 1708 2888 sequitur
1724 2842 1936 2887 Explicatio
1953 2840 2068 2887 hypo-

275 2903 412 2938 theseos
437 2903 567 2938 Lunae
590 2904 872 2949 redintegratae.

413 2960 487 3001 „Sit
511 2961 543 2995 A
568 2961 695 3001 Terra⁷
730 2967 890 2996 centrum
916 2962 1091 3006 universi3
1128 2964 1286 2996 assumto
1312 2961 1341 2995 B
1367 2963 1490 2995 centro
1516 2961 1619 2994 extra
1644 2958 1808 3001 Terram,
1843 2956 2066 2992 describatur

276 3027 320 3052 ex
347 3027 387 3051 eo
414 3019 566 3053 circulus
592 3030 720 3063 parvus
745 3031 810 3064 per
835 3020 968 3054 Terrae
992 3019 1106 3064 ipsius
1131 3024 1293 3054 centrum
1319 3019 1361 3060 A,
1387 3019 1424 3052 in
1450 3029 1520 3062 quo
1547 3022 1708 3053 centrum
1732 3015 1921 3051 eccentrici
1938 3014 2066 3058 FPQR

276 3079 460 3110 moveatur
489 3077 557 3117 ita,
587 3077 685 3111 utin
717 3077 874 3121 qualibet
900 3080 947 3114 0‘
981 3085 1017 3113 et
1046 3079 1093 3111 σθ
1123 3088 1206 3112 vera
1242 3078 1288 3112 sit
1319 3077 1354 3110 in
1380 3077 1421 3119 A,
1455 3075 1540 3110 hinc
1571 3073 1742 3110 ascendat
1774 3073 1819 3108 ad
1846 3073 2064 3118 duplicatam

276 3133 538 3178 elongationem
562 3135 688 3170 Lunae
714 3146 735 3170 a
759 3145 843 3171 vero
868 3136 948 3172 loco
975 3137 1087 3182 Solis,
1113 3133 1433 3181 prosthaphaeresi
1459 3133 1654 3179 epicyclica
1679 3135 1841 3169 correcta
1865 3142 1930 3178 per
1955 3132 1999 3178 D,
2025 3136 2066 3168 ut
