2126 3388
188 174 274 218 830
863 177 946 212 Vita
971 177 995 212 J
997 177 1121 214 oannis
1147 179 1308 224 Kepleri.

189 291 316 326 stellae
340 291 487 325 Veneris
520 291 749 327 restituendis
785 302 930 337 operam
961 293 1182 331 insumsisse.
1234 294 1385 330 Ursinus
1420 305 1567 340 operam
1600 298 1744 332 navavit
1768 298 1804 333 in
1837 310 1981 343 compu-

187 349 306 383 tandis
338 349 560 392 planetarum
592 350 758 386 motibus.
810 352 1000 387 Excusans
1027 361 1082 394 se,
1119 352 1215 396 quod
1247 363 1319 387 non
1351 354 1579 398 responderit
1610 356 1656 390 ad
1688 356 1808 391 literas
1833 357 1982 401 Kepleri

190 407 406 451 „prolixas“,
436 406 546 441 refert
570 418 692 443 mense
717 409 866 453 Martio,
903 415 1135 454 exspectasse
1169 422 1206 446 se
1232 411 1577 448 hactenus'frustra
1609 414 1750 449 tabulas
1776 414 1921 458 Kepleri
1947 419 1982 449 et

187 465 326 500 interim
353 474 390 499 se
417 470 452 499 et
478 465 671 510 discipulos
707 477 791 502 suos
817 468 1024 503 exercuisse
1057 468 1094 503 in
1119 469 1272 505 calculo.
1323 470 1438 513 Aprili
1464 475 1614 516 accepta
1639 482 1660 506 a
1685 472 1841 516 Keplero
1873 473 1982 508 refert

186 523 314 567 quibus
340 523 534 567 indiguerit
558 528 594 558 et
617 525 804 569 promittit,
829 525 1018 561 missurum
1045 537 1083 562 se
1107 527 1202 562 intra
1219 538 1377 562 mensem
1399 528 1581 570 „lunaria“
1606 530 1733 574 omnia,
1762 540 1853 574 quae
1870 541 1980 575 penes

184 582 299 624 ipsum
325 581 413 623 sint,
439 580 612 616 nonnulla
637 582 742 616 etiam
768 583 811 618 de
835 583 1001 629 reliquis,
1034 585 1133 620 brevi
1157 590 1320 631 tempore
1353 592 1389 621 et
1417 588 1590 629 „Martem
1617 588 1845 633 expeditum“
1873 589 1981 624 tradi-

185 644 321 682 turum3
352 639 514 680 „tabulas
541 640 670 684 anguli,
698 651 786 685 quas
814 643 1008 687 desideras,
1035 644 1220 689 accipe...
1243 673 1251 682 .
1272 673 1279 679 .
1303 647 1376 688 ,De
1397 645 1534 689 judicio
1554 647 1771 682 solidissimo
1797 651 1981 682 0111101111-

183 696 272 730 rimo
298 701 360 731 tuo
388 708 495 742 super
519 709 557 733 re
582 699 866 743 praedestinaria
890 702 993 738 valde
1019 703 1105 737 mihi
1130 704 1326 748 gratulor“.
1374 705 1428 739 De
1456 705 1563 740 rebus
1590 705 1738 750 Kepleri
1765 706 1981 750 pecuniariis

184 755 272 788 haec
308 755 436 790 suadet
462 756 612 792 Ursinus
648 758 695 802 (in
728 759 839 795 literis
867 761 900 796 (1.
928 762 961 797 d.
988 763 1194 806 20.‚Nov.):
1235 763 1293 804 „Si
1321 763 1390 797 tuis
1423 763 1530 798 rebus
1566 764 1767 799 consultum
1802 765 1873 809 vis,
1909 775 1981 798 non

183 817 287 857 potes
313 814 449 848 meliori
476 816 680 858 occasione,
717 828 823 861 quam
848 819 877 853 si
905 819 1076 855 Viennam
1109 821 1177 855 cito
1204 821 1308 855 citius
1335 825 1370 855 te
1395 821 1565 865 recipias,
1602 822 1663 857 ubi
1689 822 1795 857 simul
1821 823 1980 857 invenies

182 871 224 904 D.
252 871 462 916 Scultetum,
487 873 729 917 Burghusium
756 881 791 910 et
816 877 855 911 G.
886 877 1129 922 Rodulphum,
1157 879 1381 923 capitaneum
1409 879 1561 914 ducatus
1581 880 1841 924 Glogoviensis.
1886 881 1979 924 Quo-

182 940 259 963 rum
285 930 321 963 in
346 932 550 974 praesentia
582 944 652 968 non
678 934 822 980 dubito,
859 937 945 980 quin
977 940 1057 971 tuas
1091 947 1148 971 res
1174 937 1300 971 melius
1332 947 1439 981 quam
1471 949 1628 982 unquam
1661 944 1744 974 ante
1769 948 1980 983 promovere

182 987 351 1031 poteris“
402 989 480 1024 Hac
514 989 606 1025 forte
632 991 874 1028 admonitione
904 998 1022 1029 motus
1048 994 1225 1038 Keplerus
1259 994 1348 1028 adiit
1380 1004 1547 1038 proceres
1572 996 1785 1039 Lincianos,
1821 995 1881 1041 qui
1914 1006 1979 1040 pro

182 1045 260 1089 ipso
285 1046 567 1084 intercesserunt
592 1050 688 1094 apud
714 1051 970 1095 Bulghusium
998 1052 1083 1095 (Cfr.
1110 1052 1171 1087 IV.
1197 1064 1233 1097 p
1260 1053 1354 1096 521.)

321 1104 461 1151 Studia,
496 1118 587 1151 quae
622 1108 690 1143 hoc
715 1119 808 1144 anno
831 1110 1014 1154 Keplerus
1039 1110 1205 1144 insumsit
1229 1110 1486 1154 astronomica,
1522 1111 1643 1145 insunt
1669 1111 1738 1146 vol.
1763 1112 1860 1147 XIII.
1887 1113 1976 1147 Mss.

187 1161 492 1199 Pulkoviensium.
542 1166 853 1210 Deprehendimus
885 1168 943 1202 1110
969 1168 1165 1212 Keplerum
1197 1168 1436 1211 inquirentem
1466 1178 1587 1203 mense
1619 1170 1793 1204 Januario
1828 1169 1975 1211 „funda-

184 1225 304 1255 menta
329 1220 555 1256 harmonica“
587 1224 638 1267 (V.
666 1225 706 1259 71
737 1226 814 1269 ss),
850 1236 915 1270 per
948 1225 1107 1269 integros
1133 1236 1274 1260 menses
1301 1226 1448 1260 ι1110111111
1473 1231 1508 1261 01
1534 1226 1668 1261 Julium
1700 1232 1914 1271 occupatum
1939 1228 1976 1262 in

181 1277 320 1313 theoria
339 1279 500 1322 Veneris,
526 1281 749 1317 restituenda
775 1293 819 1317 ex
846 1283 1156 1318 observationibus
1174 1283 1382 1318 Braheanis.
1417 1284 1591 1320 'Calculos
1617 1296 1701 1320 suos
1728 1290 1830 1320 extra
1854 1285 1977 1320 urbem

180 1335 379 1372 instituisse
405 1338 554 1382 videtur,
581 1350 660 1374 cum
686 1341 722 1375 in
746 1341 816 1375 fine
842 1341 1020 1385 foliorum,
1048 1352 1138 1386 quae
1164 1341 1230 1376 1103
1257 1341 1413 1377 calculos
1439 1342 1613 1387 referunt,
1641 1343 1812 1378 schedula
1837 1343 1979 1386 adjecta

180 1394 268 1429 haec
294 1395 445 1431 habeat:
483 1398 573 1439 „Ein
607 1403 730 1442 gutten
757 1400 841 1443 Tag.
890 1401 979 1434 XVas
1001 1400 1036 1443 jr
1062 1401 1126 1434 mit
1159 1401 1221 1434 des
1247 1401 1358 1434 Mairs
1389 1400 1530 1444 pueben
1564 1401 1880 1445 herausschicket,
1914 1402 1977 1437 das

179 1454 274 1488 werd
299 1454 362 1488 Ich
389 1465 491 1490 essen
527 1456 596 1490 vnd
622 1457 804 1502 trincken;
838 1457 905 1491 wol
938 1458 1007 1491 hab
1034 1458 1095 1492 Ich
1127 1459 1220 1492 noch
1245 1458 1386 1500 Begehr
1423 1458 1490 1493 den
1523 1458 1670 1502 vorigen
1695 1459 1814 1495 Wein.
1863 1460 1976 1494 Wans

179 1511 398 1556 nachmittag
431 1514 543 1549 3011ὂο
573 1518 684 1558 ware,
720 1516 862 1549 10601110
895 1514 958 1549 der
993 1515 1180 1550 Sebastian
1212 1518 1281 1561 bey
1314 1516 1432 1551 Herrn
1463 1515 1551 1550 Karl
1578 1516 1732 1560 ι16181010
1762 1517 1831 1552 vnd
1858 1518 1976 1552 Herrn

178 1568 420 1605 Hochfeldern
447 1571 630 1616 anzaigen,
657 1573 719 1607 das
745 1573 808 1607 Ich
834 1573 1045 1608 hieraussen
1063 1577 1190 1610 warw
1229 1574 1327 1617 Quae
1354 1574 1409 1607 his
1438 1574 1481 1609 de
1498 1575 1639 1609 Venere
1666 1574 1976 1619 disquisitionibus

176 1628 396 1670 praecedunt
420 1629 456 1663 in
483 1629 577 1664 dicto
602 1631 800 1677 volumine,
828 1632 919 1666 sicut
945 1632 1050 1667 etiam
1076 1632 1204 1666 similia
1230 1631 1273 1666 de
1299 1631 1455 1675 planetis
1494 1633 1634 1678 ceteris,
1660 1633 1842 1677 prioribus
1868 1633 1972 1668 annis

178 1686 383 1730 conscripta
409 1693 491 1722 sunt
518 1688 595 1731 [cfr.
622 1687 692 1723 vol.
718 1689 761 1724 V.
786 1701 821 1733 p.
849 1690 904 1734 6),
938 1690 1076 1734 reliqua
1107 1691 1236 1735 partim
1263 1700 1356 1724 anno
1386 1689 1493 1734 1616,
1530 1690 1661 1734 partim
1694 1691 1796 1725 annis
1826 1691 1913 1726 1622
1938 1694 1975 1725 et

176 1743 267 1778 1624
293 1743 485 1789 elaborata,
513 1746 640 1789 quibus
666 1747 779 1790 major
802 1758 885 1791 pars
912 1749 1111 1783 studiorum
1137 1748 1295 1793 priorum
1322 1749 1524 1794 corrigitur.
1552 1769 1595 1774 —

314 1803 478 1846 (Kepleri
504 1803 684 1847 ingenium
710 1805 859 1840 laudans
886 1807 957 1841 tale
976 1806 1145 1841 describit
1163 1807 1308 1851 quidam
1326 1807 1492 1842 Valesius
1512 1808 1652 1850 (mense
1670 1806 1852 1851 Augusto)
1878 1806 1975 1841 illius

173 1870 324 1903 corpus.
350 1861 474 1895 Mirari
497 1861 660 1906 profecto
686 1873 823 1898 mecum
849 1875 919 1899 non
946 1865 1031 1900 satis
1058 1875 1162 1910 queo,
1190 1866 1335 1909 quinam
1360 1865 1395 1900 in
1421 1865 1561 1900 tantillo
1589 1865 1805 1910 corpusculo
1832 1869 1974 1900 tantum

177 1917 312 1951 solidae
338 1919 548 1955 eruditionis
576 1926 644 1958 010
671 1921 814 1967 lateat)

313 1978 417 2020 1615.
451 1981 659 2020 Revolu'tio
683 1986 785 2023 anni.
829 1984 941 2022 Edidi
969 1984 1280 2023 Stereometriam
1314 1990 1350 2023 et
1382 1984 1579 2034 §.Diessfuufh
1630 1982 1738 2024 Nata
1769 1983 1862 2021 mihi
1893 1983 1972 2021 filia

175 2035 422 2086 Malwgaletha
445 2039 594 2089 Regina
617 2041 651 2078 d.
704 2042 929 2081 .Januarii
982 2044 1212 2092 Baptisata.
1267 2044 1476 2082 Patrimi:
1503 2045 1599 2093 Fre)
1606 2043 1691 2081 11011
1709 2054 1784 2080 von
1801 2042 1972 2080 3101010-

176 2095 285 2143 berg,
328 2096 469 2136 Fraule
511 2111 587 2136 von
618 2099 884 2150 Staremberg,
930 2101 997 2139 hat
1034 2102 1258 2151 geschickht
1298 2101 1359 2140 die
1399 2103 1510 2140 Fraw
1552 2102 1601 2139 D.
1635 2100 1845 2139 Moruscha
1883 2101 1971 2149 geb-

181 2152 434 2204 Vogelsberg

311 2212 483 2263 Recepto
505 2215 636 2254 libello
659 2218 919 2266 manuscripto
952 2220 1264 2264 (Stereometriae)
1288 2212 1489 2256 consilium
1513 2218 1610 2267 cepi,
1626 2217 1801 2255 libellum
1833 2226 1972 2265 quam-

177 2270 235 2306 vis
267 2270 304 2306 in
336 2283 476 2321 magna
508 2285 707 2323 operarum
740 2277 900 2325 penuria
932 2271 1145 2315 excud'endi
1178 2276 1294 2316 domi.

314 2336 355 2371 In
381 2338 542 2382 epistolis
568 2340 638 2376 hoc
663 2352 756 2375 anno
783 2341 827 2375 ad
852 2343 880 2376 B
896 2352 1187 2387 erneggerum
1224 2342 1316 2377 datis
1343 2341 1452 2377 refert
1478 2341 1666 2386 Keplerus,
1684 2331 1820 2385 ¹urgere
1846 2341 1970 2376 editio-

176 2405 255 2429 nem
283 2395 533 2432 Commentarii
558 2400 747 2444 Porphyrii
771 2400 807 2434 in
833 2400 1048 2435 Harmonica
1073 2400 1269 2435 Ptolemaei
1296 2401 1536 2444 Herwartum,
1575 2400 1635 2443 qui
1662 2399 1845 2444 exemplar
1871 2409 1970 2443 grae-

176 2464 254 2488 cum
275 2453 343 2488 sibi
362 2457 647 2499 commodaverit,
675 2458 770 2501 quod
790 2457 930 2492 desinat
947 2457 982 2491 in
1001 2459 1119 2502 capite
1137 2458 1170 2494 2.
1196 2458 1277 2492 libri
1295 2459 1352 2499 IL,
1377 2459 1468 2503 petit
1492 2462 1531 2492 ut
1550 2459 1800 2501 Benneggerus
1819 2461 1968 2500 quaerat

174 2511 209 2545 in
226 2511 442 2548 bibliotheca
460 2515 725 2560 Dasypodiana,
752 2527 836 2550 num
861 2516 910 2551 ibi
937 2521 1055 2550 exstet
1081 2516 1274 2560 exemplar,
1302 2521 1337 2551 01
1354 2516 1521 2560 inquirat,
1549 2526 1618 2559 quo
1646 2525 1761 2558 usque
1786 2515 1968 2549 continue-

175 2574 244 2615 tur,
270 2570 398 2614 quibus
425 2572 540 2608 addit:
580 2584 665 2618 „ego
691 2584 756 2618 per
781 2575 848 2609 Dei
873 2574 1023 2617 gratiam
1060 2574 1146 2609 satis
1183 2574 1366 2609 commode
1400 2574 1523 2618 dego“.
1574 2575 1604 2607 A
1629 2574 1855 2616 Berneggero
1881 2583 1969 2607 nun-

175 2627 301 2673 ciante,
328 2629 421 2664 idem
447 2631 630 2666 continere
647 2632 939 2677 Dasypodianum
966 2632 1150 2675 exemplar
1174 2632 1269 2676 quod
1297 2643 1410 2673 suum,
1435 2631 1545 2676 paulo
1564 2636 1647 2676 post
1672 2631 1762 2675 petit
1778 2630 1968 2675 Keplerus,

174 2690 213 2719 ut
238 2686 496 2732 Heidelbergae
526 2689 702 2734 inquirat,
741 2695 775 2724 et
801 2690 830 2724 si
855 2701 898 2725 ex
927 2690 1242 2734 „Heidelbergensi
1274 2691 1450 2735 patuerit,
1488 2689 1638 2724 ulterius
1673 2689 1922 2724 continuatum
1947 2698 1967 2722 a

174 2742 372 2788 Porphyrio
400 2747 711 2790 commentarium,
744 2752 829 2783 tunc
855 2748 1017 2783 omnibus
1044 2748 1157 2782 modis
1183 2753 1283 2793 peto,
1316 2753 1356 2783 111
1382 2748 1476 2792 quod
1508 2747 1593 2781 mihi
1627 2748 1728 2782 deest
1759 2745 1964 2790 suppleas“.

175 2801 438 2848 Berneggerus,
475 2805 750 2849 Heidelbergam
775 2805 975 2849 profectus,
1010 2812 1050 2841 ut
1077 2807 1259 2850 exemplar
1285 2806 1477 2849 corrigeret
1501 2806 1558 2840 vel
1583 2805 1784 2850 suppleret,
1821 2814 1894 2838 rem
1921 2803 1967 2838 ad

175 2865 297 2904 typum
324 2867 486 2905 paratam
512 2873 591 2897 esse
619 2863 757 2898 censuit
776 2868 811 2898 01
830 2865 1114 2909 „typographum
1134 2864 1338 2900 conduxit“.
1374 2864 1429 2898 Ad
1449 2863 1537 2898 haec
1555 2864 1751 2908 Keplerus:
1784 2860 1865 2907 Ego
1888 2871 1965 2897 non

175 2930 259 2956 sum
291 2924 393 2957 totus
425 2921 500 2958 mei
531 2921 690 2971 arbitrii,
721 2920 866 2958 multae
898 2922 1013 2958 etiam
1046 2932 1173 2958 morae
1206 2927 1487 2969 111-(1010130001
1510 2921 1635 2958 solent
1667 2917 1843 2965 interjici,
1877 2918 1965 2967 pol-

174 2976 277 3014 liceri
311 2978 355 3016 de
387 2983 557 3027 tempore
590 2979 684 3015 nihil
715 2990 885 3027 possum.
928 2978 1144 3028 Exemplar,
1179 2991 1254 3027 quo
1287 2984 1384 3024 utor,
1417 2978 1606 3016 Hei-warti
1635 2981 1703 3023 est,
1736 2977 1817 3013 sine
1855 2976 1963 3024 eujus

179 3045 363 3072 consensu
396 3037 519 3074 facere
552 3036 647 3074 nihil
678 3047 848 3086 possum.
910 3036 978 3074 Ille
1013 3048 1102 3075 vero
1135 3048 1205 3073 sua
1235 3036 1334 3073 solet
1366 3036 1553 3074 excudere
1586 3035 1646 3072 vel
1671 3034 1870 3071 Monachii
1903 3033 1964 3071 vel

177 3093 387 3142 Augustae.
449 3096 513 3134 Sic
544 3097 669 3133 tamen
709 3093 985 3132 commendasti
1029 3100 1135 3132 tuum
1167 3094 1471 3144 typographum,
1512 3099 1553 3130 ut
1583 3092 1838 3129 laborandum
1869 3091 1963 3128 mihi

178 3161 364 3200 censeam,
396 3157 438 3191 ut
469 3153 550 3202 ejus
583 3165 698 3202 opera
729 3164 854 3202 aequo
878 3152 1078 3191 Herwarto
1110 3153 1302 3202 possimus
1334 3153 1401 3200 uti,
1435 3152 1580 3200 eritque
1611 3150 1705 3188 mibi
1727 3151 1824 3189 inter
1844 3161 1962 3200 argu—
