2157 3398
219 167 303 214 652
629 167 865 205 Summarium
889 168 1072 206 Historiae
1094 169 1347 206 Astronomiae
1371 168 1494 207 seculo
1518 170 1615 207 XVI.

220 285 324 321 nibus
348 286 569 331 praemissis,
605 286 666 330 qui
697 286 743 321 ad
767 289 918 321 mortem
949 296 1064 330 usque
1088 286 1274 332 (magister
1306 287 1482 332 discipulo
1514 291 1699 332 superstes
1725 287 1804 332 fuit)
1842 288 2012 324 continuo

221 343 295 378 fere
321 343 502 379 literarum
534 342 744 378 commercio
781 354 862 378 cum
888 354 929 378 eo
967 343 1183 387 conjunctus
1217 344 1304 388 fuit,
1336 344 1433 389 quod
1457 345 1641 379 Maestlini
1665 349 1805 380 tantum
1831 346 2013 381 anxietate

220 402 459 447 interruptum
483 406 538 437 est
563 406 599 436 et
625 411 677 446 e0,
704 402 801 446 quod
820 401 967 446 Kepleri
991 403 1037 437 ad
1062 401 1190 437 altiora
1219 403 1387 438 enitentis
1414 413 1521 438 sensa
1545 402 1661 438 minus
1679 402 1868 448 minusque
1895 404 2011 439 animo

219 461 420 505 perceperit
444 460 670 495 Maestlinus.
713 460 798 504 (Cfr.
824 461 892 495 vol.
917 461 962 495 II.
990 462 1046 496 13.
1074 461 1129 496 15.
1155 462 1219 495 III.
1248 462 1315 505 56.)

356 518 499 561 Insigne
525 517 665 552 exstitit
688 517 871 552 Maestlini
897 518 1053 554 studium
1077 519 1113 553 111
1139 519 1380 565 oppugnando
1407 529 1498 555 novo
1526 518 1745 564 calendario,
1780 519 1912 554 multas
1938 524 2013 555 tum

221 576 318 611 rixas
352 583 388 611 et
414 576 694 620 disceptationes
730 577 945 612 concitante.
990 579 1072 620 (Cir,
1100 581 1166 612 vol.
1192 581 1248 613 1V.
1275 591 1310 622 p.
1336 583 1357 612 4
1383 579 1444 622 55.)
1495 578 1595 622 Quae
1631 578 1872 624 Gregorianae
1902 579 2012 614 refor-

219 633 365 668 mationi
391 633 680 677 opponebantur,
714 634 869 669 maxima
902 644 946 669 ex
972 640 1074 679 parte
1100 647 1121 671 a
1145 637 1339 672 Maestlino
1378 636 1660 683 (Notlzwendiqe
1695 638 1772 673 und
1801 638 2013 683 yrizndliche

219 691 431 727 Bedencken
455 702 527 727 von
557 692 637 727 dem
667 694 808 729 vralten
839 694 1042 732 romiseken
1069 695 1277 739 Οαῖεηᾱεν),
1303 699 1571 740 propugnatore
1594 695 1904 740 Lutheranorum,
1931 706 2012 740 pro-

218 749 353 794 posita,
392 749 481 785 haec
514 751 591 786 fere
622 757 722 786 sunt:
762 754 791 793 1)
818 753 970 788 Errores
997 753 1200 788 Calendarii
1226 754 1360 789 Juliani
1399 754 1517 796 „seien
1549 753 1715 789 allesamt
1747 755 1926 789 entweder
1951 754 2014 788 der

219 805 298 840 Red
323 806 422 842 nicht
447 809 576 853 werth,
612 808 695 845 dass
725 820 808 845 man
841 810 938 845 ihrer
962 811 1091 846 achten
1125 812 1250 856 sollte,
1287 812 1374 848 oder
1409 812 1495 848 aber
1520 823 1560 847 so
1586 823 1651 856 gar
1681 811 1782 847 nicht
1816 811 2012 856 schadlich‚

223 866 317 911 dass,
344 876 383 900 so
407 877 510 902 mans
535 867 718 903 aufheben
743 869 813 904 vnd
838 868 1050 904 verbessern
1074 870 1206 914 wollte,
1231 870 1352 906 wurde
1370 881 1452 905 man
1469 870 1563 906 allen
1583 871 1708 913 denen,
1734 880 1774 904 so
1792 870 1861 905 den
1879 869 2013 905 Kalen-

222 926 285 960 der
310 925 505 970 brauchen,
532 926 704 962 vielmehr
727 927 936 970 nothelffen,
964 928 1058 962 daun
1083 927 1303 964 forthelffen.
1352 929 1432 963 Vnd
1458 939 1496 964 es
1522 928 1569 963 ist
1594 928 1662 963 wol
1687 939 1732 963 zu
1757 928 1945 972 erachten,
1972 938 2011 963 es

220 984 336 1019 werde
368 984 432 1019 das
457 985 733 1028 Aequinoctium
764 987 1016 1022 nimmermehr
1050 988 1086 1022 in
1111 987 1346 1022 Februarium
1376 988 1586 1030 khommen‚
1621 987 1716 1023 dann
1749 987 1866 1022 dieses
1892 987 2014 1022 wurde

220 1053 283 1077 vor
311 1044 399 1079 1500
415 1043 525 1078 Jaren
551 1043 651 1079 nicht
675 1044 889 1089 geschehen‚
916 1047 1002 1081 aber
1027 1045 1089 1081 der
1108 1046 1263 1091 Jungste
1282 1046 1359 1090 Tag
1375 1046 1464 1082 wird
1490 1057 1528 1081 so
1554 1046 1639 1092 lang
1663 1046 1763 1081 nicht
1787 1045 2011 1082 verziehen.“

224 1102 261 1145 2)
287 1101 480 1137 Festorum
504 1102 740 1139 immobilium
765 1104 1059 1139 constitutionem
1085 1115 1156 1138 non
1181 1104 1272 1138 tanti
1299 1114 1378 1139 esse
1403 1105 1591 1145 momenti,
1617 1109 1658 1139 ut
1683 1103 1934 1140 Calendarium
1958 1113 2013 1138 re-

225 1159 414 1205 formetur;
449 1161 613 1206 quisnam
641 1163 735 1197 enim
760 1162 876 1207 possit
902 1163 1168 1207 demonstrare,
1206 1163 1387 1197 Christum
1414 1163 1469 1197 die
1495 1162 1551 1197 25.
1577 1163 1662 1197 Dec.
1689 1166 1813 1197 natum
1846 1171 1925 1196 esse
1951 1171 2015 1197 seu

227 1219 324 1253 eruci
348 1219 497 1254 affixum
523 1224 620 1255 certo
648 1221 728 1256 die?
779 1222 815 1263 3]
842 1222 883 1256 In
909 1231 1088 1266 suspenso
1115 1231 1206 1266 esse,
1233 1225 1353 1256 utrum
1378 1220 1510 1255 festum
1535 1219 1707 1264 paschale
1733 1224 1905 1264 sequatur
1922 1218 2015 1254 Solis

225 1288 271 1312 an
295 1278 421 1313 Lunae
450 1282 593 1314 statum.
643 1279 683 1323 4)
709 1280 898 1315 Rationem
923 1280 1170 1324 praecipuam,
1207 1289 1278 1322 qua
1310 1278 1398 1312 moti
1427 1276 1603 1322 pontificii
1637 1277 1879 1312 calendarium
1903 1275 2016 1312 velint

222 1337 472 1378 instauratum,
499 1347 579 1372 esse
603 1337 639 1372 in
657 1336 874 1381 missalibus,
900 1336 1099 1381 breviariis,
1125 1335 1408 1382 martyrologiis,
1435 1336 1485 1370 ita
1510 1335 1694 1378 institutis,
1719 1340 1761 1371 ut
1787 1347 1944 1380 congrua
1969 1336 2015 1372 ad

223 1400 364 1439 tempus
402 1395 543 1430 concilii
579 1396 712 1431 Niceae
749 1395 863 1430 habiti
904 1395 1167 1432 recentioribus
1212 1394 1437 1440 temporibus
1483 1405 1554 1429 11011
1592 1394 1746 1439 amplius
1783 1395 2017 1432 satisfaciant.

223 1455 255 1496 ὅ)
280 1453 382 1488 Α11110
420 1453 518 1490 1582.
545 1454 688 1489 comitia
725 1454 938 1489 Germanica
969 1454 1157 1497 Augustae
1190 1453 1296 1489 vind.
1329 1452 1454 1487 habita
1489 1452 1618 1497 fuisse,
1654 1463 1771 1497 neque
1803 1453 2016 1498 Gregorium

223 1512 329 1547 verbo
347 1513 510 1556 tetigisse
530 1512 724 1548 calendarii
741 1512 1044 1556 reformationem,
1063 1512 1166 1548 unde
1185 1511 1272 1547 satis
1292 1511 1443 1555 eluceat,
1470 1511 1538 1545 hac
1562 1511 1817 1546 reformatione
1843 1505 2017 1546 ecclesiae
2058 1537 2061 1540 -

223 1582 391 1606 romanae
417 1573 669 1607 auctoritatem
695 1572 861 1617 spectari.
912 1572 944 1614 6)
970 1571 1112 1605 Novum
1146 1569 1389 1605 calendarium
1424 1569 1513 1604 adeo
1547 1575 1686 1604 scatere
1720 1569 1878 1611 mendis,
1909 1574 1950 1606 ut
1975 1581 2017 1606 ea

224 1629 431 1674 depravatio
456 1630 589 1675 potius,
616 1640 723 1674 quam
750 1629 952 1665 emendatio
977 1629 1109 1664 veteris
1136 1628 1354 1664 nominanda
1380 1629 1437 1663 sit.
1488 1628 1582 1663 Usos
1608 1628 1739 1673 fuisse,
1767 1629 1827 1673 qui
1853 1629 2017 1664 calenda-

223 1690 313 1724 rium
337 1689 583 1731 instaurarint,
609 1688 742 1724 tabulis
769 1688 1020 1723 astronomicis
1047 1687 1166 1722 minus
1191 1686 1380 1732 accuratis,
1407 1686 1489 1721 anni
1516 1687 1753 1731 quantitatem
1778 1698 1849 1721 non
1868 1697 2018 1731 prorsus

223 1751 431 1782 accuratam
457 1757 537 1783 esse
563 1752 777 1791 assumtam,
812 1746 1120 1790 aequinoctiorum
1145 1745 1435 1789 praecessionem
1460 1745 1629 1788 mediam,
1663 1755 1735 1779 non
1760 1756 1898 1790 veram,
1926 1756 2018 1791 quae

223 1805 382 1840 debuerit
400 1805 572 1849 adhiberi,
598 1805 635 1839 in
656 1804 900 1840 lunationibus
925 1803 1089 1838 similiter
1106 1802 1282 1848 postulari
1307 1813 1410 1838 veros
1428 1808 1558 1846 motus,
1585 1814 1656 1837 non
1673 1803 1822 1839 medios,
1850 1804 2016 1849 „Darum‚

224 1863 323 1898 addit
346 1863 570 1906 Maestlinus,
595 1863 644 1898 ist
682 1873 719 1897 es
747 1862 804 1897 ein
828 1862 1042 1906 vnmoglich,
1069 1867 1202 1896 vnnutz
1228 1861 1299 1895 vnd
1324 1860 1581 1905 mangelhaftig
1599 1862 1694 1905 Ding
1718 1862 1781 1896 mit
1800 1862 1862 1897 der
1878 1861 2020 1907 Bapsti-

224 1922 333 1957 schen
359 1922 626 1962 Reformation‚
664 1922 758 1956 dann
792 1921 910 1956 dieses
936 1920 1055 1956 seindt
1081 1920 1299 1955 subtilitates
1325 1919 1619 1962 mathematicae,
1653 1919 1786 1954 welche
1812 1920 1929 1955 weder
1955 1919 2018 1955 der

223 1982 337 2025 Bapst
361 1980 455 2015 noch
476 1980 634 2024 jemants
664 1979 795 2014 anders
821 1979 899 2014 wirt
924 1980 959 2012 in
987 1978 1049 2014 das
1075 1978 1265 2023 politische
1289 1978 1380 2012 «13111-
1405 1978 1557 2023 bringeri
1582 1978 1760 2013 konnen.“
1804 1979 2018 2015 Maestlinus

222 2039 314 2074 redit
340 2038 385 2073 ad
409 2038 653 2073 calendarium
681 2048 812 2072 novum
837 2036 1118 2081 impugnandum
1151 2047 1244 2071 anno
1271 2037 1361 2072 1586
1396 2038 1577 2080 (Alterum
1609 2048 1761 2072 examen
1792 2038 1878 2082 novi
1897 2038 2020 2083 ponti—

223 2097 354 2140 ficialis
389 2096 606 2142 Greyoriani
638 2096 863 2139 Calendariz')
886 2095 961 2139 jam
986 2106 1134 2139 prorsus
1162 2106 1247 2130 usus
1273 2095 1471 2129 rationibus
1496 2095 1772 2130 mathematicis.
1816 2096 1901 2130 Tria
1918 2106 2021 2143 prae-

224 2155 328 2199 cipue
354 2160 478 2189 contra
503 2165 634 2189 novum
660 2154 901 2189 calendarium
930 2154 1099 2198 proponit
1125 2159 1160 2188 et
1184 2153 1346 2198 pluribus
1375 2163 1481 2197 quam
1498 2153 1618 2197 priore
1636 2153 1759 2187 libello
1786 2154 2021 2199 demonstrat,

223 2213 376 2257 tabulas,
403 2214 533 2257 quibus
560 2214 734 2248 innitatur
759 2224 891 2248 novum
916 2212 1171 2256 calendarium,
1198 2212 1309 2246 falsas
1336 2222 1433 2251 esse;
1469 2212 1726 2247 correctionem
1760 2213 1858 2246 aurei
1882 2212 2023 2247 numeri

223 2277 259 2306 et
285 2276 493 2316 epactarum
518 2283 589 2306 non
615 2282 718 2307 veros
745 2272 820 2306 dies
846 2270 1106 2306 noviluniorum
1131 2270 1303 2305 indicare.
1363 2270 1465 2314 „Cur,
1492 2269 1608 2313 iuquit
1633 2269 1861 2315 Maestlinus,
1888 2271 1934 2306 ad
1958 2271 2021 2305 im-

223 2329 394 2373 possibile
427 2334 462 2363 et
488 2328 618 2364 falsum
649 2340 739 2374 opus
764 2328 928 2374 pontifex
962 2334 1078 2364 totum
1123 2329 1245 2364 orbem
1278 2328 1511 2363 christianum
1544 2328 1757 2372 adstringit?
1801 2330 1850 2364 Et
1885 2330 1946 2374 qui
1970 2329 2021 2374 fit,

224 2392 263 2422 ut
288 2399 383 2433 papa
409 2387 524 2431 dicat,
560 2387 664 2432 quod
689 2388 725 2422 in
752 2398 816 2421 suo
843 2386 1046 2422 calendario
1074 2388 1190 2422 omnia
1217 2387 1397 2423 constanti
1421 2388 1560 2422 ratione
1587 2388 1637 2422 sic
1661 2388 1830 2423 restituta
1855 2387 1943 2432 sint,
1977 2399 2022 2423 ne

226 2446 291 2481 ulli
325 2457 482 2490 unquam
514 2446 704 2481 mutationi
735 2445 824 2481 fiant
859 2446 1013 2480 obnoxia
1025 2446 1062 2479 ‘3⁶⁴
1123 2446 1282 2489 Epactas
1318 2457 1338 2480 a
1363 2455 1446 2479 vero
1478 2445 1669 2481 abhorrere
1703 2445 1860 2481 ostendit
1890 2445 2023 2480 Maest-

223 2506 339 2549 linus,
372 2505 452 2540 illas
487 2515 629 2540 annexa
664 2504 790 2540 tabula
823 2504 868 2539 ad
893 2504 962 2540 200
987 2514 1102 2539 annos
1135 2503 1299 2547 digerens
1326 2509 1361 2539 et
1387 2509 1510 2549 aperte
1536 2505 1803 2548 demonstrans,
1829 2504 2021 2540 terminum

224 2562 432 2607 paschalem
466 2563 618 2598 deficere
644 2574 664 2598 a
689 2574 773 2598 vero
808 2563 864 2597 vel
897 2562 1071 2598 excedere
1106 2562 1259 2597 eundem
1291 2562 1352 2596 ubi
1382 2561 1574 2606 plurimum
1605 2574 1677 2597 11110
1714 2563 1787 2607 die,
1823 2561 2019 2607 aliquando

222 2621 341 2665 biduo,
370 2621 454 2665 quin
479 2621 586 2656 etiam
609 2621 788 2656 interdum
818 2624 894 2655 toto
913 2630 1047 2656 mense.
1085 2621 1237 2664 Propter
1256 2626 1461 2665 epactarum
1488 2631 1655 2657 numeros
1681 2621 1788 2657 toties
1815 2632 1836 2656 a
1860 2632 1943 2656 vero
1962 2621 2021 2656 ab·

225 2684 383 2714 errantes
408 2679 553 2714 tertium
577 2679 769 2724 irrepsisse
791 2679 842 2714 ait
859 2689 1029 2719 errorem,
1056 2679 1152 2723 quod
1171 2678 1349 2713 dominica
1374 2679 1554 2723 paschalis
1573 2691 1643 2715 non
1659 2690 1740 2714 raro
1766 2685 1963 2724 reponatur
1986 2680 2023 2716 in

226 2738 341 2782 ipsum
365 2738 601 2782 plenilunium
628 2743 752 2774 contra
789 2738 962 2774 ecclesiae
987 2738 1221 2782 praescripta,
1248 2749 1317 2782 quo
1344 2744 1469 2773 auctor
1487 2749 1525 2774 se
1543 2739 1670 2783 ipsum,
1697 2748 1827 2783 papam
1845 2742 1880 2772 et
1897 2748 2021 2773 omnes

227 2797 307 2830 novi
333 2797 525 2831 calendarii
549 2802 723 2842 patronos
757 2797 960 2831 haereticos
988 2796 1097 2831 faciat
1124 2801 1158 2830 et
1185 2795 1327 2839 efficiat,
1355 2802 1394 2831 ut
1419 2796 1601 2841 paschalis
1629 2796 1805 2831 dominica
1829 2805 1900 2829 non
1918 2794 2024 2830 modo

229 2854 408 2889 multoties
434 2855 468 2889 in
495 2860 713 2899 postremum
746 2855 875 2899 prioris
893 2854 978 2889 anni
998 2864 1155 2888 mensem
1173 2854 1367 2899 rejiciatur,
1395 2855 1458 2890 sed
1484 2855 1591 2889 etiam
1612 2859 1652 2889 ut
1668 2859 1750 2888 ante
1768 2854 1884 2897 ipsum
1903 2854 2024 2898 aequi-

231 2914 337 2947 noctii
363 2914 454 2949 diem
478 2915 698 2958 retrahatur,
728 2925 798 2959 quo
824 2913 918 2948 forte
945 2912 1132 2957 efficiatur,
1159 2918 1199 2947 ut
1222 2913 1258 2947 in
1284 2924 1354 2947 uno
1381 2924 1474 2948 anno
1493 2912 1546 2947 bis
1564 2912 1765 2948 celebretur
1780 2911 1917 2955 pascha
1935 2912 2023 2946 etin

231 2981 323 3005 anno
350 2982 431 3005 mox
457 2976 627 3015 sequente
655 2983 837 3017 nunquam
864 2971 1018 3006 omnino.
1064 2971 1226 3016 Denique
1250 2969 1463 3006 Maestlinus
1491 2971 1690 3013 contendit,
1722 2975 1907 3004 auctorem
1932 2970 2024 3006 bene

231 3027 371 3062 novisse
389 3028 471 3062 novi
497 3028 690 3062 calendarii
710 3039 861 3073 errores,
888 3030 933 3064 ob
951 3028 985 3062 id
1004 3029 1162 3063 nondum
1187 3029 1223 3063 in
1248 3028 1365 3063 lucem
1383 3028 1515 3064 editum
1542 3039 1621 3063 esse
1645 3027 1858 3072 promissum
1882 3027 1919 3062 in
1943 3028 2022 3072 ipso

230 3084 431 3120 calendario
446 3085 587 3128 librum,
607 3085 642 3119 in
658 3097 727 3130 quo
743 3087 911 3129 rationes,
930 3085 1162 3121 fundamenta
1178 3092 1212 3121 et
1225 3086 1444 3131 hypotheses
1463 3087 1498 3120 in
1513 3087 1582 3122 hac
1607 3085 1827 3121 correctione
1844 3091 2023 3121 assumtae

229 3145 266 3179 in
289 3142 443 3178 medium
473 3149 594 3178 essent
624 3143 829 3180 afferendae
839 3158 847 3190 3
876 3154 992 3191 quare
1016 3155 1147 3180 novum
1173 3144 1416 3181 calendarium
1441 3154 1513 3180 non
1530 3143 1704 3191 principio
1722 3144 1807 3179 anni
1834 3144 1933 3189 1582,
1960 3144 2023 3180 sed
