2126 3388
234 217 318 262 848
899 212 982 248 Vita
1004 210 1156 249 Joannis
1180 212 1341 259 Keplerr.

234 339 314 371 sent
337 332 542 369 venderent.
589 330 644 364 De
677 327 830 363 librariis
862 327 1009 363 nunciat
1040 328 1204 363 Crusius:
1238 328 1457 372 Argentinae
1483 327 1686 363 Calendarii
1717 329 1771 363 tui
1799 327 2020 373 exemplaria

232 392 357 438 procul
384 390 490 426 dubio
515 386 626 422 multa
648 391 798 431 possent
823 385 928 421 vendi
953 386 983 420 si
1008 386 1195 426 adessent,
1231 391 1266 421 et
1291 390 1436 420 nostros
1461 385 1678 431 bibliopolas
1704 386 1865 431 proxime
1889 386 2019 422 futuris

231 450 398 485 nundinis
424 449 624 481 coemturos
655 444 727 479 scio
759 448 795 479 et
820 443 1001 488 duplicato
1028 443 1143 488 pretio
1170 443 1229 478 hic
1254 444 1479 487 vendituros,
1513 444 1543 479 is
1576 444 1670 479 enim
1702 455 1826 479 eorum
1850 455 1947 489 mos,
1980 448 2020 478 ut

232 509 348 543 omnia
372 510 435 540 tua
460 503 591 548 scripta
625 502 760 538 cariora
785 501 1040 547 praetendant,
1079 511 1120 535 eo
1146 501 1242 546 quod
1267 501 1344 546 ipse
1369 501 1524 546 propriis
1556 502 1729 546 pleraque
1756 501 1933 537 sumtibus
1960 512 2019 536 ex-

233 564 313 600 cudi
336 573 452 598 cures.
480 582 522 587 —
546 560 832 596 Hebenstreitius
864 559 970 595 Ulma
1003 558 1130 604 refert,
1168 560 1212 595 50
1238 559 1459 604 exemplaria
1490 560 1773 604 Ephcmeridum
1799 559 2020 594 Tambachio

233 633 271 657 se
295 620 445 656 misisse.
497 618 658 663 „Ulmani
680 618 860 654 Mercurio
886 617 1070 652 nunciario
1097 627 1203 662 quam
1229 617 1389 652 literario
1414 617 1496 662 plus
1521 617 1653 662 favent,
1681 622 1717 653 et
1740 617 1929 652 incidimus
1954 626 2020 651 nos

232 681 267 715 iu
292 684 508 714 mercatores
534 689 597 713 seu
620 677 860 722 negotiatores
886 674 1051 710 librarios
1075 681 1241 710 monetae
1259 686 1331 710 non
1349 676 1517 721 optimae,
1543 676 1633 710 adeo
1659 681 1699 711 ut
1724 687 1809 711 cura
1833 685 1924 721 opus
1942 685 2020 710 esse

233 742 365 782 putem,
393 747 463 781 quo
488 747 552 781 pro
586 735 796 770 calendariis
833 733 1048 778 accipiamus
1081 734 1287 779 pecuniam3
1325 733 1461 777 aliquot
1494 739 1613 769 tamen
1641 734 1859 778 exemplaria
1883 733 2020 768 servavi

233 807 310 842 ego,
336 807 400 840 pro
426 796 553 841 quibus
581 794 676 839 quod
701 803 853 839 aequum
879 797 932 827 est
957 791 1162 826 numerabo.
1205 791 1346 826 Gratias
1373 792 1480 826 etiam
1506 792 1679 827 maximas
1706 801 1773 835 ago
1799 802 1865 835 pro
1890 802 2019 835 nuper—

232 854 321 889 rima.
352 853 612 899 Ephemcride3
648 853 782 887 utinam
816 851 1028 896 promissam
1060 849 1347 885 informationem
1379 849 1499 885 videre
1531 850 1666 895 possim
1700 856 1766 885 etc.
1813 850 1856 884 In
1887 848 2021 884 scheda

233 914 276 956 (s.
305 912 356 957 d.)
382 912 517 947 inserta
542 912 627 946 Mss.
652 908 758 944 Pulk.
788 909 960 952 legimus:
989 904 1091 943 Weil
1135 905 1194 942 ich
1238 905 1297 943 die
1336 905 1438 956 Kay.
1478 906 1704 955 Besoldung
1734 914 1791 943 'zu
1829 906 1925 942 Linz
1965 906 2021 940 nit

234 968 411 1018 gebaben
443 979 544 1016 mag,
577 966 654 1004 vnd
675 968 799 1004 meine
822 965 976 1003 Biicher
996 964 1122 1001 selber
1144 962 1323 1013 verlegen
1347 975 1487 1011 mucSS,
1519 965 1705 1003 w'ollches
1729 966 1839 1002 einen
1859 973 2019 1012 grosseti

237 1027 439 1064 Vnkosten
471 1025 664 1072 erfordert,
695 1024 753 1062 als
783 1023 938 1062 m‘ochte
968 1023 1040 1060 mir
1070 1021 1149 1058 auff
1177 1033 1285 1059 zwen
1308 1022 1432 1071 Wege
1466 1028 1584 1060 etwas
1627 1022 1822 1072 geholffen
1854 1020 2021 1067 werden,

243 1081 364 1138 1)mit
387 1083 659 1129 Confirmatiou
679 1084 822 1121 meines
838 1082 972 1119 hievor
987 1079 1184 1128 erlangten
1206 1079 1406 1129 Privilegii
1424 1081 1503 1118 vnd
1522 1081 1785 1130 Erlengerung
1817 1079 2021 1118 desselben

236 1143 319 1180 auff
355 1141 423 1180 das
455 1142 562 1180 Buch
595 1140 868 1192 Epllemerides
901 1138 1102 1187 (wollches
1141 1137 1318 1186 langsam
1358 1139 1544 1187 abgehet)
1584 1139 1666 1177 auff
1695 1144 1746 1177 30
1779 1138 1862 1177 Jar.
1923 1137 2021 1174 Item

238 1202 306 1239 das
337 1200 399 1238 ich
431 1202 498 1238 mit
530 1199 685 1238 solchen
715 1200 868 1237 melnen
890 1199 1053 1246 aigenen
1073 1196 1264 1243 Buchern,
1299 1196 1360 1234 die
1393 1197 1452 1235 ich
1481 1197 1661 1246 gemacht
1691 1197 1770 1235 vnd
1801 1195 2021 1245 aussgehen

237 1259 351 1304 lasse,
383 1270 468 1296 wan
500 1258 559 1296 ich
593 1259 647 1295 sie
678 1269 724 1295 an
755 1256 941 1306 gelegene
963 1254 1033 1293 Ort
1055 1253 1318 1301 verschickhe‚
1352 1254 1423 1293 den
1446 1255 1643 1303 gelehrten
1675 1256 1766 1293 vmb
1790 1256 1901 1294 einen
1921 1252 2020 1291 leid—

235 1317 361 1355 lichen
392 1317 583 1365 Psenning
614 1315 874 1353 mitzutheilen
909 1313 1016 1363 (weil
1047 1312 1265 1350 sonderlich
1295 1313 1394 1351 Irrer
1424 1313 1513 1351 Mtt.
1536 1314 1683 1352 Namen
1717 1312 1920 1352 hlei-durch
1951 1323 2022 1360 ge-

235 1376 320 1413 ehrt
353 1375 427 1412 vnd
461 1374 550 1413 dero
584 1374 667 1412 Lob
701 1375 904 1412 erweittcrt
934 1370 1060 1420 wiirt),
1093 1370 1252 1421 zollsrey
1285 1383 1380 1421 seyn
1411 1371 1585 1420 m'ochte,
1619 1372 1717 1410 doch
1750 1372 1818 1410 das
1849 1371 1912 1415 ich
1942 1369 2025 1407 auff

235 1433 492 1483 Erforderung
524 1432 701 1481 schuldig
731 1444 798 1482 sey
830 1443 876 1468 zu
911 1431 1127 1475 erweisseu,
1161 1429 1227 1467 das
1262 1430 1385 1467 nichts
1416 1429 1607 1468 frembdes
1640 1430 1830 1469 darunter.
1885 1431 1929 1481 2)
1951 1428 2023 1466 Mit

235 1491 462 1541 Ertheilung
495 1492 598 1529 einer
628 1488 915 1540 Herrenpfriind
945 1489 1029 1526 auff
1056 1486 1140 1526 dem
1173 1487 1330 1526 Kloster
1360 1488 1564 1537 Nellingen
1587 1518 1596 1527 .
1623 1519 1630 1526 .
1655 1517 1663 1525 .
1696 1502 1729 1527 v.
1757 1501 1783 1526 s.
1810 1503 1844 1535 p.
1870 1490 1948 1525 829.

374 1558 506 1593 Martio
533 1567 653 1592 mense
678 1556 897 1591 advenerunt
929 1554 1054 1588 literae
1079 1553 1169 1588 Rof
1177 1553 1194 1587 f
1202 1553 1311 1597 enii,
1348 1553 1477 1597 quibus
1502 1555 1673 1590 invitatur
1697 1555 1891 1600 Keplerus,
1924 1559 1963 1590 ut
1987 1554 2023 1590 iu

237 1618 357 1653 locum
389 1616 519 1652 mortui
550 1615 685 1659 Magini
715 1614 911 1649 Bononiam
942 1612 1168 1656 succederet3
1203 1611 1268 1646 cal.
1296 1612 1383 1656 Maji
1416 1613 1601 1658 respondit
1628 1614 1826 1659 Keplerus,
1863 1613 2024 1648 oblatum

236 1687 364 1711 munus
389 1685 560 1710 recusans
587 1675 630 1718 (v.
657 1684 682 1708 s.
702 1684 733 1718 p.
754 1673 843 1715 1562).
884 1671 951 1707 Die
981 1672 1033 1707 16.
1058 1670 1151 1713 Aug.
1177 1670 1288 1704 refert
1312 1670 1501 1716 Keplerus,
1529 1673 1739 1708 observasse
1765 1683 1804 1708 se
1829 1673 2025 1716 deliquium

238 1736 361 1770 Lunae
385 1734 500 1770 Lincii
532 1734 567 1768 in
599 1743 679 1769 arce
712 1733 900 1773 Caesarea,
936 1728 1187 1773 praesentibus
1222 1728 1359 1773 aliquot
1394 1730 1602 1773 proceribus
1634 1735 1669 1766 et
1703 1730 2025 1775 Vice-Capitaneo.

237 1793 349 1828 Paulo
374 1797 457 1838 post
483 1791 568 1826 adiit
595 1791 767 1825 Thomam
792 1788 1031 1833 Mingonium‚
1063 1787 1238 1822 medicum
1272 1787 1513 1831 imperatoris,
1550 1788 1723 1823 auxilium
1753 1792 1879 1833 petens
1904 1788 1940 1822 in
1966 1798 2026 1822 an·

240 1852 365 1896 gustiis
389 1850 616 1896 pecuniariis,
643 1850 703 1894 qui
721 1849 844 1893 (Sept.)
871 1845 1068 1890 respondit,
1093 1850 1273 1880 moturum
1299 1856 1336 1880 se
1363 1856 1500 1880 omnem
1525 1845 1683 1890 lapidem
1708 1847 1804 1891 apud
1830 1857 1962 1888 01111163,
1987 1850 2027 1880 ut

240 1909 388 1954 Keplcri
416 1908 653 1953 „justissimae
679 1912 713 1942 et
738 1904 1012 1942 honestissimae
1043 1903 1229 1949 petitioni“
1265 1904 1434 1948 satisfiat,
1469 1903 1553 1938 dum
1586 1904 1669 1938 aula
1694 1905 1847 1948 Pragam
1881 1904 2028 1940 redierit

242 1970 408 2012 (.,Caesar
432 1978 505 2002 non
531 1972 585 2002 est
609 1967 756 2010 Pragae,
785 1963 848 1999 sed
873 1962 1048 1998 Brandais
1072 1962 1306 1997 recreationis
1333 1973 1441 1997 causa
1467 1964 1650 2007 manet“);
1680 1963 1764 1997 data
1787 1963 1902 2008 prima
1928 1973 2028 1998 occa—

243 2027 343 2061 sione
374 2029 536 2060 acturum
567 2034 605 2058 se
636 2034 715 2058 cum
749 2022 927 2058 Cardinali
959 2020 1173 2064 (Khleselio,
1209 2020 1268 2055 cfr.
1302 2020 1370 2055 vol.
1396 2021 1424 2055 I.
1451 2021 1542 2064 660).
1603 2022 1796 2057 Novembri
1826 2022 1915 2056 haec
1946 2022 2028 2056 sub-

245 2089 368 2120 secuta
394 2087 497 2119 sunt:
525 2082 715 2126 Negotium
740 2081 842 2115 Dom.
871 2080 969 2114 Tuae
995 2078 1181 2114 remissum
1206 2079 1275 2113 fuit
1299 2078 1344 2112 ad
1371 2089 1547 2114 cameram
1572 2080 1724 2115 aulicam
1751 2084 1785 2114 et
1804 2090 1869 2123 ego
1895 2078 2031 2124 pluries

245 2143 296 2177 fui
321 2141 417 2186 apud
441 2142 486 2176 D.
512 2151 531 2175 a
556 2139 733 2183 Polhaim,
766 2143 806 2173 ut
831 2137 1074 2182 praecipiatur
1099 2137 1287 2172 teloniario
1313 2136 1492 2171 Linciensi
1522 2137 1653 2172 solutio
1679 2138 1746 2174 300
1770 2136 1805 2171 fi.
1855 2137 1983 2171 Dictus
2009 2146 2030 2170 a

244 2200 408 2235 Polhaim
434 2203 490 2235 est
513 2199 603 2234 bene
627 2197 850 2232 informatus.
894 2196 1033 2231 Curabo
1060 2199 1099 2230 ut
1122 2195 1361 2230 transmittam
1386 2196 1430 2232 D.
1455 2196 1496 2230 V.
1524 2195 1647 2229 literas
1667 2194 1843 2230 Caesaris.
1883 2194 2029 2229 Interim

244 2268 308 2303 ego
335 2258 459 2302 accepi
483 2267 694 2301 responsum
719 2267 739 2290 a
765 2255 918 2299 quodam
943 2254 1072 2299 amico,
1101 2254 1162 2297 qui
1185 2253 1354 2288 Pataviae
1381 2253 1487 2297 degit,
1512 2253 1589 2297 ipse
1616 2257 1709 2287 emet
1734 2263 1755 2286 a
1777 2254 1820 2288 D.
1848 2253 1891 2289 V.
1917 2252 2030 2288 multa

245 2315 464 2360 exemplaria
488 2313 777 2359 Ephemcridum,
803 2312 994 2347 dummodo
1021 2312 1254 2347 conveniatur
1277 2312 1378 2357 prius
1405 2313 1447 2347 de
1473 2312 1697 2347 convenienti
1722 2311 1838 2356 pretio
1863 2311 1928 2346 sub
1956 2311 2030 2356 qui-

245 2373 398 2410 busdam
424 2371 698 2407 conditionibus.
746 2370 957 2406 Necessaria
991 2370 1089 2413 prius
1124 2370 1191 2405 erit
1219 2369 1384 2405 facienda
1409 2371 1564 2406 conditio
1591 2371 1730 2415 aliqua,
1762 2381 1833 2414 qua
1856 2371 1903 2405 D.
1927 2369 1968 2404 V.
1996 2374 2031 2403 et

246 2432 390 2475 emtori,
419 2431 481 2475 qui
504 2430 616 2466 multa
639 2430 748 2464 millia
771 2428 989 2463 florenorum
1016 2438 1197 2472 exponere
1223 2428 1323 2472 velit,
1353 2429 1562 2464 consulatur
1587 2435 1801 2474 opportune.
1839 2426 2031 2463 Praeterea

246 2490 354 2526 vellet
378 2489 531 2524 libenter
557 2498 634 2523 earn
657 2494 796 2531 partem
822 2486 1100 2530 Ephemcridum
1126 2486 1261 2531 videre,
1291 2497 1382 2531 quae
1409 2487 1590 2522 discursus
1616 2492 1651 2523 et
1675 2499 1733 2522 res
1759 2487 2030 2532 philosophicas

246 2548 415 2589 continet,
442 2557 487 2581 ne
512 2546 666 2581 fortasse
691 2556 712 2580 a
736 2544 913 2588 theologis
940 2543 1086 2587 aliquod
1112 2544 1404 2588 impedimentum
1431 2550 1466 2580 et
1492 2546 1659 2580 damnum
1692 2547 1818 2581 emtori
1842 2545 2030 2580 inferatur.

245 2607 337 2642 Nam
367 2606 405 2639 in
429 2604 534 2640 Italia
568 2611 651 2639 sunt
681 2603 824 2647 quidam
855 2602 985 2636 limites
1011 2601 1236 2646 philosophis
1262 2603 1436 2648 conclusi,
1473 2609 1573 2639 extra
1607 2615 1696 2649 quos
1729 2604 1927 2640 catholicus
1959 2612 2030 2637 non

246 2668 367 2709 potest
386 2663 466 2707 jure
490 2661 698 2706 exspatiari,
732 2666 767 2696 et
785 2659 1005 2703 justissimas
1039 2660 1084 2694 ob
1116 2670 1255 2695 causas.
1305 2661 1595 2697 Transmittenda
1629 2663 1750 2707 itaque
1783 2665 1838 2697 est
1862 2661 1922 2696 illa
1946 2671 2030 2705 pars

247 2721 303 2757 vel
328 2722 454 2757 saltem
486 2724 732 2764 argumentum
758 2718 884 2762 capitis
917 2728 990 2752 una
1015 2729 1095 2753 cum
1121 2718 1363 2762 conclusione,
1397 2724 1438 2754 ut
1468 2720 1609 2755 facilius
1643 2720 1759 2765 possit
1793 2730 1857 2764 per
1890 2723 2031 2764 postam

248 2779 452 2815 transmitti.
503 2779 629 2813 Emtor
663 2777 768 2812 etiam
800 2776 908 2811 vellet
939 2775 1092 2811 libenter
1129 2776 1238 2820 scire⁷
1275 2777 1320 2811 ad
1352 2783 1438 2821 quot
1476 2789 1587 2812 annos
1619 2778 1759 2813 futuros
1794 2776 2032 2812 extendentur

248 2836 506 2881 Ephemcrides
541 2840 576 2870 et
608 2840 693 2879 quot
726 2834 811 2869 folia
842 2833 1075 2869 continebunt
1105 2838 1140 2868 et
1165 2835 1288 2877 quanti
1323 2836 1534 2871 divendetur
1564 2847 1673 2871 uuum
1708 2836 1848 2879 folium,
1884 2834 1940 2868 vel
1965 2844 2030 2878 pro

250 2893 389 2937 singulo
415 2893 500 2938 quid
524 2898 624 2938 petat
649 2893 850 2928 Dominatio
875 2893 1016 2928 Vestra.
1065 2892 1208 2926 Mature
1235 2892 1366 2936 cogitet
1388 2894 1432 2930 D.
1459 2894 1588 2929 Vestra
1614 2898 1649 2929 et
1672 2893 1845 2928 rescribat
1868 2891 2032 2926 ultimum

249 2951 402 2994 pretium
427 2957 462 2986 et
487 2951 710 2993 conveniens,
737 2961 807 2995 quo
832 2949 1022 2984 divendere
1039 2954 1163 2993 posset
1182 2949 1276 2985 dicta
1295 2951 1522 2996 exemplaria,
1550 2952 1586 2986 id
1604 2957 1659 2987 est
1683 2950 1832 2995 singula,
1860 2954 1899 2984 ut
1916 2949 2032 2994 possit

251 3010 427 3044 numerari
452 3009 572 3045 statim
596 3008 768 3054 pecuniae
799 3018 883 3052 pars
916 3012 1100 3042 conventa.
1149 3008 1295 3042 Interim
1327 3019 1391 3052 ego
1418 3010 1608 3045 Dominum
1641 3018 1800 3044 camerae
1830 3007 2031 3052 praesidem

253 3066 463 3110 sollicitabo,
488 3071 528 3101 ut
553 3065 788 3111 expediantur
811 3065 937 3100 literae
965 3065 1161 3100 Caesareae
1187 3064 1232 3099 ad
1256 3065 1472 3102 telonarium
1495 3068 1602 3103 istum
1626 3066 1863 3102 Linciensem.

390 3124 447 3158 Ad
470 3124 560 3159 haec
583 3123 769 3168 respondit
792 3122 970 3167 Keplerus
995 3123 1067 3158 fine
1091 3123 1194 3157 anni:

393 3177 432 3220 S.
464 3179 507 3217 P.
540 3180 587 3221 D.
647 3180 707 3218 De
746 3178 1066 3231 Ephemcridibus
1107 3191 1208 3230 quae
1245 3185 1335 3219 sunt
1372 3182 1590 3222 necessaria
1626 3181 1813 3236 scribam,
1854 3189 1948 3219 usus
1986 3190 2033 3219 ea
