2126 3388
603 227 658 264 De
683 227 806 264 amicis
832 231 868 263 et
895 227 1099 265 fautoribus
1124 227 1282 274 Kepleri.
1763 229 1846 273 945

52 348 111 386 De
142 352 264 386 morte
297 347 521 394 Susannae,
565 360 665 398 quae
696 347 901 387 Bartsehio
942 350 1080 387 marito
1118 362 1153 387 a.
1191 353 1313 389 1633.
1347 347 1528 387 defuncto
1561 360 1647 388 cum
1679 348 1848 388 Martino

52 406 200 445 Hillero
232 406 422 445 secundas
454 407 609 456 nuptias
642 408 789 456 inierat,
822 406 919 444 nihil
950 409 1042 445 certi
1075 414 1311 458 compertum
1345 412 1413 448 est.

523 572 589 608 De
621 573 779 609 amieis
811 574 857 609 et
888 574 1147 610 fautoribus
1177 572 1374 617 Kepleri.

194 638 252 677 De
285 651 331 677 ea
362 644 471 689 parte
504 652 620 689 quam
652 641 780 680 adhuc
812 643 1089 688 tractavimus,
1132 639 1381 689 epistolarum
1419 641 1545 679 sontes
1576 643 1648 680 rari
1682 646 1719 681 et
1750 654 1851 692 pau-

55 699 197 735 cissimi
231 703 350 745 erant,
385 699 447 747 qui
481 699 517 734 in
552 700 598 736 iis
630 699 768 747 solum,
803 712 902 749 quae
935 700 981 738 de
1004 698 1163 748 Kepleri
1196 704 1316 735 matre
1349 704 1386 736 et
1419 700 1582 748 conjuge
1615 702 1740 749 priore
1773 702 1851 738 sci-

54 768 150 802 mus,
184 756 369 804 largiores
402 764 614 795 manarent.
666 757 793 795 Multa
815 760 916 796 enim
948 769 1025 795 non
1057 758 1130 793 nisi
1164 768 1210 794 ex
1234 757 1477 794 brevioribus
1502 759 1851 806 significationibus

54 816 178 862 iisque
221 814 372 851 collatis
412 825 498 851 eum
538 817 688 853 nunciis
731 816 794 853 hic
836 816 916 853 illic
949 816 1133 864 dispersis
1168 814 1351 863 intelligi,
1394 816 1516 852 multa
1554 818 1669 854 etiam
1711 817 1852 866 conjici

56 879 205 910 tantum
237 878 427 920 poterant.
491 873 534 909 In
568 873 640 912 hac
672 879 802 911 autem
835 879 956 922 parte,
992 885 1068 922 qua
1100 872 1146 909 de
1177 872 1338 921 Kepleri
1371 884 1456 910 cum
1490 875 1622 912 amicis
1655 881 1692 913 et
1722 875 1853 912 fauto-

56 931 162 968 ribus
195 932 423 968 commercio
457 933 629 980 agimus,
674 932 799 980 major
832 944 949 980 quam
981 936 1096 969 antea
1128 931 1239 967 nobis
1271 936 1445 979 praestat
1476 932 1638 969 sontium
1671 935 1784 982 copia
1817 938 1854 971 et

53 990 229 1035 materia,
263 1000 363 1037 quae
394 990 569 1038 inprimis
603 993 820 1028 continetur
852 990 1011 1039 Kepleri
1056 988 1231 1038 epistolis
1264 994 1300 1026 et
1333 990 1459 1026 missis
1493 996 1530 1027 et
1561 990 1709 1038 allatis,
1750 990 1855 1040 quod

58 1046 308 1096 epistolarum
342 1050 613 1085 commercium
645 1049 694 1086 ab
727 1050 812 1097 ipso
845 1048 1015 1097 Keplero
1049 1052 1318 1084 conservatum
1352 1054 1421 1085 est.
1462 1047 1715 1097 Stuttgartiae
1748 1055 1784 1087 et
1817 1051 1855 1086 in

55 1104 290 1143 bibliotheca
313 1111 350 1142 et
373 1105 564 1144 tabulario
588 1111 704 1155 atque
722 1106 919 1144 Monachii
942 1108 980 1142 in
1005 1105 1241 1143 bibliotheca
1263 1105 1485 1143 academica
1507 1118 1638 1145 omnes
1659 1107 1736 1145 fere
1760 1119 1855 1145 con-

59 1169 263 1201 servantur
294 1163 452 1212 Kepleri
494 1165 699 1213 epistolae,
741 1166 861 1213 ipsius
900 1176 1016 1201 manu
1059 1164 1244 1212 scriptae,
1285 1163 1373 1201 illae
1414 1164 1462 1201 ad
1494 1164 1855 1212 Maestlinum,

62 1221 135 1260 hae
168 1221 217 1258 ad
248 1221 388 1259 Herw
404 1227 566 1260 artum
601 1222 653 1260 de
685 1223 1002 1271 Hohenburg
1033 1223 1200 1269 missae3
1240 1221 1416 1260 Viennae
1449 1222 1586 1261 deinde
1620 1225 1655 1259 in
1688 1225 1857 1272 impera-

58 1281 174 1326 toria,
219 1286 256 1317 et
285 1279 489 1318 Pulkovae
522 1282 559 1317 in
593 1294 657 1327 ea,
703 1293 802 1329 quae
836 1287 893 1319 est
925 1280 1058 1318 addita
1090 1279 1272 1328 speculae
1304 1283 1586 1319 astronomicae
1619 1281 1857 1319 bibliotheca

57 1337 271 1387 permultae
302 1340 543 1387 reperiuntur
575 1346 612 1377 et
644 1341 750 1388 ipsae
781 1339 939 1388 Kepleri
972 1337 1161 1387 epistolae
1195 1343 1231 1375 et
1263 1339 1511 1387 epistolarum
1544 1339 1778 1388 exemplaria
1808 1339 1857 1377 ad

57 1396 200 1433 multos
240 1398 409 1433 omnium
466 1397 642 1434 ordinum
685 1399 858 1435 homines
905 1398 1130 1447 scriptarum
1173 1407 1382 1444 eorumque
1426 1399 1715 1446 responsiones,
1761 1398 1858 1435 inter

58 1466 154 1503 quas
185 1455 436 1503 praecipuum
461 1460 650 1505 occupant
683 1456 810 1493 locum
835 1455 1044 1501 Maestlini,
1079 1454 1281 1500 Herwarti,
1315 1455 1479 1492 Davidis
1512 1456 1699 1503 Fabricii,
1731 1455 1856 1504 Remi,

58 1512 228 1561 Criigeri.
291 1512 399 1560 Quae
440 1513 605 1551 diximus
647 1514 883 1563 exemplaria
925 1512 1067 1550 idcirco
1110 1512 1210 1550 idem
1254 1513 1330 1550 fere
1374 1513 1478 1561 qnod
1517 1514 1703 1563 epistolae
1741 1525 1857 1551 manu

60 1570 219 1620 Kepleri
253 1573 418 1620 scriptae
453 1572 582 1610 valere
615 1579 788 1621 possunt,
823 1571 927 1621 quod
960 1570 1151 1620 permulta
1183 1572 1232 1608 ab
1266 1573 1349 1620 ipso
1382 1571 1552 1621 Keplero
1584 1577 1788 1621 perspecta
1819 1577 1856 1609 et

59 1630 180 1678 ipsius
214 1641 331 1666 manu
366 1636 536 1668 correcta
573 1636 674 1670 sunt.
707 1630 918 1680 (Keplerus
952 1630 1053 1667 enim
1096 1630 1159 1677 qui
1201 1635 1270 1666 aut
1302 1631 1480 1668 retineret
1523 1631 1758 1679 exemplaria
1790 1634 1858 1667 aut

59 1688 216 1725 retentis
258 1688 350 1736 ipsis
393 1688 512 1726 literis
545 1690 781 1738 exemplaria
812 1691 857 1726 iis
890 1690 1058 1725 mitteret
1090 1687 1138 1724 ad
1172 1698 1269 1735 quos
1302 1689 1471 1736 scripsit,
1516 1688 1600 1726 ideo
1640 1689 1714 1725 boc
1754 1688 1856 1735 fecit,

61 1745 163 1794 quod
196 1745 401 1783 Raimarus
434 1745 578 1793 Ursus,
621 1747 819 1796 Tychonis
852 1746 1118 1792 adversarius,
1159 1746 1197 1782 id
1230 1745 1333 1793 quod
1360 1746 1443 1794 jam
1477 1746 1553 1785 vol.
1587 1747 1617 1784 Ι.
1650 1758 1739 1795 pag.
1774 1750 1856 1784 234

62 1804 285 1842 nunciatum
309 1812 377 1851 est,
403 1804 568 1853 quadam
591 1805 748 1854 Kepleri
772 1804 937 1854 epistola
959 1803 1057 1841 male
1082 1815 1174 1840 usus
1198 1809 1267 1841 est.
1313 1804 1511 1853 „Scribam
1535 1807 1687 1851 caute“,
1721 1806 1856 1853 inquit,

67 1867 130 1910 „et
161 1862 334 1900 retinebo
368 1863 668 1912 exemplariass.)
713 1863 901 1911 Quamvis
935 1868 1061 1900 autem
1096 1862 1309 1910 permultae
1332 1862 1492 1910 Kepleri
1524 1862 1713 1911 epistolae
1736 1874 1859 1911 usque

67 1920 114 1958 ad
147 1925 316 1958 nostram
349 1923 573 1959 memoriam
606 1927 805 1959 manerent
837 1922 951 1971 (inter
984 1932 1081 1969 quas
1113 1930 1190 1957 non
1224 1921 1460 1958 omittendae
1493 1927 1581 1958 sunt
1613 1920 1728 1967 illae,
1763 1932 1859 1969 quas

67 1979 238 2016 continet
270 1978 446 2017 collectio
480 1980 732 2028 epistolarum
764 1980 997 2027 Berneggeri
1032 1985 1067 2016 et
1101 1977 1261 2027 Kepleri
1295 1978 1470 2016 datarum
1503 1980 1859 2028 acceptarumque),

61 2041 190 2073 tamen
223 2036 367 2075 multae
401 2049 555 2086 quoque
588 2040 835 2084 interierunt,
868 2037 972 2074 baud
1008 2036 1123 2073 dubie
1156 2048 1354 2085 nunquam
1388 2036 1620 2086 descriptae,
1665 2049 1750 2074 cum
1782 2048 1859 2074 non

63 2095 165 2131 omni
204 2099 375 2143 tempore
407 2095 577 2144 Keplero
623 2097 819 2145 adjutores
852 2101 1006 2144 praesto
1046 2100 1173 2132 essent
1215 2095 1262 2132 ad
1304 2095 1402 2132 hanc
1443 2097 1564 2144 ipsam
1605 2106 1683 2132 rem
1717 2095 1858 2132 idonei.

63 2153 215 2190 Desunt
237 2153 392 2201 quidem
415 2154 614 2203 epistolae,
650 2166 745 2202 quas
769 2153 960 2203 Keplerus
984 2152 1032 2190 ad
1054 2152 1229 2190 Jesuitas
1253 2153 1437 2200 Curtium,
1472 2152 1695 2199 Guldinum,
1720 2152 1860 2190 Grien-

63 2211 276 2259 bergerum,
308 2211 557 2250 Scheinerum
590 2214 764 2262 scripsit,
798 2223 972 2260 quasque
1005 2211 1053 2248 ad
1087 2210 1322 2248 Guilelmum
1348 2211 1624 2249 Schiekardum
1657 2223 1778 2260 usque
1811 2209 1860 2247 ad

63 2280 204 2306 annum
241 2273 361 2307 1626.
396 2272 521 2316 misit,
555 2277 717 2320 excepta
748 2272 861 2308 unica
895 2269 1060 2318 epistola
1091 2281 1125 2307 a.
1154 2273 1272 2308 1618.
1306 2271 1459 2318 scripta,
1494 2281 1577 2307 cum
1602 2281 1733 2307 omnes
1759 2281 1859 2306 anno

67 2329 189 2366 1627.
223 2339 245 2364 a
278 2327 446 2376 Keplero
479 2328 526 2366 ad
560 2329 835 2367 Schickardum
869 2326 985 2366 Ulma
1014 2327 1234 2375 Tubingam
1271 2330 1412 2364 missae
1446 2329 1664 2365 etiamnunc
1697 2332 1859 2365 exstent.

63 2386 215 2423 Desunt
248 2387 362 2422 etiam
395 2386 601 2435 epistolae,
635 2399 731 2436 quas
752 2387 893 2424 multas
916 2385 1108 2434 Keplerus
1135 2385 1183 2422 ad
1207 2385 1415 2423 Besoldum
1437 2385 1735 2434 Tubingensem,
1764 2385 1861 2434 juris

64 2443 279 2481 consultum
303 2444 543 2493 eundemque
564 2447 822 2494 propinquum
853 2445 958 2481 misit
991 2443 1094 2481 etde
1118 2455 1235 2481 causa
1267 2448 1450 2491 materna,
1483 2449 1520 2481 et
1553 2444 1598 2482 de
1631 2443 1716 2481 aliis
1747 2444 1862 2481 rebus

63 2503 236 2551 privatis,
269 2513 354 2539 cum
387 2504 579 2551 supersint
612 2503 715 2540 illius
742 2503 1031 2551 responsiones3
1064 2503 1208 2539 interiit
1239 2513 1393 2550 quoque
1430 2513 1517 2550 pars
1540 2502 1788 2550 epistolarum
1813 2501 1861 2538 ad

67 2559 370 2597 Hasenrefferum
393 2562 608 2608 missarum,
640 2561 743 2598 haud
766 2561 881 2598 dubie
910 2560 957 2597 ad
990 2571 1048 2597 res
1072 2571 1199 2596 sacras
1222 2561 1508 2608 pertinentium,
1542 2560 1680 2597 desunt
1707 2570 1861 2608 quoque

66 2629 172 2667 quaa
198 2624 286 2654 sunt
318 2618 505 2666 epistolae
545 2621 710 2668 scriptae
742 2619 790 2656 ad
826 2618 992 2665 Anglum
1027 2616 1270 2654 Edmundum
1303 2618 1512 2663 Rruceum,
1557 2618 1604 2655 ad
1639 2618 1861 2654 Florianum

67 2676 255 2722 Crusium,
289 2674 582 2713 Socinianorum
606 2689 746 2715 causae
768 2681 1009 2721 sectatorem,
1043 2675 1090 2711 ad
1117 2675 1372 2722 Eriksonium‚
1406 2675 1602 2724 TychonIS
1631 2674 1860 2723 adjutorem,

72 2733 121 2770 ad
154 2732 456 2782 Gringalletum,
492 2733 654 2772 Geneva
688 2734 909 2780 oriundum,
953 2734 1017 2781 qui
1053 2733 1293 2781 aliquantum
1327 2734 1510 2781 temporis
1541 2733 1697 2781 Kepleri
1730 2732 1860 2770 studia

73 2792 244 2841 inprimis
278 2791 552 2840 Ephemeridas
586 2792 699 2830 valde
733 2792 950 2840 adjuverat.
1015 2791 1166 2828 Desunt
1198 2790 1388 2838 denique,
1423 2802 1521 2838 quae
1554 2789 1751 2840 permultis
1784 2789 1860 2827 illis

68 2848 264 2887 Ulmensis
297 2851 556 2899 praeceptoris
589 2850 864 2887 Hebenstreitii
897 2849 1089 2898 epistolis,
1125 2860 1302 2896 quaeque
1334 2847 1479 2885 Joanni
1512 2849 1653 2897 Papio,
1698 2849 1861 2897 priinum

74 2906 278 2954 Onoldiae,
312 2913 392 2944 tum
414 2908 659 2956 Regiomonti
693 2907 855 2954 medico,
889 2918 1067 2954 quaeque
1092 2906 1296 2943 Ambrosio
1329 2904 1493 2952 Rhodio,
1528 2906 1732 2955 professori
1757 2906 1861 2943 Wit-

70 2965 315 3014 tenbergensi
348 2965 512 3014 aliisque
535 2978 557 3003 a
578 2965 747 3014 Keplero
781 2970 869 3001 sunt
900 2965 1096 3013 rescripta.
1139 2962 1326 3010 Quamvis
1360 2968 1489 3000 autem
1519 2969 1556 3001 et
1579 2965 1683 3012 ipsas
1715 2963 1860 3001 biblio-

72 3023 204 3060 thecas
235 3029 532 3072 perscrutantes,
567 3028 603 3061 et
635 3022 1002 3071 interrogationibus
1034 3020 1082 3058 ad
1115 3021 1287 3069 singulos
1320 3026 1357 3058 et
1389 3020 1515 3070 palam
1552 3021 1663 3058 factis
1697 3022 1861 3059 maxime

73 3082 146 3117 nisi
178 3082 316 3128 simus,
351 3086 392 3119 ut
423 3093 522 3130 quae
555 3081 734 3120 deessent
764 3080 1022 3126 reficeremus,
1066 3084 1193 3116 tamen
1227 3083 1264 3116 et
1296 3090 1410 3128 opera
1444 3084 1481 3116 et
1511 3090 1598 3129 spes
1621 3085 1677 3117 est
1698 3079 1860 3129 perdita.

76 3137 154 3176 Sed
184 3143 312 3176 tamen
347 3152 392 3176 ex
424 3141 470 3177 iis
504 3151 602 3188 quae
635 3152 656 3176 a
689 3140 781 3176 viris
814 3137 889 3175 illis
922 3148 1105 3186 responsa
1137 3142 1225 3174 sunt
1258 3137 1455 3185 (quaeque
1487 3139 1654 3175 maxima
1686 3149 1731 3175 ex
1754 3142 1861 3187 parte

27 3219 30 3233 -,
75 3201 164 3234 sunt
195 3198 232 3233 in
264 3197 450 3235 Hanscbii
486 3197 712 3236 collectione
746 3195 996 3247 epistolarum
1025 3193 1365 3245 Keplerianarum,
1397 3196 1514 3234 immo
1546 3208 1637 3234 vero
1670 3195 1720 3234 ad
1751 3195 1861 3246 Kep-

147 3262 248 3297 opera
266 3264 390 3297 Kepleri
409 3264 492 3292 VIII.
1544 3263 1584 3298 61
