2126 3388
616 218 672 254 De
697 217 819 254 amicis
846 220 882 254 et
905 216 1105 254 fautoribus
1131 217 1287 263 Kepleri.
1769 218 1854 264 977

57 347 154 385 quos
186 334 442 376 condemnare
463 337 633 388 Keplero
666 342 703 377 et
732 338 874 387 injuria
905 343 942 377 et
973 340 1129 378 minime
1152 351 1198 377 ex
1219 350 1258 377 re
1281 338 1504 377 Lutherana
1535 350 1618 377 esse
1651 337 1856 379 videretur.

57 393 134 432 Sed
166 405 232 432 cur
263 394 365 433 idem
397 397 434 432 in
465 397 581 435 rebus
612 398 881 436 astronomicis
914 398 1076 436 eandem
1098 399 1329 446 cautionem,
1364 396 1528 435 eandem
1551 399 1855 435 taciturnitatem

57 453 290 502 praebuerit,
324 454 445 492 altera
477 467 595 493 causa
627 461 684 493 051
718 455 898 493 deficiens
929 468 1054 494 rerum
1086 468 1109 494 a
1139 456 1310 505 Keplero
1343 455 1550 494 allatarum
1581 455 1852 505 intelligentia,

61 511 183 549 altera
217 523 336 550 causa
368 518 405 550 et
436 514 701 563 interpretatio
734 515 771 551 in
804 514 979 563 epistolis
1012 517 1114 552 inest
1153 515 1364 552 amicorum
1397 514 1725 563 Tubingensium,
1759 526 1855 563 quos

58 568 252 619 Keplerus
285 572 441 620 saepius
473 571 644 618 adierat,
684 578 726 609 ut
768 564 839 610 sua
869 572 1133 611 admonitione
1166 572 1418 610 Maestlinum
1462 572 1510 611 ad
1551 573 1854 611 continuandum

55 626 252 666 literarum
294 631 564 667 commercium
605 630 869 679 perducerent.
930 630 1023 670 Jam
1061 642 1161 668 anno
1199 635 1320 669 1605.
1353 630 1545 668 Besoldus
1589 632 1740 670 scribit:
1788 631 1856 683 „Si

58 685 291 724 Maestlinus
322 688 363 724 in
393 699 518 725 rerum
549 694 688 725 natura
719 700 796 726 non
828 694 948 736 esset,
992 690 1104 727 nobis
1135 690 1293 738 propius
1327 701 1444 726 esses.
1507 689 1661 727 Certum
1694 694 1772 736 est,
1817 695 1855 728 te

59 745 233 783 obtinere
264 746 326 783 1110
358 757 472 794 posse
506 748 785 796 professionem
816 747 1126 797 philosophicam
1159 759 1430 796 quamcunque
1454 748 1615 796 primum
1641 754 1854 795 vacantem,

59 805 229 840 omnium
261 805 361 841 enim
393 804 573 842 horarum
606 805 720 843 homo
753 804 857 842 clues
890 807 1033 854 quique
1067 807 1171 842 omni
1194 806 1337 843 servire
1371 807 1494 855 possit
1516 807 1694 845 scenae.“
1747 805 1855 844 Idem

60 861 106 899 de
126 861 336 899 Maestlino
371 869 506 912 postea
530 864 681 911 (1619)
714 865 770 901 sic
797 863 968 912 judicat:
1005 863 1264 912 „Maestlinus
1297 869 1426 900 noster
1458 865 1660 912 antiquum
1694 864 1853 910 obtinet,

61 918 224 966 dubitat,
258 922 367 958 timet
399 926 436 958 et
467 927 690 968 cunctatur,
724 933 795 959 nec
827 921 954 959 adhuc
985 921 1133 970 aliquid
1165 921 1243 959 edit
1248 951 1422 960 ......
1485 921 1742 960 Schickardus
1773 921 1855 975 (qui

60 989 162 1016 anno
198 981 321 1017 1618.
353 978 571 1027 Tubingam
616 985 779 1017 vocatus
812 978 883 1030 est)
925 991 1000 1016 non
1044 981 1113 1017 erit
1151 979 1350 1018 Maestlini
1393 979 1567 1029 collega,
1612 986 1743 1030 utpote
1788 982 1854 1029 qui

57 1048 189 1086 parem
221 1048 298 1074 11011
328 1037 609 1086 ser1·ep0test.“
653 1038 697 1074 In
720 1037 880 1075 Besoldi
912 1038 1077 1087 denique
1109 1038 1229 1075 literis
1262 1050 1362 1075 anno
1399 1042 1520 1076 1626.
1554 1041 1704 1088 scriptis
1736 1040 1856 1077 verba

59 1097 189 1132 insunt
220 1095 333 1133 haec:
370 1118 451 1144 „——
471 1095 679 1145 Exemplar
700 1095 1034 1143 Harmonioorum,
1069 1096 1172 1145 qnod
1197 1096 1474 1133 Bidembachio
1508 1093 1615 1150 (duci
1640 1097 1855 1135 Wiirttem-

59 1153 214 1202 bergico
248 1166 270 1192 a
303 1152 488 1204 consiliis)
530 1154 766 1201 destinaras,
804 1155 886 1203 jam
930 1154 995 1192 diu
1028 1162 1106 1202 est,
1149 1155 1253 1203 quod
1283 1154 1493 1192 Maestlino
1528 1157 1583 1203 (et
1617 1155 1772 1204 quidem
1807 1168 1853 1194 ex

58 1217 126 1250 tuo
153 1212 282 1261 jussu)
317 1223 440 1260 eoque
473 1213 545 1250 tine
576 1212 681 1259 dedi,
715 1217 757 1250 ut
780 1215 883 1262 operi
916 1212 1139 1263 praeficeret
1171 1213 1521 1251 commendatitiam
1555 1214 1854 1263 praefationem3

59 1270 126 1308 sed
159 1270 289 1307 multis
320 1270 649 1308 admonitionibus
682 1271 720 1308 id
752 1273 957 1320 impetrare
990 1272 1161 1320 nequivi.
1222 1271 1342 1318 Sanc,
1386 1277 1426 1308 ut
1459 1273 1527 1308 tibi
1562 1272 1653 1320 qnid
1687 1273 1851 1310 sentiam

58 1330 97 1365 in
129 1340 261 1367 aurem
295 1329 442 1376 dicam,
487 1336 552 1366 aut
596 1329 743 1366 invidia
774 1336 841 1366 aut
873 1329 1131 1367 aemulatione
1173 1330 1346 1376 laborat,
1390 1336 1456 1366 ant
1498 1342 1573 1367 non
1615 1331 1741 1379 placet
1780 1332 1855 1380 ipsi

59 1387 187 1425 audax
225 1392 314 1424 tuus
347 1386 414 1425 sed
446 1389 636 1436 ingenuus
669 1389 851 1436 omnique
889 1388 1004 1426 laude
1049 1387 1188 1436 dignus
1230 1388 1291 1425 1110
1323 1389 1525 1426 0011011151ί
1590 1388 1665 1426 Vix
1699 1389 1854 1437 quidem

59 1449 117 1483 est
148 1445 340 1492 credIbile,
374 1446 570 1484 hominem
602 1445 709 1483 illum
742 1446 885 1483 bonum
918 1452 954 1483 et
987 1445 1204 1494 candidum,
1239 1447 1305 1495 qui
1337 1447 1573 1496 temporibus
1597 1447 1854 1484 anterioribus

59 1515 147 1542 cum
177 1505 355 1541 omnibus
386 1506 466 1541 suis
499 1505 645 1542 viribus
677 1504 890 1555 Keplerum
918 1504 1066 1553 juverit
1099 1509 1135 1542 et
1168 1506 1336 1551 auxerit,
1376 1504 1607 1554 procedente
1639 1510 1768 1543 aetate
1799 1507 1855 1543 510

58 1574 185 1600 1110105
218 1568 255 1600 01
286 1564 456 1600 animum
488 1568 758 1610 commutasse,
791 1568 833 1600 ut
865 1562 1012 1601 invidia
1045 1562 1214 1612 quadam
1247 1570 1283 1600 et
1315 1562 1573 1600 aemulatione
1603 1574 1668 1613 per
1690 1563 1850 1614 Kepleri

57 1620 221 1669 gloriam
252 1622 289 1657 in
323 1620 403 1659 dies
434 1621 620 1669 majorem
653 1623 823 1660 excitata
855 1621 1137 1670 prohiberetur,
1181 1621 1378 1658 literarum
1423 1624 1691 1659 commercium
1724 1623 1779 1659 sic
1813 1626 1856 1660 ut

58 1684 173 1717 antea
204 1680 442 1716 continuare.
484 1679 560 1717 Sed
592 1686 721 1718 tamen
753 1692 776 1717 a
808 1681 970 1717 veritate
1001 1691 1078 1716 non
1110 1679 1336 1729 longissime
1368 1680 1504 1717 abesse
1529 1679 1692 1726 videtur,
1726 1679 1854 1718 homi—

56 1748 144 1775 nem
183 1739 293 1775 annis
327 1737 516 1775 infirmum
550 1739 603 1786 (a.
641 1742 765 1776 1620.
798 1739 1046 1788 septuaginta
1084 1749 1204 1775 annos
1244 1744 1398 1785 natum,
1433 1739 1498 1786 qui
1532 1737 1694 1775 docendi
1728 1738 1854 1776 officio

54 1795 137 1844 jam
166 1807 242 1833 non
285 1801 327 1833 ut
367 1801 481 1833 antea
513 1797 770 1847 satisfaceret)
814 1808 890 1833 non
932 1796 1139 1843 habuisse,
1184 1796 1277 1845 quid
1320 1798 1402 1833 viro
1436 1796 1658 1833 doctissimo
1691 1808 1854 1846 respon-

44 1853 166 1901 -deret
198 1860 246 1902 et,
280 1861 322 1891 ut
353 1861 443 1891 sunt
473 1867 585 1892 senes
618 1857 850 1905 suspicaces,
884 1866 1162 1903 nonnunquam
1195 1855 1381 1900 timuisse,
1415 1866 1461 1892 ne
1495 1853 1745 1892 dilectissimo
1780 1866 1850 1892 sno

58 1911 253 1962 quondam
286 1912 497 1963 discipulo,
538 1913 738 1963 permultis
779 1918 816 1951 et
847 1913 1163 1962 Tubingensibus
1207 1918 1244 1950 et
1275 1912 1640 1962 Stuttgartiensibus
1673 1914 1854 1950 01111011115

58 1970 213 2019 adjuto,
248 1972 505 2020 contingeret,
538 1971 742 2020 Tubingae
774 1971 1003 2020 professoris
1036 1983 1174 2008 munus
1206 1970 1370 2020 adipisci
1403 1975 1439 2008 et
1471 1971 1553 2020 ipse
1585 1970 1682 2008 forte
1715 1983 1853 2021 super-

58 2028 159 2066 fluus
192 2029 398 2067 videretur.
462 2029 540 2067 Sed
572 2036 782 2079 utcumque
812 2041 872 2067 res
906 2031 996 2076 crit,
1028 2029 1222 2078 Keplerus
1254 2031 1375 2067 veteri
1407 2030 1591 2077 magistro
1625 2041 1777 2078 semper
1808 2041 1850 2067 se

57 2087 283 2125 fidissimum
315 2088 511 2137 praebuit,
553 2089 587 2125 ei
621 2091 749 2126 omnia
781 2087 941 2126 credidit
972 2089 1211 2136 apertissime
1251 2099 1349 2136 quae
1383 2092 1463 2125 erat
1496 2086 1685 2134 editurus,
1731 2087 1870 2133 nullo„

59 2145 184 2194 qualis
223 2151 305 2183 tum
345 2147 442 2183 inter
482 2147 585 2184 viros
628 2146 762 2183 doctos
805 2152 927 2193 esset,
971 2147 1081 2195 pravi
1119 2157 1210 2183 usus
1248 2147 1383 2183 timore
1429 2145 1474 2182 de
1518 2144 1655 2182 studiis
1695 2151 1762 2183 aut
1792 2147 1854 2181 in-

57 2205 183 2241 ventis
220 2206 393 2253 scripsit,
436 2204 518 2253 ejus
552 2206 722 2242 animum
760 2206 839 2242 suis
882 2205 1080 2242 sententiis
1114 2204 1321 2241 conciliare
1363 2203 1510 2241 studuit
1550 2216 1713 2252 eumque
1747 2204 1854 2242 exci-

58 2263 173 2310 tavit,
216 2268 259 2299 ut
290 2262 567 2312 amplissimam
609 2275 719 2300 suam
751 2263 1096 2300 astronomicarum
1128 2268 1194 2298 aut
1227 2261 1585 2309 chronologicarum
1627 2273 1751 2299 rerum
1785 2273 1854 2299 ex-

59 2315 288 2371 perientiam
320 2326 386 2359 aut
419 2321 549 2359 ederet
581 2326 648 2359 aut
679 2321 816 2359 saltem
847 2333 978 2358 50011111
1010 2321 1321 2358 communicaret.
1375 2319 1483 2357 Idem
1516 2331 1602 2357 011111
1633 2321 1789 2369 saepius
1812 2321 1850 2356 in

60 2378 390 2428 Wiirttembergia
431 2385 665 2425 versaretur,
709 2379 907 2417 Maestlini
951 2390 1166 2417 sermonem
1219 2383 1256 2416 et
1296 2378 1531 2426 colloquium
1580 2377 1848 2415 ardentissime

62 2438 256 2486 cupiebat.
316 2437 524 2486 Nunquam
556 2438 613 2474 illi
646 2440 813 2475 maxima
846 2437 1006 2486 Kepleri
1048 2438 1172 2485 gratia
1213 2441 1250 2474 et
1281 2437 1501 2474 aestimatio
1535 2435 1686 2482 deerat,
1733 2441 1772 2472 ut
1806 2447 1852 2473 ex

59 2496 153 2544 ipsis
186 2495 360 2544 epistolis
393 2501 564 2545 apparet,
599 2508 694 2544 quas
729 2507 859 2534 omnes
895 2496 1168 2547 „Praeceptori
1190 2506 1275 2532 mco
1309 2494 1607 2532 colentlissimo“
1644 2494 1850 2531 inscribere

61 2558 98 2592 et
142 2555 409 2602 „gratissimus
452 2553 689 2603 (1·150111111115(ι
732 2554 874 2592 5010101
917 2554 1171 2592 subscribere.
1242 2552 1348 2600 Quas
1391 2552 1576 2601 epistolas
1616 2551 1849 2589 Maestlinus

59 2613 224 2649 maxime
257 2613 478 2649 aestimavit
511 2618 547 2649 et
579 2611 872 2660 diligentissime
905 2613 1096 2659 servavit,
1138 2616 1178 2648 ut
1219 2611 1462 2659 paucissimis
1505 2612 1675 2658 exceptis
1718 2621 1849 2646 omnes

59 2671 275 2718 posteritati
315 2669 477 2707 traditae
518 2671 607 2709 sint.
676 2671 732 2707 Eo
770 2671 894 2718 magis
935 2675 1065 2707 autem
1104 2668 1178 2706 hoc
1208 2674 1390 2717 putamus
1429 2669 1595 2705 maxime
1629 2667 1854 2705 desideran-

61 2727 168 2776 dum,
212 2727 461 2765 Maestlinum
502 2728 760 2776 respondendi
797 2728 915 2765 fnisse
955 2728 1246 2776 parcissimum,
1290 2737 1376 2763 cum
1408 2727 1550 2763 nemini
1591 2724 1749 2762 dubium
1790 2727 1851 2772 sit,

61 2787 151 2834 quin
183 2786 246 2823 hic
277 2787 490 2823 uberrimus
531 2785 789 2835 cognoscendi
826 2787 969 2833 ingenii
1002 2784 1228 2833 Kepleriani
1266 2783 1351 2821 sons
1392 2785 1508 2821 etiam
1540 2783 1694 2820 uberior
1725 2783 1849 2820 sactus

62 2850 175 2891 esset,
206 2846 281 2882 nisi
311 2843 511 2882 Maestlini
542 2845 805 2881 taciturnitate
827 2842 1019 2890 Keplerus
1050 2854 1073 2879 a
1104 2842 1362 2890 frequentiore
1394 2840 1592 2878 literarum
1624 2841 1851 2878 commercio

63 2901 262 2940 deterritus
306 2908 418 2941 esset.
482 2901 595 2949 Quod
633 2903 759 2951 ipsum
792 2912 836 2938 eo
869 2901 993 2937 minus
1035 2899 1287 2937 dubitandum
1321 2904 1398 2946 est,
1444 2910 1528 2936 cum
1562 2898 1730 2948 Keplero
1761 2910 1854 2947 pro-

61 2961 186 3009 prium
219 2965 330 3007 esset,
364 2961 621 3008 cogitationes
654 2971 743 2997 suas
774 2960 812 2995 in
846 2960 973 2995 animo
1005 2957 1175 2995 nondum
1199 2957 1390 3005 perfectas
1423 2962 1460 2994 et
1491 2960 1702 2994 maturatas
1735 2968 1854 2994 causa

64 3018 232 3067 quadam
264 3020 499 3056 extrinsecus
532 3017 751 3064 accedente,
785 3017 958 3065 inprimis
979 3017 1012 3052 si
1036 3015 1150 3052 amici
1181 3026 1249 3064 per
1281 3015 1413 3052 literas
1436 3015 1471 3052 ci
1492 3020 1560 3052 aut
1592 3013 1853 3052 dubitationes

64 3081 131 3114 aut
151 3078 398 3125 quaestiones
419 3076 607 3122 afferrent,
641 3076 750 3113 brevi
771 3074 1020 3123 perscribere,
1053 3072 1325 3121 interrogando
1357 3077 1394 3110 et
1417 3079 1549 3110 contra
1579 3072 1852 3122 interrogando

65 3144 129 3171 eas
161 3135 368 3184 explanare
401 3139 438 3172 et
469 3135 523 3172 sic
555 3134 592 3170 in
623 3135 753 3171 animo
786 3143 1048 3180 concoquere,
1093 3130 1215 3170 donec
1246 3131 1330 3180 ejus
1362 3132 1518 3180 ingenio
1556 3142 1711 3179 prorsus
1742 3137 1854 3181 pate-

28 3217 34 3221 ·
65 3196 159 3230 rent.
203 3192 329 3242 Quam
359 3192 518 3241 Kepleri
551 3190 870 3231 consuetudinem
902 3194 940 3229 et
972 3201 1018 3229 ex
1052 3190 1146 3239 ipsis
1178 3188 1355 3239 epistolis
1385 3200 1462 3228 non
1493 3188 1608 3227 modo
1633 3188 1682 3228 ad
1703 3188 1853 3228 Maest-

130 3259 256 3294 Kepleri
273 3259 372 3293 opera
387 3258 471 3287 vm.
1533 3255 1577 3293 63
