2126 3388
579 210 730 256 Kepleri
753 208 940 246 literarum
965 209 1086 246 studia
1113 213 1149 246 et
1175 210 1350 248 doctrina.
1754 209 1866 254 1025

64 331 187 379 tibus,
230 331 268 368 in
300 331 440 380 quibus
480 332 676 369 examinat
715 330 846 368 varias
890 331 1092 381 opiniones
1133 331 1178 370 de
1226 332 1380 384 „causis
1413 326 1696 369 efficientibus“
1743 334 1868 368 ortum

62 401 190 427 novae
222 389 378 438 stellae3
412 391 466 427 sic
496 388 592 436 Pici,
629 388 872 426 Mirandulae
905 391 1071 437 comitis,
1105 392 1337 428 sententiam
1371 389 1417 427 de
1449 389 1662 438 astrologia
1692 387 1868 438 pluribus

65 449 233 497 inquirit,
266 459 376 486 suam
409 447 565 497 quidem
599 447 644 485 de
678 448 717 484 vi
748 451 975 497 aspectuum
997 449 1034 484 in
1058 454 1236 486 naturam
1262 448 1511 486 sublunarem
1542 447 1698 485 firmiter
1720 452 1868 494 tenens,

63 507 102 542 in
134 505 265 543 multis
299 518 390 545 vero
423 517 509 544 curn
539 506 634 542 Pico
667 507 926 543 consentiens.
989 505 1125 555 Capite
1149 510 1215 544 Ξῖ.
1251 505 1573 557 deprehendimus
1606 510 1869 543 astronomum

67 564 330 613 disputantem
368 563 440 613 „de
474 565 592 601 casu“
636 569 674 600 et
715 563 859 600 dictum
899 563 994 600 illud
1028 564 1075 601 de
1106 566 1238 601 uxo-is
1279 566 1470 611 acetario,
1501 563 1617 614 ¹quod
1648 575 1738 613 pag.
1773 567 1869 602 938.

66 624 350 672 praemisimus.
393 621 544 660 Ibidem
578 622 743 659 occurrit
773 623 873 660 inter
903 623 1005 660 seria
1035 621 1159 659 hilara
1190 625 1359 660 narratio
1391 623 1512 669 lusus,
1546 633 1621 671 quo
1654 623 1691 658 in
1713 622 1872 660 adoles—

68 682 194 718 centia
227 680 423 730 quondam
447 679 680 717 delectatum
702 691 743 717 se
767 691 851 718 esse
885 679 999 717 dicit:
1036 680 1214 731 „chartas
1246 680 1412 717 lusorias
1444 681 1599 728 aequali
1632 691 1717 718 curn
1748 681 1870 718 literis

74 740 243 776 nominis
286 741 363 779 mci
400 750 558 775 numero
601 737 773 786 singulas
816 738 979 786 singulis
1019 739 1194 787 inscripsi
1238 738 1378 786 literis,
1427 738 1512 775 inde
1556 741 1663 786 coepi
1712 741 1869 776 miscere

68 797 221 834 chartas
266 804 303 834 et
335 797 384 833 ad
423 798 560 833 seriem
604 807 734 832 earum
773 795 985 833 identidem
1028 798 1238 846 respicere,
1283 799 1312 833 si
1357 797 1511 845 qmmdo
1552 808 1687 834 sensus
1728 797 1869 846 aliquis

67 855 249 904 prodiret.
310 855 377 891 Dii
410 855 597 902 Deaeque
630 854 844 902 Epicureae
878 865 1010 892 omnes
1042 854 1205 903 perdant
1235 854 1337 891 hunc
1369 866 1513 901 casum,
1548 856 1613 902 qui
1644 854 1738 891 mihi
1770 867 1871 892 nnn-

71 925 187 962 quam
219 924 267 950 ne
300 914 449 949 eminus
482 912 638 960 quidem
671 911 872 950 ostendere
905 914 1043 960 potuit,
1077 912 1182 961 qnod
1214 912 1262 949 ad
1296 914 1527 950 sententiam
1562 912 1732 961 aliquam
1767 913 1870 949 allu-

71 972 195 1018 deret,
229 983 315 1008 cum
347 971 554 1019 plurimum
587 972 771 1019 temporis
805 971 981 1018 eriperet.
1027 970 1161 1019 Itaque
1195 971 1346 1007 chartas
1379 983 1483 1007 mens
1518 971 1740 1008 Aetherioni
1770 971 1865 1020 Epi-

73 1041 188 1067 cureo
220 1029 359 1066 tradidi
394 1031 429 1065 in
457 1029 619 1077 Apirum
642 1028 974 1077 transportandas,
1007 1029 1210 1078 feruntque
1244 1030 1296 1066 ibi
1319 1028 1406 1066 illas
1429 1029 1554 1066 adhuc
1586 1031 1683 1066 inter
1714 1036 1866 1067 atomos

68 1088 233 1125 volitare
266 1088 546 1133 confusissime,
580 1086 818 1123 nullinsdum
850 1098 986 1124 sensus
1021 1085 1187 1125 ce1·tas.“

214 1146 422 1194 Subjunxit
444 1144 635 1194 Keplerus
666 1144 763 1182 libro
788 1144 834 1182 de
857 1144 972 1182 stella
993 1156 1098 1182 nova
1118 1146 1408 1194 inquisitionem
1442 1144 1492 1182 de
1525 1157 1651 1183 anno
1676 1145 1866 1183 Christi

70 1203 246 1250 natali,
285 1216 400 1252 qnam
434 1203 511 1240 vol.
544 1203 612 1240 IV.
647 1216 683 1252 p.
721 1206 799 1240 175
832 1215 882 1240 ss.
915 1205 1203 1252 praemisimus,
1244 1203 1467 1253 adjunctam
1501 1205 1637 1243 ceteris
1670 1203 1716 1241 de
1750 1204 1863 1241 chro-

69 1262 228 1309 nologia
269 1263 419 1310 scriptis
452 1261 622 1310 Kepleri.
684 1261 727 1297 In
760 1261 833 1298 hac
875 1273 1030 1310 qnoque
1074 1261 1290 1299 studiorum
1331 1274 1487 1299 suorum
1531 1267 1638 1310 parte
1671 1269 1868 1299 strenuum

70 1332 111 1359 se
142 1321 302 1369 praebet
325 1320 563 1357 defensorem
598 1330 746 1365 eorum,
782 1331 881 1367 quae
914 1332 1007 1356 vera
1039 1331 1125 1358 esse
1158 1322 1360 1369 cognovit,
1398 1320 1629 1357 indefessum
1664 1322 1701 1356 in
1737 1321 1868 1369 inqui-

70 1378 197 1416 rendis
232 1379 556 1427 chronologorum
589 1384 626 1415 et
658 1377 925 1414 historicorum
957 1377 1084 1424 libris,
1120 1380 1427 1416 versatissimum
1461 1380 1498 1414 in
1532 1378 1637 1416 libris
1679 1380 1798 1415 sacris
1832 1385 1869 1416 et

69 1438 364 1485 grammaticum
396 1438 490 1474 satis
522 1435 726 1474 eruditum.
789 1436 848 1473 De
880 1438 1124 1483 auctoritate,
1160 1449 1236 1485 qua
1269 1448 1360 1474 usus
1394 1442 1462 1483 est,
1497 1448 1582 1474 cum
1615 1437 1663 1473 ab
1699 1439 1868 1485 impera—

72 1501 154 1533 tore
186 1495 442 1532 Ratisbonam
477 1499 700 1541 vocaretur,
747 1499 786 1530 nt
814 1494 1005 1542 judicium
1045 1495 1158 1533 ferret
1192 1495 1237 1533 de
1270 1495 1519 1533 instituendis
1551 1495 1679 1532 Fastis
1715 1493 1869 1543 Grego-

70 1554 202 1600 rianis‚
236 1555 341 1602 prius
366 1553 546 1599 diximus,
580 1553 810 1590 auctoritate
837 1559 979 1597 autem,
1015 1564 1091 1601 qua
1123 1555 1263 1590 nostris
1290 1565 1444 1602 quoquc
1478 1553 1717 1601 temporibus
1753 1556 1872 1590 utitur

70 1613 108 1648 in
140 1611 464 1660 chronologorum
497 1611 625 1657 libris,
661 1622 749 1648 vere
783 1622 869 1648 eum
905 1610 1062 1659 dignum
1097 1624 1181 1649 csse
1214 1612 1380 1649 sufficiet
1411 1613 1444 1648 si
1477 1611 1672 1657 dicamus,
1705 1613 1870 1660 primum

69 1683 92 1707 a
123 1666 294 1718 Keplero
327 1669 632 1708 demonstratum
665 1674 702 1706 et
730 1669 811 1717 jam
847 1675 886 1705 nt
918 1681 1051 1707 verum
1085 1676 1286 1718 acceptum
1319 1682 1423 1715 esse,
1458 1681 1586 1707 aeram
1611 1669 1870 1708 Christianam

69 1727 185 1766 hodie
219 1730 402 1766 usitatam
435 1739 634 1766 erroneam
669 1739 752 1765 esse
777 1726 1047 1776 Christumque
1080 1734 1213 1765 natum
1245 1728 1293 1766 ad
1326 1730 1524 1765 minimum
1558 1729 1729 1777 quinque
1761 1730 1871 1765 annis

73 1792 162 1824 ante
195 1798 350 1832 annum,
384 1798 497 1835 quem
531 1786 693 1824 dicimus
725 1787 890 1833 primum
923 1798 1034 1823 aerae
1068 1786 1322 1824 Christianae.
1350 1809 1398 1813 ——

212 1844 450 1882 Tabulae
483 1843 864 1892 Rudolphinae,
898 1856 994 1892 quas
1029 1848 1068 1881 ut
1100 1844 1305 1882 conficeret
1332 1844 1525 1894 Keplerns
1557 1845 1606 1881 ab
1640 1846 1870 1893 imperatore

71 1902 282 1952 Rudolpho
324 1905 424 1940 inter
456 1903 533 1940 alia
565 1902 750 1940 mandata
782 1908 1003 1950 acceperat,
1048 1904 1252 1940 absolutae
1294 1909 1383 1940 sunt
1423 1914 1523 1940 anno
1559 1902 1711 1939 demum
1747 1907 1869 1949 1626,

72 1963 258 1999 vicesimo
291 1963 425 2010 quinto
461 1973 508 1998 ex
540 1972 616 2009 quo
650 1961 943 1998 observationes
976 1961 1174 2011 Tychonis
1206 1961 1377 2010 Keplero
1409 1961 1574 1998 traditae
1606 1967 1706 1997 sunt.
1771 1959 1872 1998 Usus

70 2019 197 2057 estad
220 2019 289 2056 has
322 2019 476 2057 tabulas
509 2020 573 2065 iis,
608 2031 706 2068 quae
730 2018 956 2056 intermedio
990 2025 1160 2069 tempore
1184 2031 1287 2057 nova
1318 2021 1354 2055 in
1389 2020 1621 2056 astronomia
1657 2020 1870 2065 invenerat,

72 2089 197 2126 eaque
236 2083 280 2114 ut
323 2080 439 2115 etiam
478 2089 589 2114 usum
635 2076 954 2125 logarithmornm
998 2079 1034 2114 in
1075 2078 1233 2115 calculis
1277 2078 1543 2115 astronomicis
1584 2084 1620 2114 et
1663 2089 1708 2114 ex
1743 2076 1872 2128 „Hip-

71 2133 241 2184 parcho“
277 2147 348 2173 suo
380 2135 515 2173 Lunae
546 2135 739 2172 theoriam
781 2134 1026 2172 emendatam
1058 2138 1094 2172 in
1131 2134 1413 2185 „praeceptis“,
1447 2147 1546 2184 quae
1588 2141 1676 2172 sunt
1713 2147 1872 2173 numero

76 2198 157 2232 209
191 2195 419 2243 praemissa,
453 2193 634 2242 explicat.
677 2192 804 2230 Tanto
836 2193 1014 2231 meliores
1047 2199 1085 2231 et
1116 2196 1374 2232 accuratiores
1407 2200 1495 2230 sunt
1528 2193 1600 2230 hae
1633 2193 1791 2230 tabulae
1814 2195 1871 2239 iis,

76 2263 177 2300 quae
210 2257 326 2289 antea
356 2253 393 2288 in
426 2263 499 2288 usu
530 2251 698 2297 fuerant,
740 2258 782 2287 ut
821 2253 951 2288 statim
990 2253 1099 2289 initio
1132 2253 1181 2290 ab
1215 2253 1394 2290 omnibus
1435 2253 1666 2288 astronomis
1703 2253 1871 2288 maximo

76 2315 260 2359 acceptae
304 2310 446 2347 fuerint
484 2309 628 2357 gaudio
660 2315 697 2346 et
729 2310 898 2347 maxima
930 2311 966 2345 in
999 2315 1195 2349 auctorem
1237 2303 1379 2359 gradal
1437 2309 1551 2347 Solae
1585 2311 1620 2345 in
1660 2321 1733 2347 usu
1765 2315 1872 2347 erant

71 2380 141 2418 per
172 2368 346 2406 seculum
381 2367 572 2406 decimum
604 2368 808 2416 septimum
841 2373 878 2405 et
910 2373 989 2405 tum
1023 2368 1177 2406 demum
1209 2368 1480 2414 exoleverunt,
1524 2379 1610 2405 cum
1648 2369 1870 2413 astronomi,

72 2426 298 2464 melioribus
332 2437 448 2474 quam
480 2432 596 2463 antea
627 2425 813 2462 adhibitis
846 2427 1107 2464 instrumentis
1140 2432 1177 2465 et
1200 2427 1349 2464 calcnio
1383 2427 1640 2463 astronomico
1673 2427 1709 2461 in
1734 2426 1871 2462 melius

75 2496 201 2531 verso,
235 2484 538 2522 accuratioribus
571 2484 908 2521 observationibus
947 2487 1006 2522 usi
1047 2497 1171 2523 novas
1203 2485 1412 2523 conderent
1452 2484 1605 2522 tabulas
1639 2483 1872 2532 easdemque

75 2544 228 2581 innixas
258 2542 519 2580 fundamentis
551 2554 574 2579 a
603 2541 772 2590 Keplero
807 2543 955 2590 positis.

215 2600 342 2638 Verbo
385 2605 533 2637 tantum
574 2599 735 2638 dicimus
778 2600 935 2650 Kepleri
982 2600 1424 2652 „Stereometriam
1469 2595 1779 2645 doliorunw‘,
1825 2611 1870 2637 cx

73 2659 314 2708 praefatione
344 2664 476 2696 nostra
507 2658 554 2695 ad
587 2659 688 2696 hunc
720 2657 858 2695 librum
891 2659 986 2696 haec
1010 2665 1245 2708 repetentes:
1283 2660 1411 2709 „viam
1435 2660 1629 2707 ingressus
1654 2663 1709 2694 est
1732 2659 1869 2706 singn-

73 2717 207 2764 larem,
238 2717 392 2754 innixus
424 2716 578 2765 quidem
612 2717 807 2754 veteribus
838 2716 1133 2763 mathematicis,
1168 2722 1209 2754 ut
1234 2716 1461 2754 Archimede
1485 2721 1523 2753 et
1546 2715 1768 2765 Apollonio,
1802 2714 1871 2752 sed

73 2777 240 2812 maxima
285 2786 331 2812 ex
369 2780 477 2823 parte
519 2775 578 2811 sui
619 2776 763 2823 ingenii
806 2775 972 2812 confisus
1015 2787 1186 2824 ususque
1229 2774 1429 2821 subsidiis,
1474 2785 1675 2822 novasque
1718 2775 1799 2810 vias
1835 2778 1872 2810 et

74 2835 242 2871 rationes
274 2832 447 2882 pandens
478 2833 707 2881 aequalibus
738 2836 776 2870 e't
809 2830 1017 2882 poste1·is.“
1057 2855 1101 2859 —

213 2890 353 2929 Omnia
386 2902 485 2939 quae
517 2889 644 2928 adhuc
674 2893 926 2928 tractavimus
958 2891 1117 2940 Kepleri
1151 2901 1268 2939 opera
1290 2888 1328 2926 id
1351 2889 1496 2927 habent
1518 2900 1731 2933 commune,
1767 2888 1870 2936 quod

76 2960 207 2987 eorum
239 2953 373 2987 auctor
403 2954 665 2986 astronomum
697 2948 960 2987 doctissimum
993 2950 1030 2984 in
1064 2950 1110 2985 iis
1141 2959 1182 2984 se
1216 2948 1382 2992 exhibet,
1417 2949 1480 2995 qui
1514 2958 1588 2984 non
1612 2946 1725 2983 modo
1749 2952 1875 2983 astro-

76 3008 228 3044 nomiae
260 3007 458 3044 historiam
493 3017 702 3055 omnesque
734 3007 818 3055 ejus
850 3009 1012 3044 virtutes
1046 3013 1083 3043 et
1105 3007 1213 3051 vitia,
1247 3005 1526 3043 recentioribus
1559 3005 1874 3053 inquisitionibus

77 3066 327 3114 investigata,
361 3065 650 3102 accuratissime
681 3066 845 3111 noverit,
878 3064 945 3102 sed
980 3066 1096 3101 etiam
1129 3068 1254 3101 totum
1287 3064 1370 3112 ejus
1404 3075 1515 3100 usum
1538 3068 1654 3111 atque
1686 3064 1875 3100 rationem

77 3124 231 3173 penitus
262 3127 502 3173 perspectam
534 3122 699 3171 habeat,
744 3124 888 3172 quique
921 3124 958 3158 in
992 3122 1088 3160 libro
1121 3121 1167 3160 de
1199 3121 1336 3159 Martis
1378 3122 1548 3159 motibus
1586 3122 1805 3171 partimque
1836 3122 1874 3157 in

147 3190 272 3224 Kepleri
291 3189 390 3222 Opera
408 3189 490 3215 VIII.
1556 3187 1599 3223 55
