2126 3388
219 124 303 169 698
895 126 979 162 Vita
1003 127 1026 162 J
1029 127 1153 163 oannis
1178 128 1340 174 Kepleri.

218 244 431 290 videbitur,
473 243 612 291 quibus
644 254 716 292 ego
748 243 899 282 duobus
929 248 1278 294 propugnatoribus
1309 259 1384 286 non
1418 247 1605 286 dubitabo
1636 249 1755 286 totius
1794 250 1897 287 orbis
1923 250 2006 298 jam

217 305 402 340 excitatas
435 302 705 338 insectationes
738 302 825 339 sorti
855 304 982 340 animo
1023 305 1221 345 sustinere.
1283 306 1350 343 Sin
1383 309 1511 343 autem
1554 306 1591 342 id
1624 312 1852 345 consecutus
1884 308 2003 354 suero,

220 366 260 397 ut
293 372 391 408 quae
423 360 552 395 insunt
595 358 763 406 infirma,
807 362 939 409 inepta
980 366 1017 398 et
1057 362 1238 409 puerilia,
1279 364 1411 412 qualia
1438 364 1532 400 mihi
1568 376 1636 412 per
1673 369 1855 402 aetatem>
1888 365 2008 403 multa

219 418 459 461 exciderunt,
500 427 660 453 censura
693 418 857 455 volueris
890 424 1044 465 notare,
1078 431 1125 457 an
1159 433 1230 469 ego
1263 433 1337 459 non
1366 433 1514 459 rursum
1546 421 1766 470 huJusmodi
1798 423 2006 472 reprehen-

219 478 363 512 sionem
403 474 520 510 totius
561 475 712 522 mundi,
754 477 784 511 si
818 482 937 522 esset,
979 479 1153 515 assensui
1193 479 1437 527 praeferam?
1488 479 1734 528 Exemplaria
1764 491 1839 518 nou
1872 481 2006 518 dubito

219 535 308 581 quin
341 537 454 569 antea
485 531 642 577 habeas,
677 544 793 581 quare
825 534 936 571 facilc
968 537 1115 583 patior,
1147 543 1189 573 ut
1220 537 1425 575 difficultas
1457 537 1737 575 transmittendi
1771 550 1838 587 per
1858 544 2006 576 tantum

220 589 461 627 intervallum
504 602 526 625 a
567 590 751 628 mittendo
794 603 854 628 me
898 598 1048 631 avocet.
1122 594 1291 631 Tuorum
1336 600 1464 632 autem
1509 607 1666 644 operum
1712 596 1761 633 ad
1803 607 1872 633 nos
1912 596 2009 633 nihil

218 649 412 697 perfertur,
446 659 620 696 quaeque
644 648 689 686 de
710 653 747 686 te
770 650 952 698 sciebam,
986 662 1031 688 ex
1053 650 1261 690 Maestlino
1284 652 1503 691 didiceram.
1556 653 1679 690 Dabis
1701 655 1816 702 igitur
1842 655 2006 701 veniam,

218 708 247 743 si
282 707 420 754 quibus
453 707 489 741 in
521 705 615 743 locis
647 707 701 743 tui
733 708 898 745 nominis
930 710 1162 747 mentionem
1194 710 1337 748 faciens
1369 711 1546 760 injuriam
1580 712 1649 748 tibi
1681 716 1849 760 tuaeque
1880 712 2007 761 hypo-

218 765 313 802 thesi
345 764 496 802 faciam.

356 821 472 858 Plura
503 821 691 860 dicturum
724 825 1065 873 quaesiturumque
1086 827 1301 864 reverentia
1323 838 1383 864 me
1405 828 1554 864 retinet.
1598 826 1717 875 Aperi
1738 826 1900 865 luctanti
1923 828 2008 865 voci

218 882 321 917 viam
351 881 504 928 scriptis
536 880 586 917 ad
617 893 676 918 me
708 883 962 929 paucissimis,
996 883 1139 921 efficies
1170 886 1270 921 enim
1302 890 1344 921 ut
1364 885 1434 921 tibi
1467 884 1736 932 demonstrem,
1770 889 1913 934 quanto
1937 887 2008 922 sim

217 938 388 976 discendi
410 950 524 986 quam
545 938 672 976 laudis
695 939 879 988 cupidior.
923 940 1041 987 Vale,
1075 941 1143 978 Vir
1164 942 1421 990 nobilissime,
1455 955 1618 992 meaque
1641 943 1710 980 tibi
1741 942 1870 980 studia
1901 954 2008 981 com-

216 996 399 1034 mendata
431 995 542 1034 habe.

354 1053 410 1092 Id.
444 1054 538 1092 Dec.
575 1058 696 1093 1597.
1161 1057 1260 1094 Nob.
1295 1062 1333 1095 et
1363 1057 1496 1107 Magn.
1537 1059 1646 1097 Tuae
1676 1060 2009 1097 reverentissimus

1160 1114 1216 1152 M.
1239 1115 1281 1152 J.
1304 1115 1516 1163 Keplerus,
1550 1116 1609 1156 ΙΙΙ.
1634 1116 1786 1167 Styriae
1802 1117 2011 1155 Procerum

1159 1173 1196 1209 in
1222 1171 1436 1223 Gymnasio
1461 1173 1670 1213 Graecensi
1698 1175 2009 1213 Mathematicus.

357 1273 594 1308 Raimarus
626 1272 762 1307 Ursus
795 1273 864 1307 hoc
897 1283 991 1307 anno
1023 1273 1211 1317 respondit
1243 1274 1288 1309 ad
1318 1273 1441 1308 literas
1473 1273 1623 1318 Kepleri
1659 1284 1751 1309 anno
1785 1273 1871 1309 1595
1909 1273 2011 1308 datas

219 1339 258 1372 (v,
285 1346 317 1375 p.
337 1335 426 1371 686),
454 1330 636 1374 exemplar
662 1334 835 1374 expetens
860 1330 1062 1372 Prodromi,
1091 1331 1195 1365 simul
1222 1341 1263 1366 eo
1289 1341 1403 1375 usque
1427 1342 1642 1376 progressus
1668 1336 1722 1365 est
1747 1331 1852 1366 homo
1879 1332 2012 1376 gloriae

217 1389 366 1433 cupidus
392 1389 644 1433 Tychonisque
669 1388 873 1423 auctoritati
906 1388 1168 1423 astronomicae
1194 1389 1307 1432 magis
1333 1390 1518 1433 magisque
1549 1389 1724 1425 crescenti
1757 1389 1937 1433 invidens,
1973 1394 2012 1424 ut

217 1448 338 1483 literas
364 1447 443 1482 illas
470 1447 615 1491 Kepleri
642 1447 850 1491 praefixerit
874 1446 1046 1481 tractatui
1072 1457 1149 1488 suo,
1175 1457 1279 1490 quem
1304 1447 1488 1491 inscripsit
1517 1447 1591 1488 „De
1617 1446 1876 1481 Astronomicis
1900 1446 2011 1491 hypo-

219 1506 415 1540 thesibus.“
467 1505 589 1550 Tycho
615 1509 808 1540 tractatum
834 1505 930 1539 hunc
961 1503 1066 1538 simul
1101 1515 1179 1538 cum
1206 1505 1355 1549 Kepleri
1380 1505 1534 1550 epistola
1559 1505 1604 1539 ad
1634 1505 1754 1549 ipsum
1780 1504 1864 1538 data
1890 1505 2012 1548 (mense

219 1567 406 1607 Decembri)
433 1564 573 1607 accepit
599 1568 634 1597 et
659 1568 776 1597 motus
801 1563 883 1598 Ursi
909 1562 1106 1607 calumniis,
1133 1562 1261 1606 quibus
1280 1563 1431 1598 refertus
1450 1567 1505 1598 est
1522 1567 1698 1598 tractatus
1715 1562 1788 1607 ille,
1815 1562 2012 1607 Keplerum

218 1623 304 1658 adiit
330 1623 451 1666 (Aprili
478 1623 580 1666 1598)
606 1631 794 1666 quaerens,
823 1620 950 1665 quibus
976 1625 1095 1655 motus
1121 1620 1238 1654 causis
1264 1620 1444 1655 hominem
1469 1621 1564 1656 hunc
1590 1622 1699 1656 tantis
1717 1620 1883 1657 laudibus
1909 1632 2010 1656 orna-

220 1680 321 1715 verit.
374 1680 582 1724 „Cuperem,
609 1679 744 1722 inquit,
770 1684 810 1713 ut
835 1678 949 1723 primo
977 1688 1120 1722 quoquc
1145 1683 1306 1722 temporo
1332 1680 1428 1723 apud
1453 1689 1508 1713 me
1535 1678 1754 1714 declaratum
1778 1678 2010 1723 relinqueres.

217 1750 261 1772 an
286 1738 350 1772 tibi
376 1742 517 1783 gratum
543 1737 604 1781 sit,
637 1737 734 1781 quod
768 1737 818 1770 sic
853 1735 979 1771 fecerit
1005 1735 1140 1778 (literas
1168 1735 1313 1780 Kepleri
1338 1735 1587 1780 publicaverit)
1624 1740 1659 1771 et
1696 1735 1781 1780 quid
1807 1736 1850 1771 de
1876 1736 2009 1781 scripto

214 1797 283 1831 isto
309 1795 489 1841 virulento
512 1796 675 1830 sentias.‘⁸
719 1794 916 1830 Excusatio
943 1793 1090 1838 Kepleri
1113 1794 1256 1838 aliaque
1280 1804 1372 1838 quae
1400 1794 1444 1828 ad
1471 1794 1603 1829 Ursum
1633 1793 1732 1829 illum
1757 1795 1938 1838 pertinent
1961 1794 2010 1829 le-

216 1857 346 1898 gantur
370 1853 440 1889 101.
468 1854 493 1887 Ι.
518 1865 553 1898 p.
579 1854 647 1889 220
673 1864 720 1888 ss.

356 1912 615 1946 Herwartus
642 1911 691 1946 ab
716 1910 1004 1954 Hohenburg,
1038 1910 1212 1944 Bavariae
1244 1909 1500 1952 cancellarius,
1535 1910 1688 1954 primum
1720 1909 1790 1944 hoc
1823 1920 1915 1945 anno
1946 1920 2011 1954 per

218 1969 341 2004 literas
367 1970 454 2005 adiit
478 1970 839 2014 Keplerum,.petens
864 1978 929 2013 per
946 1967 1122 2003 Jesuitam
1142 1967 1440 2011 Grnnbfflgerum,
1469 1968 1529 2011 qui
1555 1967 1668 2003 Gratii
1692 1967 1910 2003 mathemata
1928 1979 2009 2013 pro-

219 2028 397 2072 fitebatur,
423 2033 462 2062 ut
481 2027 657 2071 judicium
691 2027 757 2062 sibi
791 2027 900 2061 ferret
933 2027 975 2061 de
1011 2026 1092 2061 loco
1121 2026 1273 2069 quodam
1299 2026 1454 2070 Lucani,
1486 2026 1522 2059 in
1551 2037 1619 2069 quo
1646 2025 1862 2070 astrologica
1888 2037 2009 2061 occur-

217 2090 308 2121 rant.
343 2086 612 2131 Responsiones
637 2086 795 2130 Kepleri,
823 2084 928 2120 datae
956 2085 987 2118 d.
1010 2086 1061 2120 17,
1081 2085 1178 2128 Sept.
1199 2088 1234 2118 et
1250 2083 1305 2118 24.
1326 2084 1411 2117 Dec.
1436 2083 1538 2126 1597,
1564 2082 1730 2127 legantur
1756 2084 1824 2119 vol.
1844 2084 1874 2120 I.
1892 2096 1930 2129 p.
1948 2086 2005 2121 60.

219 2146 255 2179 til
288 2148 322 2178 et
349 2144 416 2178 rol.
443 2145 501 2178 IV.
529 2155 562 2188 p.
589 2144 746 2189 73-873
774 2155 818 2178 ex
844 2143 1042 2188 posteriore
1067 2142 1164 2176 hunc
1189 2140 1456 2184 paragraphum
1480 2141 1696 2185 repetimus:

355 2205 450 2242 Cum
482 2207 715 2253 accepissem
746 2207 876 2243 literas
900 2204 1004 2241 Tuas
1031 2206 1099 2249 (24.
1127 2205 1217 2249 Oct.)
1251 2208 1287 2240 et
1310 2202 1679 2250 animadvertissem,
1713 2209 1754 2240 ut
1788 2203 1857 2240 tibi
1888 2205 2006 2241 satis-

217 2264 381 2301 facerem
411 2263 586 2301 nonnihil
617 2263 708 2300 mihi
740 2264 885 2301 laboris
918 2274 1000 2299 esse
1032 2261 1287 2307 subeundum,
1315 2261 1397 2309 jam
1430 2266 1510 2297 tum
1539 2262 1681 2298 omissa
1713 2272 1804 2298 cura
1836 2260 2007 2299 celeriter

216 2321 471 2370 respondendi
505 2323 613 2369 coepi
643 2321 735 2358 mihi
768 2323 886 2359 otium
921 2320 1119 2369 dispicere.
1164 2318 1313 2367 Quibus
1345 2319 1446 2356 enim
1470 2319 1790 2372 occupationibus
1813 2318 2006 2369 (quamvis

218 2386 254 2417 ct
286 2381 461 2428 privatus
493 2384 530 2416 et
558 2380 732 2427 Juveuis)
767 2379 981 2426 distringar,
1015 2389 1090 2415 non
1123 2383 1180 2414 est
1212 2388 1351 2426 operae
1374 2377 1538 2425 pretium
1560 2388 1770 2424 recensere,
1803 2378 1876 2414 nisi
1900 2384 1942 2414 ut
1968 2377 2006 2414 id

216 2439 434 2475 summatim
468 2437 613 2482 dicam,
657 2449 716 2474 1110
758 2439 822 2473 vix
862 2438 1059 2484 respirare.
1125 2435 1221 2472 Cum
1252 2436 1369 2483 igitur
1402 2434 1533 2472 dedita
1565 2446 1683 2484 opera
1712 2446 1792 2472 rem
1822 2437 1860 2471 in
1891 2435 2006 2473 ferias

218 2496 415 2533 natalitias
446 2495 675 2544 rejecissem,
710 2501 750 2532 ut
781 2502 909 2532 tamen
942 2500 1049 2530 tanto
1083 2504 1205 2530 essem
1236 2494 1406 2541 paratior
1437 2492 1696 2541 postmodum,
1728 2494 1876 2531 interea
1905 2504 2006 2530 non-

217 2554 342 2590 nullas
373 2554 485 2590 horas
517 2553 604 2590 aliis
635 2553 853 2599 laboribus,
888 2563 947 2588 me
980 2551 1134 2588 hercule
1157 2552 1358 2588 contemtis
1392 2555 1428 2588 et
1459 2550 1724 2599 poenitendis,
1763 2551 1863 2588 furto
1895 2553 2006 2600 quasi

210 2618 366 2661 ereptas
398 2613 435 2648 iu
467 2611 672 2648 lectionem
697 2611 856 2656 Lucani,
891 2609 1067 2647 Caesaris
1099 2614 1136 2646 et
1168 2610 1368 2657 utriusque
1390 2608 1586 2647 Ciceronis
1619 2608 1868 2658 epistolarum
1890 2609 2006 2647 volu-

218 2672 329 2707 minis
361 2670 532 2707 insumsi.
569 2690 619 2696 -—

354 2736 411 2769 Ex
437 2734 549 2769 literis
575 2733 754 2778 prioribus
780 2733 869 2767 hacc
894 2736 1034 2767 tantum
1060 2734 1237 2777 notamus,
1264 2742 1354 2777 quae
1379 2731 1425 2766 ad
1449 2731 1625 2766 Joanncm
1650 2731 1849 2776 Baptistam
1874 2732 2004 2769 Fick-

219 2794 357 2827 lerum
383 2794 577 2837 pertinent,
611 2792 775 2826 electoris
801 2791 1037 2825 Maximiliani
1063 2791 1092 2825 Ι.
1126 2791 1299 2826 Bavariae
1325 2790 1425 2825 ducis
1460 2794 1742 2834 praeceptorem.
1791 2789 1886 2824 Petit
1910 2790 2005 2835 Kep-

218 2851 324 2894 lerus,
354 2856 413 2892 „ut
440 2852 645 2885 Herwartus
673 2861 710 2885 se
736 2851 884 2884 Doctori
900 2849 1078 2890 Ficklero‚
1104 2850 1177 2885 viro
1197 2849 1404 2892 clarissimo,
1430 2848 1492 2892 qui
1508 2847 1818 2892 consanguinitate
1836 2854 2004 2892 parentes

221 2920 303 2943 suos
328 2910 487 2953 attingat,
515 2909 770 2943 commendet“.
821 2908 938 2942 Vitam
964 2908 1070 2952 hujus
1095 2907 1252 2942 Fickleri
1278 2907 1356 2941 11110
1382 2905 1478 2949 apud
1505 2906 1703 2940 Grunerum
1729 2915 1764 2948 p.
1791 2906 1835 2940 30
1860 2917 1889 2940 s.

358 2968 460 3001 Duae
485 2973 676 3011 supersunt
694 2967 869 3011 epistolae
887 2966 1020 3001 Marti
1032 2966 1074 3000 ni
1093 2967 1176 3001 Cru
1189 2965 1261 3009 sii,
1288 2964 1438 2999 celebris
1455 2964 1551 2998 illius
1570 2963 1783 3007 professoris
1801 2964 2003 3009 Tubingen-

223 3025 287 3067 sis,
321 3025 364 3058 ad
396 3026 589 3069 Keplerum
632 3026 732 3059 annis
765 3025 854 3060 1596
888 3029 923 3058 et
959 3025 1002 3060 97
1035 3024 1160 3067 datae,
1202 3034 1220 3057 e
1251 3023 1379 3066 quibus
1418 3027 1584 3066 apparet,
1630 3020 1732 3055 illum
1774 3022 2004 3067 respondisse

223 3081 366 3125 Crusio,
394 3082 579 3126 quaerenti
605 3082 647 3116 de
673 3082 778 3119 rebus
804 3082 1064 3126 chronologicis
1089 3085 1125 3117 et
1149 3080 1400 3126 genealogicis.
1450 3080 1515 3115 Die
1541 3080 1615 3124 ἣν).
1636 3079 1852 3116 Junii159ss.
1879 3080 2004 3125 scribit
