2157 3398
284 171 365 216 662
690 171 927 208 Summarium
949 170 1131 208 Historiae
1155 171 1406 209 Astronomiae
1430 172 1552 208 seculo
1575 172 1670 209 XVI.

290 292 423 335 centes,
450 290 527 334 eius
554 293 675 324 tamen
699 288 821 333 aliqua
846 288 1043 324 scintillula
1066 289 1276 334 illustratos,
1304 290 1348 325 ad
1374 299 1412 325 se
1437 294 1541 325 vocet
1565 294 1601 324 et
1625 290 1730 335 quasi
1753 289 1917 325 nolentes
1941 290 2072 327 trahat.

284 349 377 383 Hinc
403 352 457 382 est
481 346 575 391 quod
602 356 686 391 ego,
718 347 863 390 ignotus
889 347 954 381 tibi
988 347 1090 390 licet,
1126 348 1324 392 sapientiae
1356 353 1439 383 tuae
1474 347 1650 391 fulgorem
1675 348 1719 382 ab
1745 348 1926 382 academia
1951 353 2074 384 nostra

283 406 502 442 Bononiensi
535 404 631 439 haud
664 404 771 439 facile
804 404 921 449 patiar
956 405 1094 439 abesse.
1151 405 1443 449 Sapientissimus
1475 406 1510 440 J.
1544 407 1587 441 A.
1618 406 1804 450 Maginus,
1840 406 2074 441 clarissimum

286 463 617 499 mathematicorum
653 461 792 502 lumen,
828 472 959 506 parens
995 462 1072 505 ejus
1099 463 1250 505 quaein
1275 473 1331 497 me
1357 467 1413 498 est
1446 462 1675 498 scientiarum
1710 463 1904 507 scintillae,
1940 464 2072 508 elapsis

287 522 410 556 diebus
437 522 505 562 (11.
534 521 644 563 Febr.)
681 519 725 553 ad
759 524 940 555 aeternam
975 525 1153 555 astrorum
1180 520 1437 565 cognitionem,
1471 525 1510 556 ut
1535 525 1713 565 putamus,
1741 532 1760 556 e
1785 522 1872 556 vivis
1897 523 2074 558 abductus

285 584 348 613 est.
399 579 537 611 Moeret
562 577 746 612 academia
771 578 1026 622 Bononiensis,
1053 578 1235 613 ademtum
1260 578 1329 612 sibi
1352 578 1472 613 lumen
1496 579 1616 624 luget,
1641 590 1771 614 novum
1796 580 1999 624 Apollinem
2025 580 2075 614 in-

288 635 457 679 vestigat,
491 644 596 677 quem
621 635 807 675 invenerit,
835 637 978 680 opinor,
1012 636 1042 670 si
1067 637 1136 671 hoc
1162 646 1253 670 onus
1281 635 1400 670 subire
1433 647 1503 671 non
1529 637 1768 671 recusaveris:
1802 647 1867 681 ego
1894 638 1986 672 enim
2009 649 2074 683 pro

285 704 363 728 mea
396 692 504 737 virili,
540 692 600 726 ubi
632 697 732 726 tuam
763 693 808 726 ad
840 695 934 729 hanc
968 694 1089 730 sedem
1120 705 1287 730 noveram
1320 694 1556 739 voluntatem,
1592 694 1722 735 enitar,
1749 698 1789 729 ut
1814 705 1906 739 quae
1930 695 2074 740 scriptis

283 764 425 797 promo,
459 763 498 788 re
522 754 602 798 ipsa
627 755 916 798 comprobentur.
958 754 1104 797 Annue,
1132 752 1396 797 sapientissime
1422 753 1502 796 Vir,
1537 756 1572 786 et
1597 753 1705 787 innue
1738 757 1773 787 et
1798 753 1828 787 si
1851 752 1945 788 forte
1970 754 2075 788 binae

285 810 447 854 ejusdem
480 811 612 846 tenoris
647 811 773 846 literae
799 822 819 846 a
844 821 899 845 me
931 811 996 845 tibi
1026 811 1243 851 redduntur,
1279 810 1376 845 nulla
1406 815 1441 845 te
1468 811 1586 855 capiat
1616 810 1821 853 admiratio,
1857 812 1951 846 nosti
1982 812 2074 846 enim

284 869 450 903 fortunae
475 869 640 910 ludibria,
666 880 758 913 quae
783 870 895 903 vitare
920 879 1019 903 mens
1046 869 1149 903 avida
1174 880 1238 913 pro
1264 868 1398 903 viribus
1423 879 1494 903 non
1522 867 1710 903 erubescit.
1753 868 1833 903 Non
1851 868 1957 913 plura
1980 868 2074 904 face-

284 937 360 961 rem
384 937 451 961 nec
475 932 511 962 te
536 927 581 961 ad
606 928 743 971 majora
767 932 1021 972 properantem
1046 937 1215 971 morarer,
1237 926 1356 962 ardori
1381 931 1442 961 tuo
1468 926 1653 961 ardentem
1676 927 1771 962 hanc
1795 937 1910 962 meam
1937 928 2074 973 cupidi-

286 988 397 1019 tatem
422 984 598 1020 adscribe.
639 986 930 1030 Ephemeridum,
959 996 1048 1029 quas
1074 991 1113 1021 ut
1138 997 1182 1020 ex
1207 986 1279 1020 tuis
1304 985 1349 1019 ad
1367 984 1551 1027 Maginum
1570 985 1720 1028 cognovi
1744 984 1858 1019 literis
1876 985 2073 1030 cogitabas,

285 1042 429 1076 tabulas
454 1053 539 1076 num
564 1044 658 1087 typis
685 1044 913 1087 commiseris,
941 1044 969 1078 si
994 1055 1058 1088 per
1083 1050 1117 1078 te
1143 1055 1285 1088 novero,
1311 1054 1366 1078 me
1388 1043 1463 1087 jam
1480 1042 1618 1087 pridem
1642 1042 1707 1077 tibi
1725 1042 1928 1077 devinctum
1945 1043 2074 1079 reddes

288 1098 603 1135 devinctissimum.
645 1101 792 1135 Interim
816 1101 884 1136 hoc
910 1102 955 1136 sit
980 1102 1247 1137 benevolentiae
1272 1102 1308 1136 in
1326 1106 1361 1136 te
1380 1110 1480 1134 meae
1497 1101 1625 1144 pignus
1643 1105 1839 1136 aeternum.
1881 1100 1969 1136 Vive
1985 1100 2074 1137 felix

286 1161 322 1191 et
347 1156 447 1191 Vale.
496 1157 679 1191 Bononiae
707 1158 780 1193 Cal.
807 1159 928 1194 Martii
957 1162 1053 1195 1617.

467 1215 668 1250 Perillustri
695 1217 904 1251 Celsitudini
931 1216 1029 1251 Tuae
1055 1216 1319 1252 addictissimus
1345 1217 1376 1251 J.
1402 1218 1444 1251 A.
1470 1217 1657 1252 Roffenius
1682 1217 1939 1261 Philosophiae
1963 1217 2005 1252 P.
2033 1217 2072 1253 P.

423 1279 488 1314 His
521 1279 698 1323 Keplerus
730 1281 933 1324 respondit:
973 1278 1011 1316 S.
1036 1278 1078 1315 P.
1102 1278 1151 1314 D.
1198 1277 1304 1326 Quas
1335 1277 1384 1315 ad
1416 1289 1477 1315 me
1509 1277 1590 1315 Cal.
1614 1277 1745 1315 Martii
1768 1277 1908 1315 dedisti
1928 1278 2072 1326 literas,

283 1335 434 1373 Nobilis
467 1341 504 1372 et
535 1335 757 1374 Clarissime
790 1336 870 1383 Vir,
904 1336 1038 1374 eodem
1071 1335 1246 1384 exemplo
1279 1337 1453 1384 geminas
1484 1337 1629 1385 accepi,
1662 1341 1888 1384 argumento
1919 1336 2076 1384 quidem

282 1393 460 1431 luctuoso
500 1398 657 1442 propter
699 1396 882 1432 amissum
920 1406 1110 1431 summum
1142 1394 1180 1430 in
1213 1394 1452 1442 professione
1492 1394 1769 1432 mathematica
1800 1395 1924 1431 virum
1956 1394 2004 1434 D.
2035 1393 2075 1434 J.

288 1451 330 1487 A.
364 1451 565 1499 Maginuln
596 1451 767 1500 mihique
809 1454 1082 1489 amicissimum
1114 1450 1189 1503 (cui
1223 1463 1307 1489 cum
1339 1451 1588 1501 triumphanti
1631 1452 1829 1489 beatarum
1861 1453 2076 1490 animarum

282 1515 395 1546 coetu
427 1516 623 1546 aeternum
656 1511 753 1548 bene
784 1509 868 1560 sit),
913 1510 1006 1547 mihi
1047 1521 1136 1547 vero
1167 1509 1467 1558 perhonorificas
1500 1510 1548 1547 ob
1581 1509 1749 1548 delatam
1789 1512 2074 1548 successionem

281 1568 320 1602 in
350 1566 417 1603 illa
448 1567 731 1605 academiarum
764 1568 942 1616 Europae
975 1569 1144 1605 omnium
1176 1567 1379 1616 metropoli
1411 1568 1610 1614 Bononia,
1650 1579 1740 1605 vere
1771 1573 1891 1606 matre
1922 1568 2074 1606 studio-

282 1636 377 1671 rum,
411 1636 527 1673 quam
560 1626 669 1663 unice
701 1627 870 1675 suspicio
903 1632 940 1663 et
972 1626 1077 1672 colo3
1118 1637 1195 1674 qua
1226 1627 1456 1663 invitatione
1489 1625 1604 1663 simul
1636 1625 1906 1663 demonstrasti
1938 1628 2074 1674 singu-

286 1682 405 1719 larem
435 1684 474 1718 in
505 1695 565 1720 me
597 1695 791 1732 nunquam
825 1686 949 1721 visum
989 1685 1130 1721 amoris
1162 1684 1340 1720 affectum
1373 1690 1410 1721 et
1440 1684 1554 1721 rebus
1586 1685 1679 1732 ipsis
1712 1683 1895 1721 addidisti
1928 1685 2072 1722 verbo-

283 1751 366 1776 rum
399 1746 585 1785 ornatum,
619 1747 726 1778 tanto
759 1742 944 1780 beneficio
979 1743 1284 1779 convenientem.
1346 1741 1428 1779 Etsi
1460 1753 1551 1779 vero
1584 1742 1785 1787 constitui,
1818 1744 1982 1791 primum
2013 1747 2076 1779 at-

282 1809 355 1846 que
386 1797 435 1835 ad
466 1798 525 1836 S²⁴⁰
549 1798 611 1835 Cf*e
635 1799 852 1848 Majestatis
895 1799 1131 1838 audientiam
1172 1799 1362 1837 admissus
1403 1800 1529 1847 suero,
1573 1804 1702 1844 tuum,
1742 1799 1812 1837 Vir
1851 1800 2074 1845 clarissime,

280 1856 354 1893 hoc
386 1861 443 1893 est
485 1856 706 1894 academiae
738 1858 995 1895 Bononiensis
1034 1858 1079 1895 de
1111 1870 1171 1895 me
1199 1858 1387 1905 judicium
1419 1869 1630 1906 exponere,
1673 1859 1900 1907 petitionem
1931 1869 2075 1907 propo-

285 1925 385 1959 nere,
419 1912 658 1952 dissimulare
691 1916 841 1952 interim
871 1927 947 1953 non
979 1927 1148 1964 possum,
1182 1915 1274 1963 quid
1307 1916 1344 1951 in
1377 1927 1494 1953 causa
1527 1920 1710 1963 versetur,
1743 1927 1791 1954 ne
1821 1917 1853 1953 si
1875 1916 2002 1954 forsan
2025 1917 2074 1954 ob

281 1971 563 2008 incommodam
594 1973 858 2010 valetudinem
889 1973 1066 2011 Caesaris
1099 1984 1205 2010 mora
1236 1973 1422 2010 nonnulla
1453 1973 1677 2021 intercedat,
1709 1985 1782 2022 ego
1814 1973 1876 2011 vel
1908 1974 2075 2022 diligen-

282 2030 375 2065 tiam
418 2034 522 2066 tuam
562 2031 598 2066 in
637 2043 697 2067 me
739 2032 1000 2080 promovendo
1040 2031 1204 2081 superbe
1244 2037 1507 2079 contemnere,
1554 2031 1615 2068 vel
1658 2031 1888 2070 desiderium
1937 2032 2075 2070 callide

284 2085 413 2123 differe
446 2087 588 2127 videar.
651 2089 838 2126 Nimirum
871 2100 942 2138 ego
975 2091 1130 2126 natione
1162 2090 1367 2137 animoque
1400 2088 1615 2127 Germanus
1646 2101 1750 2136 sum,
1792 2088 2073 2128 Germanorum

282 2145 452 2180 moribus
494 2146 682 2192 imbutus,
725 2149 770 2184 iis
810 2149 930 2193 vitae,
974 2147 1046 2184 hoc
1077 2152 1136 2185 est
1167 2149 1290 2194 (more
1321 2149 1564 2195 germanico,
1608 2148 1706 2185 inter
1743 2147 1917 2185 literatos
1959 2149 2074 2185 etiam

283 2198 457 2254 recepto)
489 2204 657 2252 conjugii
690 2206 987 2243 necessitatibus
1020 2207 1193 2251 innexus,
1228 2211 1269 2242 ut
1301 2207 1332 2242 si
1356 2205 1417 2242 vel
1440 2207 1521 2254 ipse
1552 2205 1766 2253 Imperator
1786 2211 1942 2251 annuat,
1975 2217 2075 2243 non-

285 2260 358 2295 nisi
392 2258 613 2298 difficillime
647 2261 883 2300 domicilium
915 2275 961 2300 ex
995 2262 1203 2301 Germania
1233 2264 1305 2300 sim
1337 2263 1591 2300 translaturus
1623 2265 1660 2299 in
1692 2262 1859 2302 Italiam.
1912 2263 1969 2301 Ac
2000 2265 2072 2301 etsi

283 2327 344 2353 me
376 2316 499 2365 gloria
530 2319 721 2366 stimulat,
755 2332 802 2357 ex
833 2320 1105 2358 honestissimo
1138 2321 1244 2368 loco,
1278 2322 1315 2356 in
1350 2331 1533 2358 consessu
1564 2321 1784 2359 venerando
1815 2321 2074 2371 professorum

285 2374 590 2413 Bononiensium
621 2377 807 2424 relucens,
841 2383 879 2416 et
909 2390 996 2427 spes
1028 2378 1222 2428 profectus
1253 2384 1432 2427 apparet,
1466 2390 1551 2416 cum
1582 2378 1737 2427 publice
1769 2381 1806 2416 in
1834 2379 2072 2428 professione

282 2432 330 2469 ob
363 2432 595 2470 auditorium
626 2435 994 2483 frequentissimum,
1039 2442 1119 2473 tum
1152 2437 1333 2485 privatim
1363 2438 1401 2473 in
1434 2435 1613 2485 augenda
1641 2448 1702 2484 re,
1736 2442 1776 2474 at
1807 2438 1977 2475 vicissim
2006 2437 2075 2475 illa

283 2490 384 2527 vitae
416 2502 503 2540 pars
534 2498 621 2530 acta
643 2498 711 2539 est,
745 2505 844 2541 quae
866 2494 979 2531 rebus
1011 2495 1122 2531 novis
1156 2495 1313 2531 excitari
1344 2494 1454 2541 solet,
1488 2506 1638 2543 quaeve
1661 2494 1819 2533 delicias
1850 2494 1988 2545 Italiae
2010 2495 2073 2534 vel

281 2550 527 2598 concupiscat
557 2550 619 2588 vel
652 2550 872 2588 diuturnum
905 2563 1035 2589 earum
1065 2552 1229 2590 fructum
1260 2552 1334 2589 sibi
1366 2552 1537 2601 polliceri
1569 2554 1702 2602 possit.
1764 2553 1935 2601 Accedit,
1966 2553 2071 2603 quod

282 2617 303 2643 a
334 2607 462 2656 pueris
503 2606 552 2644 ad
595 2613 694 2646 lianc
733 2620 855 2658 usque
897 2615 1064 2647 aetatem
1105 2609 1320 2648 Germanus
1361 2612 1457 2649 inter
1498 2608 1764 2663 Germanosr)
1806 2622 1852 2649 ea
1892 2610 2071 2651 libertate

421 2770 449 2812 *j
476 2773 514 2803 In
540 2772 735 2802 adversariis
762 2772 842 2803 haee
868 2771 989 2802 delevit
1014 2772 1195 2812 Keplerus:
1216 2797 1224 2805 .
1245 2798 1252 2806 .
1273 2797 1278 2804 .
1301 2797 1308 2805 .
1334 2770 1427 2806 inter
1446 2770 1642 2805 Germanos
1669 2770 1714 2806 de
1738 2771 1922 2807 Romanae
1948 2774 2067 2811 curiae

282 2813 485 2857 pontificiae
525 2816 698 2851 institutis
727 2820 761 2850 et
782 2815 1034 2859 jurisdictione
1066 2827 1175 2860 snper
1207 2817 1396 2861 episcopos
1422 2817 1635 2853 Germaniae
1668 2827 1710 2852 ea
1742 2817 1908 2852 libertate
1941 2820 2068 2856 solitus

280 2870 357 2893 sum
384 2861 501 2905 loqui.
530 2863 630 2905 cnjus
657 2863 845 2905 memoria,
875 2863 1059 2897 Germanis
1085 2863 1283 2898 Bononiam
1308 2863 1568 2898 ventitantibus
1594 2863 1813 2907 adhaerens,
1839 2863 1945 2899 facile
1969 2866 2066 2912 mihi,

286 2905 313 2938 si
339 2917 407 2940 non
433 2908 642 2951 periculum,
669 2909 797 2943 saltem
823 2913 942 2943 notam
969 2908 1124 2953 aliquam
1151 2910 1309 2953 causari,
1337 2910 1561 2954 suspiciones
1587 2910 1729 2945 concire
1746 2919 1874 2953 meque
1894 2912 2067 2957 Coryzeo-

282 2962 358 3001 rum
385 2953 621 2988 delationibus
648 2955 839 2990 obnoxium
864 2955 1014 2990 reddere
1040 2961 1173 2999 posset.
1216 2956 1334 2999 Quare
1361 2957 1429 2991 etsi
1455 2968 1536 2992 cum
1560 2956 1771 2991 haeresibus
1796 2955 1904 3000 hujus
1929 2964 2067 3004 tempo-

282 3008 331 3030 r1s
358 2999 439 3032 nolo
468 3000 555 3034 mihi
580 3001 775 3044 quidquam
801 3012 880 3036 esse
905 3012 1102 3044 commune,
1129 3013 1241 3046 eaque
1267 3002 1311 3037 de
1336 3013 1445 3037 causa
1472 3002 1730 3037 incommodius
1749 3001 1839 3045 dego
1857 3003 1951 3039 inter
1967 3005 2065 3049 ipsos

285 3043 389 3077 etiam
417 3045 623 3086 Germanos,
651 3047 731 3089 quia
756 3052 874 3082 tamen
900 3048 1101 3093 Bononiae,
1130 3059 1221 3093 quae
1247 3049 1373 3083 summi
1397 3049 1581 3084 Pontificis
1607 3053 1662 3082 est
1688 3048 1872 3093 clientela,
1905 3050 2064 3087 haeresis

285 3094 368 3171 esth..
390 3091 559 3135 quidquid
594 3092 705 3127 officit
737 3095 941 3129 auctoritati
973 3099 1007 3129 et
1032 3095 1334 3139 praeeminentiae
1365 3095 1460 3131 sedis
1486 3096 1685 3140 Romanae,
1717 3105 1788 3130 non
1821 3096 1948 3141 opinor
1977 3098 2063 3134 vitio

285 3146 331 3171 mi
359 3147 370 3170 1
394 3142 510 3172 vertes
531 3163 651 3173 .....
