2126 3388
925 191 1025 230 1615.
1781 191 1864 235 831

66 317 198 354 menta
239 317 349 352 tuum
391 312 586 363 exemplat
628 310 894 361 auxiliumque
931 311 1173 361 praestitum.
1225 312 1488 349 Commentaria
1520 313 1611 349 haec
1642 314 1868 350 Hei-wartum

67 375 225 420 Keplero
246 375 322 420 jam
347 383 440 409 anno
470 374 566 410 1607.
593 372 846 414 transmisisse,
874 372 1028 408 diximus
1053 372 1122 407 vol.
1150 372 1196 406 V.
1220 381 1257 415 p.
1285 371 1305 406 6
1332 370 1401 414 (cfr.
1427 384 1461 415 p.
1489 373 1557 415 30),
1585 371 1707 416 ibique
1733 373 1781 417 (et
1807 383 1868 407 an-

67 437 141 469 not.
169 434 225 478 31)
251 433 410 468 invenies
436 442 581 469 causam
608 430 740 467 dilatae
766 431 932 466 editionis
959 440 1074 475 usque
1101 429 1146 465 ad
1172 439 1304 465 annum
1323 429 1425 473 1618,
1452 441 1522 474 quo
1540 430 1647 475 plane
1673 430 1718 466 ad
1744 436 1868 476 typum

65 495 235 537 paratum
267 491 336 526 fuit
362 501 470 537 opus,
504 490 612 527 certis
644 500 726 525 vero
753 489 797 525 de
822 490 939 525 causis
966 492 1018 533 (V.
1046 490 1126 533 3⁶28)
1153 488 1282 523 iterum
1317 488 1508 532 abjectum.
1558 489 1589 523 E
1616 489 1868 534 manuscriptis

64 549 367 585 Pulkoviensibus
402 548 604 584 desumtum
635 548 764 583 librum
809 548 1035 583 exhibuimus
1067 547 1134 582 vol.
1167 546 1211 582 V.
1244 558 1282 591 p.
1315 545 1382 581 335
1417 557 1465 582 ss.
1498 567 1540 571 —
1571 547 1702 582 Libelli
1743 551 1870 583 contra

65 606 259 652 Lydiatum
284 607 526 653 fragmentum
550 611 669 642 exstat
692 618 777 652 pag.
803 606 882 652 220,
909 606 970 642 ubi
994 605 1166 651 legimus,
1195 605 1345 648 „librum
1369 604 1512 650 Lydiati
1538 605 1739 651 Septembri
1762 605 1869 651 hujus

68 665 151 700 anni
176 666 231 701 15.
259 676 338 701 511111
363 668 526 700 nactus“.

205 713 310 759 Litis'
323 735 404 759 cum
429 722 607 767 theologis
626 724 676 768 (v.
695 734 828 758 annum
848 724 952 766 1612)
980 722 1161 767 Keplerus
1186 723 1256 758 hoc
1274 733 1367 757 anno
1385 723 1515 757 iterum
1532 724 1749 758 mentionem
1774 722 1871 766 facit,

68 786 104 817 et
129 782 326 817 amicorum
353 791 495 826 quoque
519 782 654 816 monita
679 781 846 826 probant,
872 780 956 816 lites
980 781 1060 816 illas
1087 781 1246 816 nondum
1273 781 1489 826 compositas
1508 781 1632 816 fuisse.
1675 782 1732 816 Sic
1749 781 1871 816 scribit

68 840 257 885 Papius:
287 839 443 883 „Scripsi
469 839 586 874 animo
613 838 765 874 candido
792 839 915 883 tuique
933 839 1187 883 amantissimo,
1215 843 1255 874 ut
1272 850 1293 874 a
1311 839 1614 875 commentatione
1631 849 1748 874 rerum
1770 839 1870 874 theo-

66 898 264 943 logicarum
290 898 336 933 ad
359 897 423 932 illa
455 901 491 932 te
517 897 636 932 studia
666 907 833 941 revoceS,
864 898 900 932 in
933 897 1062 942 quibus
1097 901 1137 932 ut
1162 897 1337 933 hactenus
1371 897 1591 940 excelluisti,
1627 898 1678 932 ita
1703 897 1870 942 deinceps

67 957 302 992 subtilissimo
328 961 390 992 tuo
425 956 568 1000 ingenio
592 956 642 991 ita
667 955 845 991 excellcre
869 960 990 1001 potes,
1027 962 1067 991 ut
1101 955 1398 998 aemulatoribus,
1438 960 1616 1000 quotquot
1642 955 1679 990 in
1704 956 1870 991 universo

64 1019 241 1050 terrarum
259 1015 347 1050 orbe
365 1019 460 1059 sunt,
486 1013 643 1059 palmam
659 1013 778 1058 possis
798 1014 970 1059 eripere“‚
997 1020 1033 1050 et
1050 1015 1207 1050 Thomas
1225 1015 1255 1049 L
1267 1025 1317 1049 an
1332 1014 1428 1049 sius
1456 1014 1713 1058 Tubingensis:
1744 1014 1871 1057 „Varia

67 1072 111 1107 de
129 1073 277 1117 Kepleri
306 1072 480 1118 religione
509 1072 664 1117 judicia3
701 1072 930 1108 nihilominus
963 1072 1110 1117 longum
1142 1073 1253 1108 trahit
1287 1073 1481 1108 amicorum
1507 1082 1632 1117 agmen
1660 1077 1695 1107 et
1720 1072 1872 1117 cumpri-

65 1131 132 1166 mis
158 1131 477 1178 ,vicecancellarius
508 1132 551 1165 D.
579 1131 811 1167 Sebastianus
842 1132 977 1176 Faber,
1014 1131 1075 1176 qui
1100 1131 1200 1166 Jovis
1227 1130 1514 1175 Wirtembergici
1548 1135 1604 1165 est
1635 1130 1774 1175 Pallas,
1807 1130 1872 1166 tibi

67 1190 197 1224 mirum
221 1189 257 1224 in
282 1190 428 1225 modum
452 1189 578 1225 favet.‹
630 1190 713 1234 Ipse
738 1189 918 1234 Keplerus
944 1189 1036 1224 idem
1069 1193 1226 1224 testatur
1251 1189 1413 1225 scribens
1444 1189 1489 1224 ad
1515 1189 1661 1223 Petrum
1685 1188 1872 1223 Hoffman-

67 1259 164 1292 num,
190 1248 451 1292 promotionem
477 1247 656 1293 quandam
682 1247 725 1282 ab
743 1248 822 1293 ipso
839 1252 1039 1293 petentem:
1073 1245 1267 1284 Voluntas
1298 1247 1354 1283 tui
1376 1245 1628 1295 promovendi
1651 1245 1746 1282 mihi
1767 1256 1869 1282 nun-

68 1316 184 1354 quam
217 1304 348 1353 defuit,
382 1309 422 1343 at
453 1309 660 1354 postquam
692 1316 715 1341 a
747 1309 783 1341 te
815 1303 992 1341 Lincium
1023 1305 1132 1352 veni,
1165 1304 1301 1342 turbae
1332 1316 1392 1342 me
1426 1315 1628 1353 procaces,
1661 1309 1703 1341 ut
1736 1315 1871 1341 vocem

66 1374 172 1401 novo
204 1375 320 1402 sensu
351 1375 545 1412 usurpem,
581 1367 825 1412 exceperunt,
859 1373 1020 1411 quarum
1054 1365 1258 1401 occasione
1290 1364 1328 1399 in
1360 1363 1448 1400 lites
1480 1364 1594 1400 etiam
1616 1362 1735 1400 incidi
1757 1362 1870 1400 theo-

66 1421 215 1470 logicas
248 1421 509 1471 excludorque
541 1420 604 1459 hic
636 1434 658 1459 a
690 1422 971 1460 communione.
1036 1420 1139 1459 Hinc
1171 1421 1361 1470 intellige,
1407 1426 1551 1470 quanta
1582 1421 1676 1458 mihi
1706 1420 1870 1458 facultas

67 1480 131 1518 vel
161 1481 275 1518 fuerit
307 1479 370 1518 vel
401 1492 486 1519 esse
516 1480 642 1529 possit
673 1481 728 1517 tui
761 1478 1016 1529 promovendi
1049 1481 1086 1516 in
1118 1479 1227 1528 loco,
1260 1481 1327 1517 ubi
1359 1479 1460 1517 idem
1493 1485 1530 1518 et
1561 1479 1695 1528 templi
1725 1480 1871 1528 prima-

67 1539 146 1576 rius
187 1540 361 1577 minister
402 1543 439 1576 et
479 1538 638 1576 scholae
680 1539 874 1587 inspector
911 1542 1042 1575 notam
1085 1539 1177 1576 mihi
1219 1538 1416 1587 publicam
1468 1539 1606 1575 inussit
1653 1538 1870 1585 haereseos,

67 1602 273 1646 propterea
315 1597 419 1646 quod
450 1598 488 1634 in
522 1596 701 1634 omnibus
733 1597 908 1646 partibus
941 1608 987 1634 ea
1016 1597 1163 1646 probo,
1209 1609 1309 1646 quae
1353 1597 1473 1635 verbo
1506 1597 1580 1634 Dei
1612 1601 1871 1634 consentanea

68 1655 314 1704 deprehendi,
348 1667 394 1693 ca
423 1655 553 1705 fugio,
586 1655 650 1693 vel
682 1654 818 1693 saltem
851 1659 1053 1704 protestor,
1087 1667 1187 1704 quae
1220 1657 1258 1692 in
1291 1656 1469 1693 omnibus
1503 1656 1624 1692 tribus
1658 1656 1772 1692 sectis
1807 1655 1870 1693 vel

65 1715 281 1752 novitatem
310 1715 466 1764 sapiunt
499 1714 563 1752 vel
593 1715 793 1763 antiquam
824 1714 1013 1752 haeresin.
1076 1719 1134 1756 (Ex
1162 1718 1304 1760 epistola
1330 1719 1360 1751 d.
1388 1720 1496 1749 Lineii
1523 1719 1555 1752 d,
1583 1720 1640 1752 ⁸26.
1666 1719 1758 1759 Apr.)

208 1774 314 1808 Anno
337 1775 434 1810 1617.
456 1773 504 1820 (d.
523 1775 555 1810 7.
573 1774 692 1817 Febr.)
713 1774 915 1817 adjutorem
933 1778 1148 1818 exspectans
1168 1773 1427 1817 Gringalletum
1444 1774 1533 1808 haec
1552 1773 1612 1809 dat
1624 1774 1870 1819 Berneggero:

70 1829 165 1868 Cum
197 1831 248 1867 sit
280 1828 523 1868 Genevensis
556 1841 719 1879 cumque
751 1829 801 1867 ad
832 1842 892 1868 me
924 1832 973 1867 sit
1005 1841 1281 1877 concessuruS,
1316 1832 1382 1879 qui
1414 1830 1604 1880 theologis
1636 1830 1751 1879 huJus
1783 1831 1871 1877 loci,

69 1888 245 1927 coloniae
277 1888 640 1938 Wirtembergieae‚
683 1901 769 1926 sum
810 1888 926 1926 sudes
967 1890 1005 1925 in
1039 1888 1182 1938 oculis,
1222 1888 1327 1926 haud
1365 1889 1478 1926 facile
1515 1888 1596 1927 fieri
1636 1890 1796 1938 poterit,
1828 1895 1871 1926 ut

68 1947 299 1996 cujusquam
330 1947 526 1986 Austriaci
556 1948 687 1985 liberis
718 1947 974 1996 praeficiatur,
1007 1947 1205 1996 religionis
1239 1946 1493 1985 Calvinianae
1523 1952 1641 1987 metu.

208 2012 308 2057 Quae
327 2013 370 2048 de
389 2013 472 2048 fatis
491 2013 565 2049 suis
582 2024 647 2058 per
665 2024 777 2048 annos
798 2014 944 2049 161055.
963 2012 1074 2047 refert
1087 2012 1266 2057 Keplerus
1286 2013 1401 2057 Criig
1412 2023 1482 2047 ero
1503 2013 1554 2057 (in
1573 2012 1686 2048 literis
1706 2012 1740 2048 (1.
1756 2012 1872 2047 Lincii

70 2070 144 2106 Cal.
162 2071 314 2116 Martii),
340 2072 585 2107 recensuimus
612 2071 656 2106 ad
683 2081 795 2106 annos
822 2070 995 2115 singulos.
1030 2071 1163 2105 Iisdem
1189 2070 1301 2106 literis
1327 2071 1491 2116 adjungit
1516 2071 1705 2115 epistolam
1731 2071 1777 2106 ad
1801 2071 1872 2106 fra-

67 2134 160 2165 trem
185 2130 320 2175 uxoris,
350 2131 433 2175 „qui
460 2131 547 2166 civis
574 2135 628 2166 est
653 2131 895 2166 Dantiscanus
923 2129 1066 2174 opificio
1093 2129 1302 2174 arcularius,
1330 2140 1436 2173 quem
1460 2140 1548 2174 rogo
1575 2129 1619 2164 ad
1644 2134 1680 2164 te
1705 2134 1871 2164 vocatum

72 2188 258 2231 alloquere
283 2199 437 2232 meoque
463 2190 606 2224 nomine
633 2189 752 2236 saluta
778 2194 813 2223 et
838 2193 878 2224 ut
910 2188 1034 2224 literas
1064 2188 1314 2232 responsorias
1339 2188 1404 2223 tibi
1430 2188 1552 2223 credat
1586 2187 1764 2223 hortare“.
1815 2187 1872 2222 Ad

71 2247 318 2292 quaestionem
345 2248 491 2292 Crugeri
516 2248 559 2283 de
585 2249 747 2284 locorum
782 2246 1007 2292 quorundam
1033 2246 1258 2292 longitudine
1286 2248 1475 2292 respondit
1498 2247 1695 2292 Keplerus,
1725 2258 1763 2282 se
1789 2247 1872 2283 hac-

69 2310 177 2340 tenus
203 2306 461 2351 geographiam
484 2306 579 2342 ultra
602 2307 735 2342 limites
762 2305 1003 2341 astronomiae
1028 2316 1101 2340 non
1127 2307 1302 2351 attigisse,
1336 2317 1444 2341 unam
1468 2306 1536 2341 sibi
1561 2316 1642 2341 esse
1667 2316 1808 2348 curam,
1833 2310 1873 2340 ut

72 2364 178 2406 sciat,
203 2370 377 2408 quantum
408 2364 518 2400 distet
540 2364 660 2405 100115,
691 2365 728 2399 111
755 2375 824 2408 quo
850 2364 928 2409 ipse
953 2364 1010 2399 vel
1035 2364 1127 2400 alius
1152 2364 1224 2399 fide
1251 2364 1379 2410 dignus
1404 2364 1697 2408 mathematicus,
1725 2375 1746 2399 a
1769 2364 1872 2399 meri-

72 2422 178 2458 diano
205 2423 428 2459 Huennensi.
480 2423 579 2467 Quae
610 2424 763 2458 ulterius
797 2422 841 2457 de
867 2423 1131 2458 constituendis
1163 2419 1323 2458 1000111111
1356 2422 1639 2467 longitudinibus
1666 2422 1787 2465 affert,
1822 2421 1870 2456 le-

73 2486 206 2526 guntur
235 2482 305 2517 vol.
330 2481 393 2516 VI.
427 2493 464 2526 p.
491 2482 546 2517 23.
597 2482 778 2526 Crugerus
803 2481 990 2526 respondit
1017 2482 1141 2525 (Nonis
1169 2482 1300 2525 Sept),
1339 2481 1566 2525 excogitasse
1591 2492 1629 2516 se
1654 2481 1871 2526 peculiarem

71 2538 217 2573 modum
241 2539 287 2574 ad
312 2539 560 2575 inveniendam
585 2539 746 2577 locorum
772 2541 1007 2585 longitudinis
1026 2540 1275 2585 differentiam,
1304 2540 1556 2583 conjungendo
1582 2551 1650 2574 usu
1668 2538 1870 2582 horologio-

71 2597 346 2632 rumfsolarium
372 2601 408 2631 et
432 2603 709 2636 automatorum.
761 2601 980 2644 „Erigantur
1012 2599 1075 2635 illa
1099 2600 1135 2635 in
1161 2602 1315 2643 utroque
1348 2593 1428 2633 Ioco
1453 2602 1576 2632 tantae
1601 2597 1870 2642 magnitudinis,

74 2660 114 2690 ut
139 2655 266 2690 umbra
291 2655 385 2690 Solis
412 2656 579 2691 ostendat
605 2658 746 2702 singula
770 2659 907 2693 minuta
932 2659 1094 2703 horaria;
1130 2656 1422 2702 prospiciendum
1455 2656 1583 2691 deinde
1615 2662 1670 2690 est
1702 2655 1745 2690 de
1770 2660 1870 2691 auto-

73 2719 170 2750 mato
196 2714 304 2749 horas
331 2718 366 2748 et
390 2714 527 2749 minuta
550 2715 741 2761 indicante,
769 2717 946 2760 exquisite
971 2715 1187 2758 fabrefacto,
1214 2714 1334 2759 qualia
1358 2715 1535 2749 interdum
1560 2714 1724 2749 Dantisci
1748 2714 1873 2749 haberi

74 2779 239 2817 possunt.
288 2773 508 2807 Automaton
532 2773 750 2808 rectificetur
774 2774 819 2808 ad
845 2779 985 2818 tempus
1011 2774 1187 2818 horologii
1213 2773 1339 2807 solaris
1366 2778 1401 2807 et
1427 2772 1607 2816 extemplo
1626 2773 1789 2816 capiatur
1804 2773 1872 2808 iter

76 2831 122 2866 ad
146 2831 359 2875 Elbingam“
399 2831 516 2875 (eligit
542 2831 719 2874 Crugerus
751 2831 858 2865 urbes
884 2832 1097 2867 Dantiscum
1132 2835 1168 2865 et
1199 2831 1420 2875 Elbingam).
1474 2831 1536 2872 „In
1570 2831 1783 2865 sciatherico
1808 2831 1871 2866 El·

76 2889 206 2934 bingae
229 2889 350 2924 locato
376 2889 550 2930 videatur,
576 2892 749 2933 quantum
775 2888 917 2924 differat
941 2893 1082 2934 tempus
1118 2888 1321 2923 sciatherici
1346 2898 1367 2922 a
1391 2891 1552 2932 tempore
1584 2890 1774 2924 automati:
1807 2889 1871 2925 dif-

77 2946 232 2981 ferentia
267 2946 473 2982 manifestat
503 2947 740 2991 quaesitum.“
792 2947 845 2981 De
881 2947 991 2982 fratre
1025 2947 1148 2981 uxoris
1174 2945 1322 2990 Kepleri
1352 2946 1389 2981 in
1418 2946 1474 2981 his
1505 2946 1618 2982 literis
1649 2947 1737 2982 nihil
1767 2948 1871 2985 affert

80 3004 274 3048 CrtigeruS,
303 3005 367 3040 sed
392 3015 515 3040 mense
539 3004 654 3048 Aprili
682 3006 769 3041 1616
794 3010 934 3048 narrat,
966 3004 1110 3046 affinem
1141 3009 1265 3049 petere
1298 3014 1336 3039 se
1362 3005 1542 3050 excusari,
1579 3005 1674 3049 quod
1701 3007 1769 3042 hac
1793 3008 1870 3043 vice

78 3062 167 3097 nihil
193 3063 348 3098 scribere
373 3068 516 3109 posset,
551 3064 646 3099 circa
671 3064 911 3099 Pentecosten
945 3063 1110 3108 neglecta
1141 3067 1454 3108 compensaturum
1488 3067 1524 3098 et
1555 3064 1659 3098 simul
1692 3065 1869 3110 quaedam

78 3120 232 3164 pellicea
255 3120 456 3156 missurum.
511 3122 747 3167 „Ceteroquin
772 3122 867 3157 valet
892 3133 972 3158 cum
996 3132 1110 3158 uxore
1136 3125 1171 3156 et
1194 3120 1330 3156 liberis.
1379 3121 1446 3157 Die
1470 3122 1525 3157 13.
1550 3121 1655 3157 Febr.
1680 3128 1786 3158 natus
1815 3129 1869 3159 est

78 3178 148 3223 ipsi
171 3177 277 3224 1111115,
303 3190 409 3225 quem
433 3191 499 3226 ego
524 3180 739 3227 baptismate
763 3180 938 3226 suscepi,“
988 3180 1046 3217 Ad
1069 3180 1213 3218 modum
1240 3181 1386 3226 Crngeri
1411 3180 1597 3218 distantias
1623 3181 1783 3219 locorum
1808 3182 1868 3220 ob-
