2157 3398
212 186 296 233 624
618 185 853 223 summarium
877 182 1056 222 Historiae
1080 184 1330 223 Astronomiae
1354 185 1475 223 seculo
1500 187 1596 225 XVI.

211 303 364 340 nominis
390 307 426 339 et
450 302 565 338 famae
590 301 654 336 viri
681 301 847 346 dixerim)
875 303 919 338 ob
945 301 1052 337 dubia
1077 302 1266 347 nonnulla,
1299 303 1426 347 quibus
1459 303 1537 347 ipse
1573 303 1798 338 attentiorem
1823 302 1993 338 lectorem

212 371 426 406 suspensum
450 363 559 400 tenet,
587 369 656 393 non
680 365 884 394 monstrans
910 360 1107 404 plenariam
1130 361 1352 406 intelligendi
1377 362 1567 402 rationem,
1594 361 1661 395 nisi
1687 361 1783 404 quod
1808 361 1844 395 in
1869 361 1994 405 pleris-

215 429 295 463 que,
321 422 510 462 praetextu
536 416 621 451 alibi
647 416 716 451 loci
743 421 778 451 et
803 428 868 451 suo
894 422 1054 461 tempore
1079 418 1124 452 de
1147 418 1256 462 hujus
1281 419 1337 453 vel
1368 419 1462 454 illius
1488 419 1541 453 rei
1565 418 1636 454 fide
1666 419 1848 463 facienda,
1881 419 1995 454 lector

212 476 280 511 sibi
305 475 527 510 satisfactum
552 484 708 509 annuere
735 475 852 510 debet.
900 475 1048 510 Praeter
1070 476 1244 511 nonnulla
1269 476 1377 512 dubia
1400 477 1485 511 mihi
1509 478 1578 511 hoc
1603 477 1828 521 potissimum
1853 487 1898 511 ex
1922 477 1995 511 lec-

209 534 306 568 tione
332 532 509 576 objicitur,
536 531 631 575 quod
656 532 691 566 in
717 533 879 576 exemplo
906 532 1034 567 calculi
1062 533 1215 568 Lunaris
1241 534 1321 577 (fol.
1346 537 1381 571 Ο.
1405 536 1466 579 23)
1493 535 1665 569 Dominus
1694 533 1818 578 Tycho
1852 539 1994 577 tempus
2020 556 2023 559 -

211 591 466 627 observationis
493 589 596 624 aliter
621 595 728 634 atque
753 590 857 625 aliter
882 590 992 625 effert.
1041 591 1145 625 Anno
1175 592 1261 627 1587
1287 593 1343 627 die
1371 594 1423 628 18.
1449 592 1604 635 Augusti
1627 591 1703 625 hor.
1729 592 1787 626 17.
1813 591 1869 626 25¹
1888 602 1909 625 a
1925 601 1996 625 me-

209 650 308 694 ridie,
334 648 441 693 paulo
467 651 550 691 post
575 648 766 683 subtractis
783 649 816 683 7¹
839 659 904 692 pro
930 648 1065 683 dierum
1091 650 1315 693 aequatione,
1342 656 1505 685 numerat
1536 650 1592 684 die
1618 650 1673 684 16.
1700 649 1856 693 Augusti
1880 649 1914 684 h.
1944 649 1995 684 19.

217 707 271 743 18’
297 717 318 741 a
343 705 498 740 meridie.
548 706 686 740 Rursus
720 706 789 741 hoc
823 712 991 751 repetens
1022 707 1085 742 fol.
1110 709 1144 744 Ο.
1169 709 1230 743 25:
1267 708 1322 743 die
1351 709 1402 744 18.
1429 708 1581 751 Augusti
1608 707 1642 741 11.
1669 708 1703 742 7.
1729 708 1798 743 25’.
1848 706 1918 741 Sed
1951 716 1996 740 ex

213 763 515 807 subsequentibus
546 763 670 798 mediis
702 764 857 799 motibus
889 765 1083 809 colligitur,
1117 765 1154 799 id
1186 776 1266 801 esse
1298 777 1389 801 anno
1422 772 1588 801 currente
1618 766 1705 801 1587
1737 765 1770 800 d.
1798 765 1851 800 16.
1877 765 1913 800 h.
1944 766 1995 799 19.

214 823 281 866 25¹,
308 822 404 866 quod
428 832 492 865 pro
519 821 642 856 Lunae
667 828 765 856 motu
791 833 835 857 ex
861 823 975 866 ipsius
998 828 1117 858 mente
1136 829 1327 867 aequatum
1345 824 1498 860 efficitur
1517 823 1711 867 (additione
1731 824 1763 858 7‘
1782 823 1860 865 36‘¹)
1887 822 1920 856 h.
1942 823 1994 857 19.

215 881 267 916 32¹
295 880 361 916 36‘¹
387 889 409 913 a
431 879 589 914 meridie.
638 879 693 913 Ad
719 880 788 914 hoc
821 881 912 914 enim
938 886 1078 924 tempus
1113 887 1239 916 exacte
1270 883 1424 925 quadrat
1454 883 1571 917 media
1594 883 1720 916 Lunae
1745 891 1765 915 a
1791 881 1873 916 Sole
1900 880 1996 915 elon-

212 938 320 982 gatio,
348 948 391 972 ex
416 937 530 981 ipsius
555 937 688 971 tabulis
715 937 926 981 deprompta
952 943 987 972 et
1013 939 1056 972 ab
1081 939 1159 983 ipso
1186 940 1305 984 citata,
1333 941 1468 975 scilicet
1493 941 1527 975 9³
1553 942 1617 976 25⁰
1642 941 1695 974 13‘
1724 941 1801 974 13⁰.
1849 939 1905 973 Ad
1929 939 1997 972 hoc

213 1000 354 1040 tempus
379 995 464 1030 dicit
490 995 685 1030 secundum
712 996 898 1039 Copernici
924 996 1100 1030 calculum
1128 997 1203 1039 (fol.
1220 1000 1251 1033 Ο.
1271 999 1326 1042 24)
1351 999 1490 1033 Lunam
1517 1009 1595 1033 esse
1620 999 1657 1032 in
1674 999 1736 1033 27⁰
1753 998 1808 1032 36‘
1824 1001 1880 1038 Π.
1920 996 1998 1030 Ηο6

211 1065 296 1089 1111111
320 1054 369 1088 ita
387 1064 425 1088 se
444 1053 586 1097 habeat,
611 1052 808 1096 periculum
826 1052 997 1088 faciemus
1019 1065 1062 1088 ex
1079 1055 1212 1090 tabulis
1231 1056 1443 1093 Prutenicis
1470 1068 1560 1100 quae
1579 1056 1625 1090 ad
1644 1056 1829 1100 Copernici
1845 1059 1998 1089 mentem

214 1118 298 1148 sunt
325 1111 554 1156 compositae.
605 1110 779 1153 Quoniam
804 1116 945 1156 tempus
970 1112 1114 1147 Domini
1140 1113 1319 1157 Tychonis
1345 1125 1364 1147 a
1390 1114 1536 1148 meridie
1562 1118 1785 1157 numeratur,
1811 1112 1848 1146 id
1873 1117 1913 1147 ut
1937 1123 1998 1156 ap-

213 1177 290 1206 tum
313 1170 377 1205 fiat
403 1169 540 1203 calculo
565 1168 775 1211 Prutenieo‚
804 1170 864 1212 qui
891 1170 1022 1204 Christi
1048 1171 1221 1214 epocham
1248 1177 1314 1207 etc.
1341 1183 1361 1207 a
1386 1173 1504 1207 media
1528 1177 1632 1207 nocte
1660 1171 1821 1214 deducit,
1852 1174 1996 1215 oportet

211 1217 421 1264 subtrahere
456 1227 498 1261 de
530 1226 649 1270 priore
683 1235 880 1271 apparente
911 1232 1072 1272 tempore
1101 1229 1141 1263 12
1167 1228 1276 1263 horas
1301 1233 1337 1264 et
1360 1240 1424 1274 pro
1460 1230 1597 1264 dierum
1622 1229 1835 1273 aequatione
1860 1229 1999 1263 subtra-

210 1286 331 1322 henda
354 1286 386 1320 4‘
411 1287 476 1320 51¹¹
504 1284 634 1328 (posito
671 1285 766 1328 quod
792 1285 854 1320 Sol
889 1286 934 1320 sit
958 1286 993 1320 in
1019 1288 1059 1321 40
1078 1289 1120 1329 ΠΡ
1155 1287 1351 1321 secundum
1378 1287 1613 1332 Tychonem).
1662 1286 1774 1320 Nobis
1799 1286 1906 1329 igitur
1931 1285 2002 1318 hoc

209 1351 350 1388 tempus
377 1343 443 1377 erit
468 1347 551 1386 post
577 1342 794 1387 completum
821 1354 953 1378 annum
973 1344 1105 1379 Christi
1124 1345 1212 1380 1586
1239 1350 1275 1379 et
1291 1345 1426 1379 Julium
1452 1345 1669 1389 completum
1695 1344 1778 1378 anni
1795 1344 2001 1385 communis,

210 1402 284 1438 dies
310 1403 364 1437 16.
390 1402 426 1436 11.
452 1401 484 1436 7.
511 1400 568 1436 20¹
593 1400 637 1435 9⁰
661 1411 682 1434 a
706 1401 822 1435 media
847 1406 964 1437 nocte.
1015 1402 1071 1436 Ad
1097 1402 1165 1436 hoc
1189 1408 1331 1446 tempus
1358 1408 1557 1447 sequuntur
1581 1403 1688 1437 medii
1712 1408 1842 1437 motus.

347 1460 411 1494 His
437 1459 536 1494 addit
562 1458 739 1494 Odontius
764 1459 921 1494 calculos
947 1466 1066 1495 motus
1092 1461 1217 1495 Lunae
1250 1461 1351 1495 binos
1378 1463 1480 1505 (quos
1513 1461 1605 1496 infra
1628 1460 1759 1505 repetit
1783 1459 1999 1502 Praetorius)

208 1518 454 1563 prodeuntque
478 1517 548 1560 ipsi
573 1516 703 1551 diversi
729 1518 879 1553 numeri.
931 1518 1049 1561 Quare
1075 1518 1212 1562 pergit:

349 1575 479 1611 Nescio
505 1580 584 1610 uter
609 1576 789 1617 erraverit,
816 1576 918 1611 deest
942 1576 1028 1610 mihi
1056 1577 1158 1620 quasi
1183 1577 1288 1611 unius
1315 1577 1383 1611 diei
1409 1582 1536 1611 motus.
1578 1577 1658 1611 Non
1675 1581 1762 1620 puto
1788 1575 2001 1619 intempore

211 1645 267 1669 me
293 1644 441 1669 errasse.
489 1634 580 1668 Nam
605 1633 774 1677 probavi,
810 1643 988 1678 apparens
1016 1639 1156 1678 tempus
1182 1635 1226 1671 D.
1253 1634 1433 1678 Tychonis
1461 1645 1539 1669 esse
1566 1634 1702 1668 dierum
1732 1634 1783 1668 16.
1809 1633 1843 1667 h.
1869 1633 1925 1667 19.
1944 1633 2000 1666 25’

210 1703 231 1727 a
255 1691 419 1735 meridie,
452 1690 548 1734 quod
579 1691 672 1725 idem
706 1695 760 1725 est
793 1702 834 1726 ac
867 1692 896 1725 si
923 1692 1077 1727 dicerem
1103 1692 1159 1726 die
1189 1694 1237 1727 17.
1265 1692 1299 1726 11.
1325 1695 1357 1727 7.
1384 1693 1438 1726 25¹
1466 1697 1548 1726 ante
1574 1691 1700 1726 merid.
1724 1690 1797 1725 sive
1823 1689 2001 1733 completo

212 1751 268 1785 die
295 1751 348 1785 16.
376 1754 411 1784 et
436 1749 470 1783 h.
498 1752 518 1784 7
544 1754 612 1784 etc.
641 1755 676 1783 et
700 1754 782 1793 post
807 1750 960 1786 mediam
995 1756 1147 1786 noctem.
1197 1752 1239 1785 In
1264 1751 1366 1784 initio
1393 1750 1451 1784 fol.
1479 1752 1534 1785 56.
1562 1749 1684 1794 Tycho
1718 1748 1803 1783 dicit
1829 1747 2001 1791 epocham

210 1815 369 1844 motuum
405 1818 483 1843 sese
518 1812 677 1842 statuere
704 1808 860 1851 (scilicet
886 1810 916 1843 l.
944 1809 1013 1844 diei
1037 1810 1220 1844 meridiem
1246 1809 1442 1852 Januarii),
1481 1819 1500 1841 a
1527 1818 1595 1851 quo
1622 1811 1705 1841 ante
1732 1811 1768 1841 et
1792 1808 1887 1840 retro
1912 1804 1999 1840 reli-

211 1880 299 1913 quas
324 1867 509 1904 ordinavit.
559 1867 596 1902 Si
621 1867 729 1911 igitur
754 1877 845 1901 novo
879 1858 1032 1909 quodam
1066 1867 1232 1901 instituto
1264 1867 1405 1901 initium
1439 1866 1508 1900 diei
1541 1866 1666 1901 statuit
1690 1865 1872 1900 meridiem
1896 1863 2001 1908 primi

212 1929 281 1963 diei
305 1927 483 1971 Januarii,
516 1931 555 1960 ut
579 1926 715 1970 primus
742 1925 817 1959 dies
843 1925 1006 1959 Januarii
1032 1926 1231 1969 completus
1257 1926 1479 1970 intelligatur
1511 1925 1546 1958 in
1572 1923 1720 1958 meridie
1747 1921 1894 1957 secundi
1919 1921 2000 1965 diei,

209 1992 295 2021 tunc
326 1986 370 2020 ad
404 1983 546 2019 tabulas
572 1983 782 2018 Prutenicas
813 1982 854 2017 fit
886 1983 1056 2027 temporis
1088 1983 1370 2018 accommodatio
1407 1984 1448 2018 12
1475 1976 1643 2017 horarum
1678 1987 1714 2017 et
1738 1981 1788 2015 sic
1820 1981 2000 2024 integrum

215 2045 308 2080 diem
332 2044 448 2078 minus
474 2052 729 2078 numerassem.

349 2101 385 2135 Si
410 2102 498 2135 haec
524 2111 622 2135 mens
654 2105 709 2134 est
733 2100 934 2144 Tychonis,
972 2100 1015 2134 ab
1042 2100 1204 2134 omnibus
1230 2099 1442 2135 astronomis
1476 2099 1640 2134 dissentit
1680 2108 1770 2142 quos
1806 2108 1871 2142 ego
1897 2096 1998 2140 novi3

214 2160 273 2204 qui
300 2172 319 2195 a
345 2159 491 2194 meridie
516 2164 747 2193 numerarunt
774 2158 843 2193 diei
868 2158 1023 2201 initium,
1058 2158 1082 2192 ii
1106 2162 1300 2201 coeperunt
1325 2158 1461 2193 initium
1489 2157 1557 2191 diei
1590 2157 1685 2191 illius
1711 2167 1731 2191 a
1755 2155 1901 2190 meridie
1927 2155 1998 2188 diei

213 2217 458 2264 praecedentis
492 2220 528 2251 et
552 2216 658 2251 finem
694 2215 853 2259 ejusdem
886 2216 1055 2250 meridiei.
1106 2215 1154 2250 Ut
1179 2216 1345 2258 quoniam
1375 2215 1411 2249 111
1438 2215 1741 2260 Ephemeridibus
1774 2214 1820 2248 ad
1844 2213 1997 2257 primum

215 2278 307 2312 diem
333 2275 491 2310 Januarii
515 2279 632 2308 motus
659 2275 750 2309 Solis
777 2275 832 2308 vel
859 2275 1002 2309 alterius
1028 2275 1213 2318 appositus
1233 2279 1297 2318 est,
1322 2279 1409 2308 tunc
1426 2273 1597 2317 accipitur
1620 2273 1649 2306 is
1667 2277 1784 2306 motus
1803 2280 1998 2314 congruere

218 2334 396 2378 completo
423 2333 491 2368 diei
516 2333 627 2377 primo
654 2332 830 2367 Januarii:
858 2343 938 2366 nam
964 2333 1102 2366 initium
1129 2332 1204 2375 ejus
1231 2333 1349 2375 coepit
1374 2332 1410 2365 in
1434 2330 1580 2365 meridie
1607 2330 1676 2363 diei
1701 2330 1757 2365 31.
1784 2328 1998 2373 praeceden-

217 2394 272 2428 tis.
324 2391 538 2436 Copernicus
564 2401 662 2425 more
688 2391 928 2425 Romanorum
953 2391 1023 2424 diei
1047 2390 1222 2425 naturalis
1248 2389 1387 2424 initium
1413 2389 1538 2423 statuit
1561 2389 1597 2422 in
1622 2388 1738 2422 media
1768 2392 1873 2421 nocte
1897 2395 1998 2430 prae-

215 2451 362 2487 cedente
389 2449 538 2492 (scilicet
569 2449 660 2483 diem
694 2449 794 2483 illum
825 2449 1075 2492 artificialem).
1124 2449 1216 2483 Nam
1250 2448 1483 2482 meridianum
1515 2451 1657 2491 tempus
1683 2448 1714 2480 1.
1741 2446 1810 2481 diei
1835 2444 1998 2479 Jauuarii

214 2509 283 2554 ipsi
309 2513 362 2542 est
388 2506 601 2551 December,
638 2507 694 2541 vel
721 2517 833 2542 annus
868 2508 1080 2542 antecedens
1115 2507 1313 2550 completus
1347 2512 1381 2539 et
1405 2506 1551 2549 insuper
1580 2505 1619 2539 12
1642 2505 1766 2540 horae.
1817 2504 1887 2538 Sed
1919 2503 1998 2546 quis

216 2568 304 2600 haec
330 2565 470 2599 nescit?
511 2565 603 2598 Puto
630 2565 738 2607 igitur
763 2566 965 2600 accuratius
991 2565 1245 2600 attendendum
1270 2563 1474 2598 incumbere
1508 2562 1630 2606 alicui,
1665 2562 1726 2605 qui
1756 2562 1792 2595 in
1819 2560 1998 2605 Tychonis

217 2623 431 2658 astronomia
456 2622 589 2657 versari
615 2622 778 2667 voluerit,
807 2633 851 2656 an
875 2623 965 2657 haec
990 2623 1102 2666 ipsius
1129 2622 1175 2657 sit
1200 2632 1299 2656 mens
1326 2627 1360 2655 et
1387 2632 1429 2655 an
1456 2621 1490 2654 in
1516 2620 1687 2664 temporis
1705 2614 1904 2662 prolatione
1923 2617 1998 2651 ubi-

218 2692 285 2725 que
309 2682 378 2715 hoc
403 2679 659 2723 observaverit,
692 2685 727 2714 et
752 2692 797 2715 an
823 2680 1067 2715 Ptolemaeum
1094 2685 1129 2714 et
1153 2680 1240 2714 alios
1275 2685 1500 2714 astronomos
1530 2679 1580 2712 ita
1614 2678 1768 2713 sensisse
1794 2676 1997 2711 arbitretur.

219 2740 328 2773 11111110
354 2738 475 2773 videor
498 2738 584 2772 mihi
610 2743 733 2782 aperte
761 2737 1055 2773 animadvertisse
1081 2737 1116 2771 in
1141 2737 1321 2781 plerisque
1352 2737 1441 2771 locis
1468 2741 1521 2780 (ut
1547 2741 1581 2769 et
1607 2736 1643 2769 in
1669 2734 1853 2778 eclipsium
1878 2733 1999 2767 obser-

220 2796 359 2830 vatione
384 2796 444 2830 fol.
465 2798 499 2831 0.
522 2797 560 2839 2)
586 2800 744 2830 veterum
768 2805 865 2829 more
892 2805 971 2829 eum
997 2794 1184 2838 loquutum
1212 2804 1301 2828 esse.
1336 2793 1521 2837 Quomodo
1545 2793 1655 2836 igitur
1671 2791 1778 2825 verba
1793 2790 1854 2824 illa
1871 2788 1934 2823 fol.
1955 2790 1998 2822 56

218 2852 451 2897 intelligenda
477 2855 546 2887 sint
573 2858 607 2887 et
633 2863 802 2898 praesens
828 2852 987 2887 calculus
1013 2852 1266 2894 conciliandus,
1293 2863 1363 2886 non
1390 2862 1475 2886 sane
1500 2851 1616 2886 video.
1666 2850 1782 2884 Unum
1808 2852 1878 2891 est,
1905 2847 1999 2891 quod

221 2922 276 2945 me
301 2912 451 2946 maxime
476 2917 635 2955 torquet:
671 2911 844 2947 calculavi
869 2911 1063 2946 secundum
1089 2912 1130 2944 D.
1159 2911 1338 2955 Tychonis
1364 2915 1517 2944 mentem
1550 2908 1700 2952 eclipsin
1731 2907 1892 2940 lunarem
1917 2904 1998 2939 sub—

223 2969 403 3011 sequentis
428 2969 511 3002 anni
536 2970 622 3004 1607
650 2969 836 3013 currentis,
862 2969 994 3003 mensis
1011 2968 1172 3012 Augusti,
1199 2968 1243 3003 ad
1268 2973 1399 3003 terram
1425 2967 1593 3002 Noricam
1618 2968 1680 3002 49⁰
1703 2966 1773 3007 26¹,
1800 2968 1836 2998 et
1859 2962 1998 2997 invenio

222 3031 361 3068 tempus
387 3026 682 3060 correctissimum
708 3027 880 3070 eclipseos
907 3026 1049 3061 futurae
1075 3035 1119 3060 ex
1136 3026 1267 3061 tabulis
1293 3026 1492 3060 Prutenicis
1512 3028 1742 3068 supputatum
1761 3022 1793 3055 d.
1815 3021 1923 3056 26.11.
1945 3022 1996 3056 16.

223 3083 278 3118 36¹
307 3083 379 3117 14⁴¹.
431 3083 566 3117 Collato
599 3083 705 3126 igitur
735 3090 895 3128 tempore
920 3084 1100 3128 Tychonis
1133 3095 1210 3118 cum
1238 3083 1400 3126 Origani,
1435 3081 1663 3126 deprehendo
1689 3079 1923 3115 differentiam
1948 3079 1998 3112 in-

222 3140 312 3184 tegri
336 3139 406 3174 diei
431 3151 509 3174 cum
534 3151 604 3174 una
629 3140 726 3185 hora,
746 3147 876 3184 quanto
895 3142 1068 3186 temporis
1086 3143 1201 3185 spatio
1220 3141 1462 3186 Tychonicum
1479 3145 1620 3184 tempus
1637 3138 1827 3173 antevertit
1843 3137 1997 3181 Origani.
