2126 3388
855 183 952 221 1610.
981 183 1082 221 1611.
1777 175 1860 223 795

68 299 132 336 das
156 300 309 346 meinige
335 300 469 346 darbey
493 301 605 338 thnen
630 301 700 337 vnd
718 301 796 337 auff
812 301 1054 346 angedeutten
1071 301 1166 346 Weg
1181 299 1332 336 riehten.
1367 297 1584 341 Desswegen
1610 294 1742 331 ercliirt
1760 293 1864 339 euch,

69 369 141 393 was
168 358 225 393 ihr
246 359 402 403 jahrlich
428 361 590 403 begehrt.
638 360 782 395 Zweifle
808 359 916 403 nicht,
943 359 999 394 ihr
1024 359 1158 394 werdet
1183 368 1222 393 63
1248 357 1331 392 sehr
1356 356 1459 401 billig
1484 355 1554 391 vnd
1580 353 1683 390 recht
1707 353 1812 389 thuu.

205 416 493 452 Exercitationes
518 417 754 452 Mauritianas
781 417 935 453 Simonis
961 417 1098 452 Stevini
1129 416 1228 451 khan
1253 415 1312 450 ich
1336 426 1380 450 zu
1405 415 1510 448 Wien
1537 414 1588 448 nit
1612 413 1865 448 bekhommen.

67 475 123 509 Da
148 485 229 509 man
256 475 306 509 sie
333 487 377 509 zu
402 475 496 519 Prag
521 475 599 520 hat,
637 474 717 510 well
749 485 786 509 er
819 475 904 510 mirs
937 474 1289 516 heransschickhen,
1328 473 1511 508 darneben
1545 471 1636 507 auch
1662 471 1696 506 J.
1724 468 1865 505 Stofleri

67 531 323 568 elucidationes
347 533 504 568 fabricae
531 532 726 568 astrolabii.

204 590 269 625 Als
294 591 351 625 ich
377 591 471 626 mich
497 602 541 625 zu
567 591 658 625 Rom
683 592 718 625 in
745 591 972 636 geometricis
999 590 1182 633 dclectirt,
1215 589 1285 624 hab
1311 588 1368 624 ich
1395 593 1496 622 vnter
1527 587 1695 623 auderem
1720 586 1865 622 modum

67 647 230 692 gesucht,
256 649 321 682 wie
347 659 429 682 man
453 660 523 683 una
541 647 664 683 circuli
683 653 850 693 apertura
868 658 932 692 per
952 648 1129 683 sectiones
1147 648 1321 683 linearum
1340 647 1397 682 ein
1415 646 1559 681 modum
1577 645 1695 680 haben
1713 643 1865 685 rnechte,

68 706 172 740 einen
200 706 315 740 Cireul
347 706 382 740 in
416 705 729 741 vnderschidliche
761 712 882 750 partes
917 705 1087 750 aequales
1122 718 1166 741 zu
1200 705 1345 740 theilen.
1394 705 1435 739 In
1461 704 1616 739 welcher
1641 702 1866 748 speculation

67 764 124 799 ich
151 764 253 799 einen
273 765 365 809 Weg
384 764 581 809 gesunden3
610 765 654 798 ob
682 775 720 799 er
745 764 839 798 wohl
864 774 909 797 an
935 764 1029 798 ihme
1048 763 1165 799 selber
1183 763 1341 808 gorecht,
1365 761 1526 806 mangelt
1549 762 1616 796 mir
1635 760 1724 796 doch
1753 760 1867 805 (labey

68 822 125 856 die
153 823 410 858 demonstratio
437 823 506 857 vnd
531 822 630 857 khan
656 822 829 857 demnach
863 822 926 856 mit
950 821 1023 856 ihm
1049 822 1151 856 1116111
1181 820 1342 856 zufriden
1376 831 1473 865 sryn.
1522 819 1575 853 Zu
1602 820 1704 863 Steyr
1730 818 1782 854 las
1808 818 1867 854 ich

69 881 134 915 mir
161 880 217 916 ein
243 881 433 926 kupfferne
459 881 575 926 liugel
601 893 644 916 zu
670 881 786 917 einem
811 880 917 924 globo
944 879 1127 924 schlagen,
1154 890 1192 914 so
1223 880 1262 923 l}
1289 879 1381 913 Fuss
1408 879 1455 912 im
1481 877 1653 912 diametro
1681 878 1756 912 hat.

204 940 332 975 Wtiste
350 950 446 984 geru,
472 949 544 974 was
561 940 617 974 ihr
635 939 770 974 derzeit
788 943 889 973 vnter
907 938 976 972 den
993 938 1146 973 Handen
1164 938 1262 982 habt,
1289 937 1382 972 auch
1400 947 1471 972 was
1490 936 1623 971 Adrian
1643 936 1685 971 (16
1706 937 1790 971 tries
1808 936 1860 981 (P)

71 997 148 1032 hier
173 998 248 1034 hat.
300 999 379 1033 Den
405 997 472 1033 bitt
497 999 555 1033 ich
581 1011 626 1033 zu
650 1003 812 1042 grussen.

211 1055 342 1092 1613.
374 1056 427 1090 De
452 1055 536 1089 fatis
562 1056 646 1090 anni
664 1056 772 1100 hujus
791 1054 902 1089 refert
920 1054 1099 1099 Keplerus
1125 1053 1238 1088 amico
1261 1053 1415 1097 Crugero
1435 1064 1527 1088 anno
1550 1054 1656 1088 1615:
1690 1051 1765 1089 Cur
1787 1061 1863 1088 non

71 1111 353 1161 responderim,
398 1123 444 1149 ex
482 1113 567 1160 ipsa
600 1117 813 1160 temporum
847 1111 1065 1149 conditione
1098 1112 1325 1159 perspicies,
1366 1111 1397 1147 si
1443 1121 1540 1158 quae
1583 1111 1727 1148 interea
1763 1109 1867 1147 facta

71 1171 255 1208 memoria
288 1171 498 1219 repetieris,
530 1171 562 1206 si
585 1172 700 1208 etiam
723 1170 958 1219 adjunxeris,
992 1180 1091 1218 quae
1125 1169 1192 1206 tibi
1227 1168 1272 1206 de
1295 1169 1390 1206 meis
1422 1169 1582 1218 privatis
1616 1168 1729 1205 rebus
1763 1178 1870 1205 com-

71 1229 290 1266 municabo.
335 1230 469 1265 Annus
503 1229 601 1265 enim
638 1233 743 1267 1611
779 1229 980 1266 1061003113
1014 1226 1263 1276 undiquaque
1296 1227 1368 1264 fuit
1401 1233 1438 1264 et
1467 1227 1653 1264 funestus.
1696 1226 1869 1263 Primum

71 1286 176 1323 nulla
208 1286 299 1323 mihi
333 1287 403 1323 fuit
434 1287 536 1323 facta
566 1286 708 1324 solutio
740 1287 880 1324 aulica.
933 1285 1051 1332 Uxor,
1084 1285 1264 1334 publicae
1297 1285 1420 1322 famae
1453 1286 1659 1333 praeconio
1693 1284 1868 1322 celebra-

71 1346 230 1390 tissima,
265 1344 545 1383 melancholica
575 1343 726 1396 ιὲθυμιᾳ
758 1349 933 1394 correpta
965 1343 1121 1381 tandem
1142 1344 1213 1381 sub
1246 1343 1360 1382 finem
1383 1345 1472 1380 anni
1499 1347 1606 1381 1610
1640 1343 1869 1391 gravissime

72 1405 290 1452 aegrotavit
327 1404 422 1442 febri
454 1402 680 1451 Hungarica
722 1409 759 1441 et
793 1403 980 1452 epilepsia
1012 1407 1049 1440 et
1079 1402 1272 1451 phrenesi.
1332 1401 1408 1439 Vix
1442 1413 1486 1439 66
1519 1401 1736 1447 convaluit,
1781 1411 1868 1437 cum

69 1468 144 1499 tres
176 1462 250 1499 mei
281 1461 392 1499 liberi
424 1472 554 1498 mense
586 1460 776 1499 Januario
809 1462 970 1499 variolis
1004 1462 1169 1510 correpti
1201 1461 1428 1508 gravissime
1461 1459 1725 1497 decubuerunt
1756 1457 1870 1495 simul

71 1531 215 1557 omnes.
270 1520 426 1557 Interim
454 1519 675 1568 [leopoldus
708 1532 794 1557 cum
826 1521 997 1558 exercitu
1028 1524 1176 1568 partem
1216 1519 1320 1555 urbis
1352 1524 1455 1555 trans
1490 1518 1628 1554 flumen
1663 1517 1871 1565 occupavit

71 1583 116 1623 (f.
148 1580 278 1624 Febr),
320 1590 396 1627 quo
441 1577 576 1615 eodem
615 1584 787 1627 tempore
830 1583 868 1616 et
902 1578 995 1615 mihi
1035 1577 1199 1614 filiorum
1242 1578 1462 1614 carissimus
1505 1576 1659 1612 tandem
1703 1575 1870 1613 decessit

71 1638 231 1682 (Febr),
278 1636 361 1683 ille,
411 1636 521 1684 eujus
565 1637 734 1674 natalem
779 1637 932 1674 invenis
978 1637 1016 1671 in
1058 1635 1191 1672 libello
1235 1634 1380 1672 Stellae
1421 1635 1556 1672 Novae
1588 1637 1636 1681 (v.
1673 1646 1706 1670 6.
1742 1634 1868 1679 1601).

66 1695 243 1733 Alteram
274 1701 420 1744 partem
454 1695 559 1731 urbis
591 1696 646 1732 cis
678 1695 832 1741 flumen,
867 1695 903 1731 in
938 1705 1015 1742 qua
1047 1704 1118 1742 ego
1141 1693 1380 1740 habitabam,
1414 1692 1650 1730 infestabant
1678 1692 1868 1728 exercitus

71 1753 271 1791 Bohemici
304 1765 350 1790 ex
382 1753 597 1802 agrestibus
631 1748 807 1800 conflati,
841 1752 1070 1790 tumultuosi
1103 1756 1141 1789 et
1171 1754 1353 1789 minaces.
1409 1751 1582 1788 Tandem
1614 1760 1870 1799 supervenere

73 1813 262 1849 exercitus
286 1812 482 1849 Austriaci
505 1814 579 1857 (11.
605 1813 758 1857 Martii),
786 1812 1057 1860 contagionem
1100 1809 1319 1848 inferentes.
1380 1809 1503 1858 Igitur
1547 1809 1694 1846 excurri
1727 1818 1799 1856 ego
1831 1808 1870 1844 in

73 1870 269 1907 Austriam
296 1872 380 1916 (sub
406 1871 513 1906 finem
538 1871 670 1905 mensis
694 1870 802 1915 Maji)
834 1869 1006 1917 mihique
1040 1868 1085 1905 de
1108 1867 1193 1905 loco
1215 1868 1408 1917 prospexi,
1442 1879 1554 1916 quem
1577 1878 1677 1904 nunc
1700 1866 1870 1905 obtineo.

70 1928 266 1965 Reversus
299 1939 429 1965 mense
461 1927 580 1965 Junio
608 1931 699 1974 (23.)
726 1929 858 1966 inveni
889 1938 1068 1972 uxorem,
1106 1926 1188 1975 jam
1222 1931 1337 1963 antea
1369 1925 1558 1963 desiderio
1598 1926 1729 1962 amissi
1762 1924 1872 1973 pueri

74 1987 356 2034 tabescentem,
390 1986 427 2022 in
458 1987 542 2035 ipso
575 1986 706 2024 limine
740 1988 990 2034 contagiosae
1022 1985 1138 2022 febris
1172 1985 1421 2022 constitutam
1453 1995 1616 2032 eamque
1648 1988 1736 2032 post
1769 1982 1871 2020 diem

77 2049 141 2083 11.
175 2057 198 2082 a
228 2056 312 2082 meo
345 2044 468 2081 reditu
500 2046 612 2082 amisi
643 2048 689 2091 (3.
716 2047 826 2090 Julii).
880 2043 984 2080 Hinc
1022 2054 1149 2080 novae
1193 2043 1284 2079 mihi
1324 2043 1459 2079 turbae
1491 2047 1623 2087 natae,
1669 2047 1711 2077 ut
1741 2040 1868 2088 solet3

77 2102 287 2140 dividenda
316 2103 388 2140 fuit
417 2103 636 2141 haereditas
667 2114 752 2140 cum
774 2104 964 2151 privigna,
997 2112 1067 2138 nec
1090 2100 1233 2138 Caesar
1256 2101 1485 2149 Rudolpbus
1509 2100 1723 2137 consentire
1740 2098 1871 2147 *voluit

75 2162 112 2197 in
145 2173 270 2199 meum
309 2161 521 2199 discessum
562 2173 607 2199 ex
644 2161 753 2198 aula:
797 2161 966 2199 lactatus
1005 2170 1091 2197 sum
1130 2171 1232 2197 vana
1263 2170 1331 2208 spe
1370 2159 1575 2197 solutionis
1608 2169 1653 2194 ex
1684 2156 1868 2202 Saxonia,

74 2221 239 2268 pecunia
272 2225 473 2257 consumta
504 2224 542 2257 et
574 2225 737 2269 tempus.
772 2241 821 2246 --
850 2219 1025 2256 Vickenio
1059 2220 1149 2254 haec
1179 2218 1290 2253 refert
1321 2218 1500 2264 Keplerus
1535 2221 1579 2260 (c.
1607 2216 1744 2251 ι1111111111
1769 2227 1867 2250 men-

75 2290 150 2314 sem
189 2280 306 2324 1611);
354 2277 435 2316 Sub
466 2277 581 2315 finem
618 2279 759 2316 mensis
791 2277 888 2326 Maji
920 2277 1097 2314 Lincium
1136 2277 1377 2325 exspatiatus
1421 2287 1523 2321 sum,
1568 2273 1628 2313 die
1663 2278 1727 2313 23.
1759 2272 1870 2312 Junii

73 2346 249 2373 reversus
287 2341 374 2373 tuas
412 2337 553 2374 inveni.
618 2336 773 2373 Interim
806 2348 829 2373 a
860 2335 921 2373 die
952 2336 1027 2373 mei
1058 2334 1205 2372 reditus
1247 2335 1375 2383 coepit
1406 2336 1608 2381 aegrotare
1640 2343 1737 2369 uxor
1768 2343 1867 2378 mea,

75 2405 174 2442 quae
209 2397 243 2431 3.
277 2392 374 2430 Julii
407 2394 572 2432 decessit
603 2400 640 2432 et
675 2398 710 2433 5.
733 2393 830 2432 Julii
863 2393 1017 2443 sepulta
1049 2397 1116 2433 est.
1156 2392 1214 2429 Ex
1247 2404 1291 2430 eo
1325 2403 1492 2440 occupor
1525 2402 1615 2428 cura
1646 2389 1868 2436 liberorum,

75 2453 367 2500 consignatione
407 2452 594 2490 bonorum
639 2458 677 2490 et
717 2452 909 2490 divisione
946 2450 1197 2489 haereditatis
1243 2452 1341 2488 inter
1383 2451 1466 2499 ejus
1509 2448 1716 2492 haeredes,
1764 2459 1871 2485 meos

74 2522 214 2560 pueros
247 2517 284 2547 et
314 2511 556 2559 privignam:
589 2512 775 2547 intestata
806 2512 908 2548 enim
940 2509 1116 2555 decessit,
1150 2508 1245 2545 nihil
1275 2509 1369 2546 mihi
1400 2508 1546 2545 relicto.
1568 2529 1623 2535 —-
1644 2508 1775 2542 Iisdem
1795 2507 1870 2542 fere

72 2571 189 2606 verbis
216 2572 363 2605 nunciat
386 2569 566 2614 Keplerus
593 2570 728 2606 Tobiae
755 2570 914 2605 Sculteto
948 2570 996 2612 (in
1023 2569 1178 2614 epistola
1214 2569 1433 2605 dedicatoria.
1461 2567 1698 2610 „Eclogarum
1725 2566 1873 2601 Chroni-

75 2631 232 2673 carnm‘·)
267 2634 418 2663 mortem
449 2628 550 2663 filioli
577 2635 612 2664 et
636 2629 758 2664 uxoris
791 2629 907 2672 iisque
938 2628 1027 2662 haec
1059 2628 1247 2673 subjungit
1278 2627 1322 2662 de
1354 2627 1461 2661 rebus
1493 2625 1568 2660 suis
1600 2624 1804 2658 domesticis
1838 2628 1874 2658 et

74 2687 202 2723 studiis
227 2686 398 2730 inceptis:
425 2713 435 2722 .
455 2713 488 2720 ..
540 2683 706 2721 Sublata
735 2683 856 2720 altum
889 2694 984 2721 voce
1017 2682 1206 2731 significo,
1239 2693 1299 2720 me
1333 2683 1464 2720 vivere
1496 2679 1624 2717 adhuc
1655 2679 1804 2728 superis
1836 2684 1873 2716 et

76 2744 222 2782 vescier
245 2742 359 2789 auris,
392 2752 516 2790 neque
538 2741 751 2789 patrocinio
783 2742 1021 2787 renunciare,
1056 2741 1234 2788 quamvis
1256 2740 1382 2789 Praga
1415 2749 1516 2775 nunc
1538 2737 1711 2774 Lincium
1744 2741 1870 2774 trans-

77 2813 173 2848 eam,
209 2801 307 2848 regis
340 2800 642 2848 auspicatissimi
673 2810 858 2836 concessu
882 2798 1132 2836 Maecenates
1162 2797 1242 2834 illic
1263 2797 1465 2834 habiturus
1497 2795 1666 2832 illustres
1689 2794 1872 2832 Proceres

78 2859 259 2896 Austriae
292 2857 544 2906 ejusdemque
574 2856 723 2905 Regiae
755 2856 973 2904 Majestatis
1006 2854 1199 2904 stipendia
1226 2855 1341 2903 juxta
1371 2854 1587 2891 meriturus.
1629 2851 1758 2901 Hujus
1780 2864 1871 2890 vero

75 2918 183 2954 vocis
214 2918 398 2953 nuncium
434 2926 517 2953 esse
545 2915 644 2963 jussi
677 2913 853 2951 libellum
884 2913 983 2950 hunc
1015 2912 1245 2960 Eclogarum
1268 2912 1556 2956 Chroniearum,
1590 2921 1675 2947 cum
1707 2915 1749 2948 ut
1779 2922 1872 2960 pro-

75 2976 233 3012 missum
265 2985 393 3011 meum
424 2984 611 3022 nuperum
643 2971 914 3020 adimplerem,
954 2976 1053 3017 tum,
1078 2981 1166 3007 vero
1199 2971 1384 3014 maxime,
1427 2974 1470 3006 ut
1500 2968 1588 3006 Tibi
1621 2974 1871 3016 patronorum

75 3043 247 3071 meorum
288 3044 364 3069 non
397 3037 590 3080 postremo
621 3041 766 3079 perque
798 3029 854 3066 Te
885 3027 1094 3065 lectoribus
1135 3029 1270 3065 ceteris
1308 3028 1496 3064 rationem
1535 3025 1734 3064 redderem
1770 3032 1870 3064 tem-

75 3092 178 3140 poris
209 3090 258 3127 ab
292 3089 460 3128 editione
494 3089 866 3127 Commentariorum
896 3085 1032 3122 Martis
1066 3087 1259 3123 consecuti
1267 3113 1402 3126 .....
1457 3086 1583 3123 Refert
1596 3087 1671 3132 jam
1687 3087 1870 3133 Keplerus

73 3150 248 3188 tumultus
268 3151 468 3194 Pragenses
493 3153 529 3184 et
552 3153 702 3187 mortem
728 3147 850 3186 uxoris
875 3151 911 3185 et
934 3145 991 3183 his
1016 3145 1123 3182 finem
1141 3145 1245 3182 facit:
1279 3143 1473 3194 Quorsum
1502 3143 1600 3183 haec
1630 3143 1789 3183 autem?
1821 3143 1870 3182 Et
