2126 3388
229 220 341 262 4028
926 218 1007 252 Vita
1032 218 1054 253 J
1058 219 1182 254 oannis
1209 219 1366 265 Kepleri.

226 345 264 377 et
293 339 428 377 stellae
460 341 629 375 errantes
659 341 843 386 perpetuo
874 348 945 374 suo
979 340 1248 388 constantique
1281 350 1391 377 cursu
1433 339 1536 376 omni
1567 338 1781 387 posteritati
1816 339 2007 376 omnium-

226 409 299 446 que
331 396 547 434 seculorum
579 396 784 432 memoriae
815 394 1019 443 prodent.“

359 454 402 490 Iu
435 458 603 490 extremo
636 463 751 500 opere
782 457 914 489 nostro
946 455 1068 490 satius
1101 452 1279 490 duximus
1311 453 1472 490 aliorum
1505 452 1550 492 de
1572 453 1741 502 Keplero
1775 453 1911 491 referre
1939 454 2008 502 ju-

224 511 334 556 dicia,
368 522 484 559 quam
516 508 618 558 quod
650 521 695 547 ex
726 509 785 547 his
816 511 910 559 ipsis
943 513 1011 547 viri
1044 511 1224 560 operibus
1256 511 1409 548 anobis
1442 511 1554 548 editis
1590 511 1889 549 redundaturum
1928 517 2009 550 erat

222 569 295 618 ipsi
334 567 571 605 concludere.
636 567 813 616 Amplius
852 569 952 606 enim
995 570 1151 617 triginta
1192 580 1378 606 annorum
1419 580 1573 619 operam
1617 575 1653 607 et
1678 569 1851 606 laborem
1892 571 1928 605 in
1963 580 2007 606 eo

222 627 515 672 consumsimus,
551 631 592 662 ut
623 637 680 670 ea,
714 637 814 674 quae
847 637 960 675 opere
992 638 1091 664 nunc
1124 626 1171 663 ad
1204 626 1319 664 finem
1349 626 1534 675 perducto
1559 629 1814 674 continentur,
1849 626 2008 675 collige-

220 695 346 720 remus
379 689 416 720 et
447 682 637 731 quendam
670 685 706 719 in
740 683 909 721 ordinem
942 684 1213 733 redigeremus.
1277 683 1377 732 Quid
1411 686 1547 721 mirum
1579 686 1712 733 igitur,
1745 686 1777 721 si
1811 684 2008 721 dubitavi-

221 754 302 777 mus
336 744 563 777 serm-:utinm
597 742 692 778 serre
726 741 771 778 de
805 753 850 778 eo
884 744 977 788 viro,
1013 744 1076 791 qui
1109 749 1166 779 tot
1198 754 1265 791 per
1296 753 1418 780 annos
1450 745 1633 780 continuo
1658 744 1785 780 animo
1809 742 2008 790 oculisque

220 801 360 835 nostris
392 802 440 835 sit.
473 799 732 836 obversatus?
772 799 932 837 Poterat
964 802 1063 837 enim
1095 800 1188 845 fieri,
1222 806 1264 836 ut
1297 800 1454 850 Kepleri
1487 812 1645 850 operum
1678 800 1801 838 editor
1833 800 2009 848 idemque

220 859 402 905 interpres
433 869 507 893 non
543 856 734 894 videretur
766 858 797 893 is
830 869 927 904 esse,
963 858 1071 907 cujus
1104 859 1364 907 incorruptum
1387 859 1656 907 integrumque
1679 863 1780 896 esset
1805 858 2008 906 judicium.

220 914 324 961 Quas
357 916 595 963 suspiciones
617 919 658 951 ut
681 917 924 961 evitaremus,
958 916 1164 953 maluimus
1188 916 1286 953 alios
1317 922 1447 954 nostro
1469 918 1623 954 nomine
1646 917 1772 954 facere
1794 915 2008 965 loquentes.

354 972 501 1019 Restat,
536 979 574 1010 ut
607 971 712 1009 nulla
743 972 819 1010 alia
852 986 889 1010 re
921 975 993 1011 nisi
1027 974 1281 1012 admiratione
1313 976 1452 1011 summi
1484 976 1557 1012 viri
1589 974 1638 1012 ad
1660 973 1948 1024 suscipiendum
1973 979 2010 1011 et

218 1030 488 1080 perficiendum
529 1042 624 1079 opus
663 1030 823 1068 arduum
866 1031 1052 1081 impulsos
1084 1044 1153 1069 nos
1197 1044 1279 1070 esse
1313 1032 1570 1081 profiteamur.
1635 1033 1859 1082 Accipiatur
1893 1033 2010 1080 igitur

218 1094 257 1125 ut
291 1088 442 1126 debitae
477 1089 558 1125 viro
591 1089 850 1126 venerationis
882 1091 1034 1137 signum
1067 1097 1104 1127 et
1137 1091 1419 1137 testiinonium,
1453 1102 1650 1139 quumque
1683 1092 1717 1127 ei
1749 1089 1889 1128 abhinc
1921 1096 2008 1126 octo

217 1157 366 1183 menses
397 1147 432 1181 in
467 1146 650 1195 oppidulo
684 1147 802 1183 natali
837 1147 1027 1184 collocata
1060 1149 1109 1184 sit
1139 1153 1268 1185 statua
1301 1160 1436 1195 aerea,
1482 1148 1678 1186 literarum
1723 1147 1798 1186 hoc
1836 1153 2007 1185 nostrum

216 1209 502 1241 monumentum
535 1216 580 1240 ne
615 1204 679 1241 illo
714 1204 890 1242 videatur
924 1205 1118 1254 indignius
1150 1217 1234 1244 esse
1269 1217 1502 1255 magnopere
1536 1213 1727 1256 optumus.

352 1308 485 1346 Mense
519 1308 728 1345 Februario
760 1308 1095 1346 MDCCCLXXI.

1524 1412 1605 1463 Dr·
1647 1411 1865 1466 Frisch.
