2126 3388
256 150 341 195 778
932 154 1016 190 Vita
1041 153 1064 190 J
1066 154 1193 190 oannis
1218 155 1377 201 Kepleri.

391 268 554 304 Fabricio
573 269 689 304 denuo
710 271 905 315 quaerenti,
931 271 1075 316 quando
1095 271 1355 307 Commentaria
1381 271 1544 307 editurus
1561 270 1619 316 sit,
1644 271 1830 316 respondit
1847 272 2043 316 Keplerus:

256 323 470 373 Diligenter
499 324 573 362 hoc
604 336 698 374 ago,
740 332 782 365 ut
821 328 944 366 edam.
1005 327 1198 377 Impedire
1229 330 1397 366 minatur
1427 328 1692 377 Tengnaglius
1725 334 1762 365 et
1792 333 1920 365 tamen
1950 330 2048 365 inter

257 394 364 431 spem
396 387 616 431 metumque
648 384 830 434 relinquit
861 385 1034 426 dubium.
1095 386 1205 425 Haec
1236 387 1440 436 occupatio
1481 398 1600 424 eausa
1631 391 1708 433 est,
1752 398 1818 423 eur
1855 388 2047 432 gravatim

256 441 418 478 scribam
424 468 561 480 .....
613 442 672 480 De
703 444 862 492 reliquis
895 445 1188 492 quaestionibus
1220 445 1329 482 alias.
1373 443 1500 482 Unum
1531 448 1660 482 tamen
1692 455 1768 481 11011
1790 455 1949 493 possum
1971 455 2046 481 uon

256 498 408 536 addere.
470 498 544 536 Die
578 504 644 539 28.
677 501 773 550 Maji
806 502 1020 540 Mercurius
1064 504 1176 540 nobis
1215 503 1278 541 hie
1310 503 1458 550 Pragae
1499 503 1605 540 visus
1649 508 1707 540 est
1739 504 1775 538 111
1809 502 1914 540 diseo
1946 501 2048 540 Solle

253 560 334 595 lefr.
361 559 405 592 ΙΙ.
433 559 527 603 100).
588 558 648 597 De
680 559 805 598 Marte
838 561 902 597 vix
935 560 1147 609 quidquam
1179 561 1368 611 amplius,
1407 572 1496 598 nam
1528 562 1567 597 111
1601 560 1895 598 Commentariis
1926 571 2048 610 expo-

254 615 391 653 liendis
422 615 592 654 laborem
624 617 883 667 respondendi
914 619 1146 668 impendam.

394 682 435 716 In
461 682 584 717 codiee
610 683 838 719 Pulcoviensi
863 686 1151 729 complectuntur
1176 686 1244 720 hae
1269 685 1416 730 Kepleri
1441 685 1566 720 literae
1592 685 1637 721 ‘28
1654 685 1741 719 folia
1766 685 1911 720 minutis
1938 683 2048 718 literis

255 740 407 784 scripta3
434 741 594 785 integras
621 752 682 776 eas
710 742 948 787 exhibuimus,
976 744 1189 778 intermixtis
1216 743 1370 778 Fabricii
1396 743 1513 778 dubiis
1539 748 1574 779 et
1600 743 1870 787 quaestionibus
1895 743 1963 778 vol.
1982 742 2048 778 III.

255 811 290 843 p.
318 799 501 834 <los—125»
540 800 626 843 475,
654 805 793 845 partem
819 812 940 836 earum
967 802 1074 837 etiam
1099 802 1169 838 vol.
1197 802 1244 836 11.
1272 813 1305 846 p.
1333 802 1399 838 106
1426 807 1460 836 et
1486 803 1566 838 603.

394 858 498 901 Quali
524 859 702 904 Keplerus
736 871 822 894 usus
859 861 905 895 sit
930 861 1067 903 Pragae
1094 861 1186 895 vitae
1210 861 1365 902 ratione,
1403 872 1447 895 ex
1481 861 1537 896 his
1569 860 1830 904 quadamtenus
1857 860 2048 905 apparebit

255 916 383 957 verbis,
409 926 487 951 cum
513 927 633 952 mense
659 918 768 953 ι1111110
795 918 839 952 ad
865 918 1110 954 Beseldum
1143 919 1333 960 scriberet,
1366 919 1620 954 commendans
1656 919 1920 953 adolescentem
1946 918 1978 953 J.
2007 918 2049 954 G.

255 973 432 1018 Polzium,
465 974 577 1009 filium
603 975 797 1010 consiliarii
831 982 866 1010 et
893 977 1075 1011 secretarii
1101 977 1270 1021 primarii,
1309 977 1399 1024 „qui
1431 987 1490 1013 me
1521 975 1728 1024 plurimum
1760 974 1897 1023 diligit,
1930 981 2052 1012 mater

257 1041 348 1068 vero
381 1036 419 1068 et
451 1035 533 1068 tota
564 1031 714 1080 reliqua
744 1033 889 1070 familia
913 1033 1062 1082 Pragae
1092 1036 1304 1070 austriacas
1336 1034 1560 1082 elegantias,
1594 1034 1851 1070 urbanitatem
1883 1045 2054 1071 morum-

254 1100 328 1137 que
361 1088 602 1127 honestatem
625 1090 861 1138 profitentur,
893 1090 991 1129 adeo
1014 1097 1055 1128 ut
1086 1093 1118 1128 si
1150 1092 1241 1140 quid
1275 1092 1364 1130 olim
1386 1093 1601 1141 profecero,
1634 1104 1657 1128 a
1679 1102 1756 1140 quo
1788 1090 1942 1140 quidem
1969 1092 2050 1140 jam

257 1147 371 1196 longe
403 1149 552 1194 absum,
586 1147 626 1184 id
656 1149 746 1186 huic
777 1149 948 1187 familiae
980 1151 1028 1187 sit
1059 1156 1261 1198 acceptum
1291 1150 1501 1189 serendum.
1563 1150 1767 1187 Praeterea
1801 1151 1837 1186 in
1870 1149 2054 1188 difficilli-

256 1207 326 1242 mis
359 1207 453 1243 meis
484 1206 651 1254 negotiis
683 1218 834 1256 semper
864 1208 956 1244 milii
989 1208 1051 1245 hic
1083 1210 1120 1244 in
1152 1215 1302 1257 promtu
1326 1214 1414 1246 sunt
1436 1209 1583 1257 optima
1615 1208 1789 1253 consilia,
1823 1219 1893 1246 nec
1924 1209 2055 1246 obstat

254 1264 346 1300 1111111
392 1263 453 1302 vel
484 1265 539 1300 rei
573 1264 807 1303 domesticae
847 1268 1014 1303 tenuitas
1055 1266 1117 1304 vel
1161 1267 1330 1305 conditio
1373 1267 1528 1305 inferior
1559 1265 1660 1318 (cum
1691 1268 1729 1302 in
1760 1266 1948 1303 nobilium
1979 1268 2054 1316 ipsi

255 1332 413 1360 numero
446 1321 691 1373 habeantur),
724 1335 801 1373 quo
835 1326 960 1361 minus
992 1324 1089 1362 liber
1119 1325 1211 1361 mihi
1244 1326 1397 1374 quoties
1429 1325 1519 1363 volo
1552 1325 1600 1363 ad
1623 1326 1727 1373 ipsos
1749 1329 1882 1374 pateat
1912 1324 2053 1363 aditus,

256 1383 322 1417 His
349 1383 513 1428 adjungit
538 1384 717 1428 Keplerus
743 1385 964 1429 petitionem,
990 1390 1030 1420 ut
1047 1386 1226 1420 Beseldus
1244 1386 1472 1421 Maestlinum
1498 1385 1543 1420 ad
1562 1386 1854 1430 respondendum
1872 1384 2052 1429 impellat3

257 1445 374 1488 atque
408 1445 460 1487 ut,
494 1442 621 1486 pergit,
660 1452 728 1490 per
759 1446 796 1479 te
828 1441 1021 1479 hominem
1054 1443 1240 1488 excitem,
1281 1443 1444 1480 scribam
1476 1442 1645 1490 aliquid,
1679 1441 1784 1490 quod
1822 1441 1884 1480 vel
1928 1443 2053 1490 ipsum

254 1498 534 1546 Ptolemaeum,
568 1503 624 1536 tot
650 1499 732 1547 jam
765 1505 854 1537 ante
887 1500 1018 1537 secula
1050 1506 1263 1548 mortuum,
1296 1500 1344 1537 ad
1376 1500 1620 1538 scribendum
1653 1502 1804 1540 excitet.
1856 1499 2052 1549 Superiori

257 1560 323 1595 28.
356 1556 453 1605 Maji
486 1558 592 1594 visus
625 1565 683 1595 est
713 1559 826 1595 nobis
859 1557 920 1596 liic
954 1559 1101 1607 Pragae
1133 1558 1347 1596 Mercurius
1380 1561 1417 1595 in
1449 1561 1534 1608 ipso
1568 1558 1675 1596 diseo
1707 1558 1810 1596 Solis
1843 1564 1915 1596 etc.

396 1624 576 1668 Keplerus
603 1624 703 1658 initio
730 1625 814 1658 anni
840 1635 918 1660 eum
945 1626 1070 1660 Mart.
1098 1626 1125 1659 R
1139 1625 1246 1660 ulan
1260 1625 1311 1659 do
1339 1625 1584 1670 (imperatoris
1610 1625 1795 1669 Rudolphi
1820 1625 1958 1659 medico
1984 1623 2054 1668 pri·

254 1683 381 1725 mario)
409 1683 451 1717 de
479 1682 640 1727 ehymica
665 1687 741 1717 arte
767 1695 830 1727 per
856 1683 979 1718 literas
1007 1684 1095 1727 egst,
1133 1684 1228 1728 quod
1262 1694 1305 1717 ex
1333 1683 1387 1718 bis
1414 1683 1571 1718 Rulandi
1604 1683 1720 1717 verbis
1747 1683 1883 1718 elucet:
1921 1683 2054 1718 Rerum

255 1741 495 1785 ehymiearum
529 1746 563 1776 te
596 1753 666 1775 non
702 1741 811 1787 plane
843 1741 1005 1786 ignarum
1039 1753 1138 1786 esse,
1175 1743 1396 1787 objectiones
1429 1742 1583 1777 solerter
1613 1742 1821 1786 propositae
1847 1741 2054 1778 ostendunt.

254 1801 309 1834 De
335 1794 674 1834 medicamentorum
701 1800 945 1845 cbymieorum
971 1800 1121 1835 artificio
1148 1806 1247 1836 recte
1277 1801 1401 1835 sentis.
1454 1802 1597 1835 Certum
1624 1805 1689 1844 ost,
1717 1800 1905 1845 spagyrico
1931 1800 2055 1834 labore

254 1858 515 1892 medicamenta
541 1858 658 1892 minus
685 1859 811 1892 virium
838 1859 999 1902 perdere.
1051 1859 1330 1903 Chrysopooiam
1358 1870 1429 1893 non
1456 1858 1588 1893 videris
1614 1859 1684 1893 tuis
1711 1859 1932 1902 argumentis
1956 1858 2053 1893 labe-

256 1916 392 1951 factare
419 1920 481 1950 aut
507 1920 698 1960 suspectae
725 1916 807 1950 fidei
834 1927 997 1960 arguere.
1048 1917 1196 1959 „Calore
1222 1917 1376 1951 Telluris
1405 1928 1546 1961 aurum,
1584 1921 1771 1961 argentum
1797 1916 1886 1951 solvi
1914 1921 1948 1950 et
1974 1927 2053 1950 coa-

259 1973 374 2017 gulari
401 1978 531 2018 potest,
559 1978 683 2008 nostro
708 1973 887 2008 artificiali
913 1985 984 2008 non
1011 1980 1151 2019 potest:
1179 1985 1262 2018 ergo
1281 1975 1514 2018 impossibilis
1534 1974 1804 2020 clirysopoeia.“
1844 1976 2052 2010 Connexum

259 2031 328 2066 1100
353 2037 516 2075 negatur,
544 2037 583 2067 ut
608 2032 900 2076 asyllogisticum.
943 2033 1070 2067 Calore
1097 2034 1229 2068 Terrae
1255 2033 1394 2067 nullum
1419 2033 1646 2068 metallorum
1673 2033 1763 2067 solvi
1789 2044 1854 2068 nec
1871 2032 2054 2076 coagulari

255 2094 377 2135 potest
404 2095 472 2126 ete.
522 2090 603 2134 Ais,
636 2091 795 2125 tinctura
820 2091 926 2125 cultri
954 2096 1093 2135 partem
1119 2092 1336 2126 anteriorem
1363 2102 1507 2126 auream
1533 2103 1612 2126 esse
1640 2091 1820 2135 effectam,
1855 2091 2054 2136 posteriore

253 2153 420 2184 manente
445 2148 575 2184 ferrea.
625 2149 806 2183 Incertum
832 2149 901 2184 hoc
928 2154 981 2183 est
1008 2150 1210 2194 exemplum
1237 2154 1273 2185 et
1297 2154 1490 2184 narratum.
1524 2150 1683 2193 Elegans
1702 2154 1756 2185 est
1775 2149 1871 2193 quod
1890 2149 2054 2194 appingis

254 2208 297 2242 de
324 2208 443 2242 calore
469 2207 668 2249 ventriculi,
695 2207 956 2242 medicamenta
982 2208 1173 2251 purgantia
1205 2209 1436 2253 dispergente
1468 2218 1533 2251 per
1564 2212 1681 2242 totum
1707 2218 1838 2252 eorpus
1865 2212 1934 2243 ete.
1984 2208 2054 2251 (Ex

255 2266 405 2311 epistola
431 2265 465 2302 d.
490 2265 714 2300 Ratisbonae
740 2265 773 2300 d.
802 2266 854 2299 24.
883 2265 1004 2309 Febr.)

393 2324 589 2357 Joannes
615 2323 847 2358 Pistorius
873 2324 1050 2368 Friburgo
1079 2324 1111 2358 d.
1140 2325 1193 2358 14.
1222 2325 1341 2360 Martii
1369 2325 1411 2358 de
1437 2335 1531 2359 anno
1560 2324 1691 2359 Christi
1716 2323 1830 2358 natali
1854 2334 1933 2358 eum
1958 2323 2054 2368 Kep-

256 2382 330 2416 lero
358 2381 442 2425 egit,
468 2380 558 2424 petit
580 2380 753 2423 „eclipses
781 2390 914 2414 omnes.
945 2391 1036 2423 quae
1054 2383 1154 2417 annis
1174 2383 1326 2417 Julianis
1346 2383 1401 2426 43,
1429 2383 1484 2426 44,
1508 2383 1551 2417 «15
1579 2383 1816 2426 contigerunt,
1843 2382 2054 2426 descriptas.

254 2440 481 2475 Intereedam
506 2448 571 2483 pro
597 2442 633 2472 te
658 2438 703 2472 ad
731 2438 919 2489 Caesarem
954 2445 989 2473 et
1021 2439 1129 2483 liujus
1160 2441 1399 2484 consiliarios,
1434 2442 1644 2484 praesertim
1678 2441 1723 2476 ad
1747 2442 1791 2476 D.
1817 2439 2054 2476 Liehtenstei-

255 2499 389 2534 niu1n“.
442 2496 581 2531 Certior
612 2496 690 2530 fieri
723 2497 824 2540 eupit
855 2497 898 2530 de
925 2497 1072 2541 Kepleri
1104 2498 1242 2533 studiis.
1295 2499 1395 2541 Quae
1427 2499 1604 2542 Keplerus
1637 2499 1824 2543 respondit
1855 2498 1899 2533 de
1929 2498 2052 2533 morbo

255 2557 410 2601 pistorii,
437 2557 640 2591 immiscens
667 2556 843 2599 quaedam
870 2556 1086 2601 theologica,
1114 2556 1283 2601 leguntur
1308 2556 1376 2591 rol.
1396 2557 1458 2592 IV.
1478 2568 1510 2600 p.
1531 2556 1598 2590 114
1618 2567 1665 2592 ss.
1706 2557 1760 2590 De
1779 2555 1935 2591 editione
1954 2556 2054 2590 Com-

254 2616 509 2650 mentariorum
527 2614 654 2648 Martis
680 2614 804 2649 eadem
831 2614 904 2649 fere
929 2614 1052 2658 refert,
1078 2626 1171 2659 quae
1190 2616 1375 2650 Herwarto
1404 2619 1439 2649 et
1455 2615 1632 2660 Fabricio,
1661 2616 1704 2650 de
1721 2615 1800 2650 aliis
1819 2615 1945 2649 studiis
1962 2615 2053 2649 haec

255 2687 273 2708 e
299 2674 368 2708 vol.
396 2674 460 2708 ΙΙΙ.
486 2684 524 2717 p.
548 2673 617 2708 444
642 2672 855 2716 repetimus:
883 2671 1183 2719 Epliemeridum
1214 2671 1322 2708 nulla
1354 2673 1389 2707 in
1424 2672 1641 2720 propinquo
1673 2683 1786 2722 spes,
1824 2673 1916 2719 quia
1946 2669 2052 2708 Mars

254 2732 292 2767 in
324 2741 409 2767 meo
443 2729 598 2767 cerebro
621 2729 877 2777 manibusque
909 2730 1177 2767 tumultuatur:
1222 2730 1280 2767 De
1302 2730 1572 2777 thdolphmis
1603 2729 1756 2767 tandem
1788 2729 2052 2778 Tenguaglius

257 2788 408 2825 videtur
439 2799 547 2836 spem
579 2787 792 2836 abjecisse,
834 2798 910 2824 11011
944 2800 1035 2836 ego,
1078 2789 1109 2824 si
1148 2790 1293 2826 vixero.
1354 2787 1395 2823 Si
1426 2799 1486 2824 1110
1518 2789 1643 2836 pactis
1684 2789 1825 2824 nostris
1868 2786 2052 2835 impediet

256 2845 403 2895 aliquid
436 2845 618 2894 evulgare
652 2845 940 2894 Tengnaglius,
984 2848 1195 2895 excipiam,
1230 2846 1432 2895 deceptum
1464 2857 1524 2883 me
1557 2857 1660 2892 esse,
1696 2857 1782 2883 cum
1813 2846 2053 2895 promisisset

256 2907 354 2942 intra,
387 2908 409 2941 4
433 2915 553 2941 annos
575 2903 845 2952 Rudolphinas
879 2904 1013 2952 edere3
1045 2905 1134 2942 huie
1157 2916 1228 2953 ego
1251 2905 1510 2953 promissioni,
1543 2915 1643 2952 quae
1675 2903 1777 2941 sacta
1800 2909 1858 2941 est
1880 2903 2049 2948 Caesari,

256 2964 433 2999 inimicus
465 2963 623 3011 promisi
655 2968 891 3010 exspectare,
925 2962 1047 3000 donec
1078 2963 1265 3011 prodeant
1289 2962 1377 2999 illae
1399 2961 1570 3008 tabulae,
1602 2961 1848 3010 postmodum
1873 2960 2050 2999 libertate

256 3020 525 3068 philosophica
545 3020 639 3057 1111111
659 3026 868 3058 reservata.
909 3020 1000 3058 Jam
1022 3021 1150 3058 nullas
1172 3021 1235 3059 ille
1259 3020 1412 3058 tabulas
1435 3031 1606 3068 unquam
1627 3021 1789 3067 scribet,
1822 3021 1928 3058 irrita
1959 3030 2050 3067 ergo

256 3083 371 3126 pacta
402 3083 545 3124 nostra,
579 3078 652 3116 etsi
681 3078 942 3116 conditionem
974 3078 1020 3116 de
1055 3084 1078 3117 4
1100 3081 1210 3118 annis
1243 3090 1318 3116 non
1351 3079 1568 3126 continent,
1599 3077 1751 3125 sufficit,
1784 3078 1855 3116 hos
1879 3082 1902 3116 4
1928 3088 2050 3115 annos

259 3135 415 3173 Caesari
446 3137 679 3174 nominatos.
