2126 3388
897 163 999 204 1619.
1027 163 1126 204 1620.
1808 157 1890 207 873

241 285 354 330 1621).
385 287 596 327 Revolutio
628 287 732 326 anni.
774 285 888 324 Edidi
911 286 1110 336 Epitomes
1132 285 1270 324 librum
1292 289 1482 334 quartum.
1527 282 1670 322 Dedita
1691 282 1890 333 provincia

100 348 155 384 ivi
193 346 262 386 sed
300 348 507 397 praecipue
551 347 684 384 matris
727 356 845 384 causa
882 356 968 383 cum
1008 344 1155 382 familia
1192 343 1463 391 Ratisbonam‚
1507 344 1590 393 ipse
1628 343 1666 378 in
1707 341 1889 380 Sueviam

101 403 272 443 Octobri.

237 463 323 503 Lib.
356 463 385 500 Ι.
419 463 469 501 ΙΙ.
510 463 832 500 Harmonicorum
872 472 958 499 cum
998 461 1130 509 figuris
1169 462 1299 499 aeneis
1341 465 1379 497 et
1421 459 1533 497 titulo
1572 457 1740 507 generali
1781 457 1889 494 nonis

102 521 304 560 «Ianuariis
346 533 414 572 per
455 521 724 572 supplementa
765 520 1102 558 Francofurtensia
1144 521 1357 568 integratus
1409 517 1501 554 mihi
1547 524 1618 557 est.
1696 514 1809 553 Edidi
1853 519 1890 552 et

99 579 359 630 Ephemerida
381 581 416 616 in
439 592 581 618 annum
608 583 728 618 1620.
760 584 798 617 et
827 584 1032 616 tractatum
1066 577 1253 628 triplicem
1286 577 1332 615 de
1355 578 1525 620 cometis,
1558 575 1695 612 librum
1717 576 1753 611 in
1776 572 1889 611 Italia

98 639 163 675 vix
186 638 445 685 vendendum,
469 639 560 687 quia
583 638 694 674 salvo
717 638 965 687 apparentiae
989 642 1162 675 cometae
1183 648 1249 686 per
1272 640 1416 673 :notum
1439 633 1604 671 Telluris
1628 634 1726 671 circa
1746 631 1888 670 Solem.

234 705 341 739 Initio
369 704 455 739 anni
480 708 623 748 praeter
649 703 821 748 epistolas
848 707 1040 737 occurrunt
1065 703 1099 736 in
1125 703 1213 737 Mss.
1233 700 1528 737 Pulcoviensibus
1555 697 1682 734 calculi
1707 697 1889 741 eclipsium

98 763 223 798 Lunae
249 762 293 797 ad
323 762 567 806 „probandam
593 761 812 806 hypothesin
830 761 955 794 Lunae
973 764 1046 794 tam
1065 759 1297 805 longitudinis
1323 769 1429 803 quam
1455 756 1694 797 latitudinis:
1721 754 1892 799 adscripti

97 825 182 856 sunt
206 820 262 855 his
288 820 509 864 longioribus
535 819 826 863 inquisitionibus
846 819 922 854 dies
947 822 978 863 5,
1007 821 1038 863 9,
1066 820 1119 862 10,
1150 820 1201 862 11,
1235 820 1283 861 ¹5,
1305 819 1356 861 16,
1383 817 1441 851 23.
1458 815 1602 860 Aprilis,
1628 816 1658 855 6,
1685 816 1738 858 15,
1767 814 1889 856 18,23,

93 879 148 914 25.
175 878 285 923 Maji‚
323 881 351 924 1,
377 880 409 923 2,
438 880 470 922 3,
496 880 528 923 5,
556 879 588 921 6.
615 879 668 914 25.
697 878 812 922 Junii,
843 880 895 914 15.
921 878 1026 922 Julii,
1053 878 1108 913 24.
1135 876 1300 920 Augusti,
1327 885 1439 920 eaque
1466 874 1635 918 majorem
1660 878 1795 917 partem
1821 871 1889 906 vol.

94 936 170 972 XV.
196 937 285 972 Mss.
310 936 468 981 implent.

234 995 569 1040 Gringalletus‚
599 1006 704 1039 quem
724 996 887 1039 Augusto
915 994 1110 1039 superioris
1137 995 1219 1029 anni
1247 994 1369 1028 scribit
1394 993 1572 1038 Keplerus
1602 991 1754 1033 „dudum
1773 988 1890 1023 dimis-

94 1056 207 1095 sum“,
232 1054 382 1088 rediisse
399 1053 539 1088 videtur
555 1053 652 1088 brevi
669 1058 770 1099 post,
797 1065 877 1089 cum
894 1054 1020 1088 Lunae
1039 1053 1188 1097 eclipsin
1207 1053 1239 1087 d.
1260 1054 1313 1087 ⁶20.
1334 1053 1420 1087 Dec.
1439 1052 1539 1087 1619.
1566 1049 1680 1086 Lincii
1697 1046 1889 1093 Keplerum

95 1111 271 1156 adjuvans
309 1112 517 1146 observaret
549 1113 625 1155 (ΙΙΙ.
653 1113 746 1156 619).
798 1112 899 1147 Circa
931 1112 1070 1146 initium
1109 1112 1192 1146 anni
1227 1112 1323 1147 1620.
1364 1111 1451 1145 abiit
1485 1109 1727 1154 Gringalletus
1752 1107 1889 1150 Lincio‚

94 1169 239 1214 scripsit
265 1171 296 1205 4.
326 1171 431 1205 Febr.
460 1171 581 1204 Bruna
606 1171 697 1205 haec
722 1170 888 1215 politica:
916 1169 1097 1211 e.‚felieiter
1113 1170 1231 1213 {legati
1257 1169 1372 1205 functi
1397 1174 1481 1204 sunt
1513 1179 1578 1203 sua.
1603 1168 1781 1212 legatione
1807 1177 1889 1201 con-

93 1227 368 1272 foederatioque
395 1229 472 1272 jam
503 1228 676 1263 conclusa
710 1232 783 1271 est3
819 1227 1090 1263 confirmabitur
1120 1228 1166 1264 ad
1197 1239 1356 1263 mensem
1387 1228 1486 1272 Maii.
1537 1228 1710 1271 Princeps
1745 1224 1888 1261 Gabriel

93 1287 249 1327 (Be-thlen
280 1289 408 1330 Gabor‚
442 1288 711 1320 Transsilvaniae
738 1290 905 1331 princeps)
931 1286 988 1321 die
1014 1287 1070 1322 20.
1097 1285 1178 1321 Jan.
1207 1286 1392 1330 profectus
1428 1291 1482 1320 est
1517 1286 1672 1321 Posonio
1703 1294 1783 1319 cum
1813 1288 1889 1319 toto

97 1355 162 1379 suo
190 1345 369 1388 exercitu,
399 1350 587 1381 constante
614 1357 642 1380 c.
671 1348 760 1382 6001)
784 1345 986 1385 hominum,
1017 1355 1087 1389 quo
1114 1345 1170 1379 die
1195 1349 1230 1380 et
1255 1355 1321 1379 nos
1346 1348 1430 1389 post
1454 1344 1553 1378 bidui
1577 1353 1713 1378 moram
1737 1340 1889 1387 profecti

93 1413 215 1438 sumus
242 1415 322 1440 cum
349 1404 477 1439 comite
504 1404 547 1438 de
575 1404 782 1448 Hohenloe3
810 1403 892 1437 inde
919 1403 1080 1438 venimus
1106 1403 1142 1437 in
1168 1403 1289 1437 urbem
1310 1402 1407 1436 Brin.
1449 1402 1565 1436 Hodie
1584 1404 1815 1446 exspectatur
1830 1399 1890 1434 ad-

91 1467 220 1496 ventus
244 1461 338 1505 regis
363 1462 569 1504 Bohemiae,
597 1463 657 1507 qui
684 1462 886 1506 homagium
914 1472 934 1495 a
960 1461 1117 1496 Moravis
1143 1467 1358 1505 accepturus
1385 1465 1450 1496 est.
1486 1461 1539 1495 De
1566 1460 1651 1495 urbe
1677 1458 1890 1501 Niclesburg

93 1521 277 1565 spargitur
303 1525 445 1565 captam
471 1521 615 1565 urbem,
652 1531 770 1556 arcem
804 1526 903 1555 arcte
939 1519 1070 1564 premi,
1106 1519 1274 1555 obsessos
1308 1520 1350 1555 de
1384 1519 1594 1554 redditionis
1629 1517 1889 1554 conditionibus

92 1583 260 1614 tractare.
312 1579 471 1615 Polonus
499 1590 576 1614 cum
604 1579 722 1614 'I'urca
750 1584 784 1613 et
809 1578 1011 1613 Moscovita
1035 1588 1162 1622 pacem
1189 1579 1309 1613 sanxit
1335 1589 1376 1614 eo
1403 1577 1569 1617 consilio,
1596 1581 1636 1611 ut
1661 1575 1888 1611 Ferdinando

90 1637 259 1682 opitulari
285 1637 415 1682 possit,
450 1641 642 1681 metusque
667 1648 818 1681 magnus
847 1640 902 1671 est
927 1647 971 1670 ne
996 1636 1107 1671 irruat
1137 1636 1173 1670 in
1200 1636 1372 1671 Silesiam.
1423 1635 1571 1671 Occulte
1595 1634 1730 1676 audivi,
1762 1645 1827 1669 nos
1853 1634 1888 1668 in

89 1696 393 1731 Transsilvauiam
419 1696 645 1741 profecturos
672 1696 717 1730 ad
742 1695 939 1740 principem
961 1694 1116 1730 Gabriel.
1152 1695 1206 1729 Ne
1232 1695 1369 1729 otiosus
1395 1704 1507 1729 essem
1534 1694 1570 1728 in
1596 1693 1664 1728 hac
1688 1693 1888 1737 peregrina-

89 1753 197 1797 tione,
223 1764 361 1789 mecum
387 1754 542 1789 assumsi
568 1753 752 1798 exemplar
777 1753 924 1788 tabulae
949 1753 1260 1798 logarithmorum‚
1294 1764 1339 1789 ex
1373 1764 1445 1798 qua
1467 1753 1541 1797 jam
1568 1751 1707 1788 absolvi
1731 1750 1889 1786 tabulam

88 1811 310 1855 proindicum
339 1812 363 1855 ζ
401 1815 435 1846 et
459 1812 576 1856 incepi
603 1813 709 1847 trium
736 1812 961 1856 superiorum
988 1812 1215 1856 planetarum
1242 1812 1444 1857 proindices
1465 1811 1588 1846 eadem
1614 1810 1780 1845 methodo
1806 1820 1888 1854 sup—

86 1874 226 1914 putare.
246 1891 288 1894 —
307 1871 373 1905 Die
397 1872 450 1907 15.
468 1871 673 1905 Februarii:
700 1872 894 1905 Venissent
909 1870 1035 1904 literae
1061 1874 1146 1904 tuae
1176 1881 1247 1904 una
1275 1870 1330 1905 die
1348 1869 1462 1913 citius⁷
1489 1873 1657 1914 poterant
1684 1868 1727 1904 de
1754 1867 1888 1903 meliori

86 1934 174 1964 nota
199 1929 440 1963 commendari
466 1930 609 1973 negotia
636 1935 700 1963 tua
726 1929 823 1973 apud
848 1928 984 1972 regiam
1009 1928 1092 1963 Mtt.
1121 1934 1156 1963 et
1187 1928 1325 1972 legatos
1353 1928 1554 1963 silesiacos.
1604 1927 1780 1963 Redditae
1806 1931 1889 1961 sunt

90 1988 145 2022 14.
174 1987 280 2022 Febr.
313 1987 489 2031 postridie
515 1987 696 2022 discessus
723 1987 947 2021 Silesitarum
974 1990 1009 2021 et
1035 1988 1054 2020 Ξ)
1081 1987 1179 2021 horis
1205 1992 1288 2030 post
1324 1987 1459 2022 abitum
1494 1987 1599 2030 regis.
1648 1986 1784 2021 Nactus
1811 1995 1886 2020 sum

92 2044 329 2085 occasionem,
356 2044 437 2079 illas
463 2045 626 2080 mittendi
653 2045 861 2080 Olumitium
889 2055 1024 2088 easque
1049 2046 1295 2080 commendavi
1322 2050 1474 2089 cognato
1499 2044 1586 2079 mihi
1611 2043 1887 2079 familiarissimo

91 2107 127 2137 et
154 2103 389 2148 amicissimo,
426 2104 486 2148 qui
513 2109 567 2138 est
593 2105 627 2138 in
655 2103 807 2138 servitiis
835 2108 870 2138 et
895 2103 1067 2137 comitatu
1094 2104 1137 2138 D.
1164 2103 1220 2137 W.
1250 2103 1293 2137 de
1319 2102 1482 2147 Rupaeh.
1510 2102 1668 2148 supremi
1693 2101 1887 2137 Bohemiae

88 2161 295 2196 cancellarii
328 2167 363 2197 et
389 2162 591 2203 camerarii,
628 2161 689 2205 qui
714 2171 774 2195 eas
801 2166 898 2197 certo
924 2162 1043 2196 tradet
1068 2162 1131 2205 iis,
1166 2161 1295 2206 quibus
1327 2171 1417 2205 opus
1445 2165 1508 2195 est.
1558 2162 1763 2196 Generosus
1787 2169 1888 2195 meus

87 2223 173 2264 post
198 2219 311 2254 lectas
337 2218 419 2254 illas
445 2219 565 2265 copias
592 2220 662 2256 hoc
694 2221 861 2264 responsi
887 2220 1001 2265 dedit,
1040 2220 1204 2255 Silesitas
1237 2221 1380 2265 quidem
1413 2220 1593 2265 pollicitos
1620 2230 1699 2255 esse
1726 2220 1887 2255 Caesaris

88 2277 210 2313 debita
234 2278 452 2322 persolvere⁷
478 2278 573 2314 inter
599 2290 691 2324 quae
718 2280 748 2314 si
773 2280 841 2315 hoc
867 2284 967 2314 tuum
993 2285 1175 2323 repertum
1201 2280 1321 2325 fuerit,
1349 2286 1448 2315 certo
1473 2280 1538 2314 tibi
1556 2279 1713 2314 solutum
1739 2279 1800 2322 iri3
1827 2278 1887 2314 ad-

88 2336 199 2371 debat
225 2340 260 2370 et
285 2337 370 2379 hoc,
405 2336 497 2370 velle
524 2347 562 2372 se
588 2342 772 2373 auctorem
803 2337 868 2371 tibi
894 2348 973 2372 esse
999 2338 1042 2372 de
1069 2339 1296 2383 suscipiendo
1332 2339 1458 2374 itinere
1486 2338 1752 2373 Wratislaviam
1778 2338 1887 2382 idque

87 2405 193 2438 quam
220 2394 403 2437 citissime,
429 2400 470 2430 ut
494 2396 611 2440 possis
636 2395 684 2430 ibi
710 2400 784 2430 tum
810 2396 945 2439 Regiae
969 2397 1046 2439 ΜΗ,
1081 2402 1157 2431 tum
1191 2397 1376 2432 ordinibus
1403 2398 1552 2433 Silesiae
1584 2402 1664 2431 tuas
1697 2407 1755 2431 res
1791 2408 1885 2432 com-

86 2451 274 2486 mendare:
315 2463 395 2487 cum
421 2453 514 2487 enim
541 2453 815 2498 quamplurimis
842 2453 1024 2488 officiariis
1060 2456 1152 2497 regis
1179 2461 1286 2490 notus
1313 2455 1380 2496 sis,
1414 2466 1485 2490 non
1516 2455 1656 2491 dubitat
1696 2456 1780 2500 quin
1807 2466 1885 2490 cum

86 2511 206 2547 fructu
233 2512 330 2547 bono
356 2511 444 2546 illud
478 2512 546 2546 iter
576 2511 724 2547 faceres.
753 2533 794 2538 -
821 2513 888 2548 Die
917 2514 949 2549 4.
977 2513 1063 2548 Julii
1090 2514 1274 2557 proximae
1302 2514 1516 2559 Gringalleti
1551 2514 1656 2549 datae
1688 2518 1773 2548 sunt
1797 2514 1886 2547 We-

86 2569 244 2604 senuffer
267 2569 400 2614 pagulo
428 2569 522 2604 infra
547 2570 775 2605 Passavium:
816 2572 891 2614 „Ibi
917 2572 1138 2617 superiorem
1157 2583 1274 2607 meum
1292 2573 1421 2615 inveni,
1448 2573 1507 2617 qui
1529 2573 1603 2616 jam
1627 2582 1769 2607 manum
1789 2571 1887 2615 operi

85 2628 298 2663 admovebat
332 2627 487 2672 ideoque
513 2629 620 2663 etiam
647 2641 718 2665 uon
744 2630 812 2665 fuit
837 2631 923 2664 mihi
950 2630 1153 2666 feriandum
1185 2633 1377 2675 statimque
1409 2642 1555 2676 operam
1586 2641 1701 2666 meam
1727 2630 1884 2665 adhibui.

84 2687 216 2721 Aestus
243 2690 279 2721 et
304 2686 381 2721 sitis
408 2698 472 2722 nos
499 2688 694 2722 miserrime
719 2693 901 2732 torquent.
950 2690 993 2724 In
1027 2700 1164 2724 summa
1190 2700 1272 2724 vere
1296 2690 1460 2725 militaris
1496 2694 1550 2724 est
1582 2689 1768 2732 tractatio;
1805 2699 1886 2723 con-

85 2745 309 2780 tubernalem
336 2745 452 2778 habeo
480 2755 626 2780 coecum
652 2745 753 2780 illum
780 2746 1016 2781 architectum
1044 2747 1258 2791 Antonium,
1286 2758 1439 2791 quocum
1465 2747 1564 2782 soleo
1590 2751 1733 2791 tempus
1757 2750 1885 2782 terere.

226 2805 282 2839 Ex
317 2803 669 2838 Hebenstreitii
704 2804 817 2839 literis
850 2804 895 2839 ad
928 2805 1127 2850 Keplerum
1163 2805 1255 2840 datis
1288 2817 1308 2839 a
1341 2816 1462 2841 mense
1495 2806 1593 2850 Majo
1626 2807 1661 2840 in
1695 2805 1884 2840 Octobrem

87 2868 249 2908 apparet,
275 2862 473 2906 Keplerum
491 2862 725 2897 Harmoniam
751 2872 851 2897 suam
879 2863 1055 2898 obtulisse
1080 2864 1306 2907 magistratui
1331 2864 1509 2907 Ulmensi;
1536 2863 1801 2908 responderunt
1825 2863 1885 2898 Ul-

84 2931 236 2962 menses,
266 2920 459 2963 „mediocri
483 2919 680 2959 α’ντιδοσεως
705 2924 903 2965 apparatu“
932 2919 1055 2955 literas
1081 2922 1299 2957 instruentes
1326 2922 1380 2966 (V.
1406 2921 1489 2966 54).
1539 2921 1741 2966 Septembri
1777 2921 1887 2956 refert

83 2979 384 3021 Hebenstreitius‚
411 2978 678 3023 typographum
704 2978 918 3023 opusculum
944 2980 1119 3021 (Canones
1144 2979 1319 3023 Pueriles)
1354 2979 1564 3024 propediem
1590 2979 1767 3014 editurum
1794 2989 1884 3015 esse.

84 3037 254 3082 Epistola
280 3036 502 3072 dedicatoria
528 3036 613 3071 data
640 3040 695 3070 est
715 3036 759 3071 ad
780 3036 1001 3071 Gebhartum
1020 3037 1051 3072 d.
1073 3039 1124 3073 15.
1144 3038 1234 3082 Maji
1261 3038 1375 3080 „inter
1391 3038 1515 3073 Musas
1534 3041 1570 3072 et
1587 3047 1727 3073 muscas
1744 3041 1883 3073 notas‘⁴.

222 3095 322 3138 Quae
356 3094 537 3139 Keplerus
581 3105 661 3130 cum
703 3094 897 3131 Maestlino
943 3095 1015 3140 egit
1049 3096 1093 3130 de
1130 3096 1234 3131 Luna
1267 3101 1303 3132 et
1336 3095 1380 3131 de
1417 3095 1642 3140 logarithmis
1681 3095 1812 3130 Martio
1850 3100 1885 3131 et

83 3153 219 3199 Aprili,
253 3152 425 3199 leguntur
455 3153 524 3190 vol.
549 3152 614 3190 111.
655 3164 692 3201 p.
729 3153 796 3189 676
822 3163 873 3189 ss.
907 3174 949 3180 —
985 3154 1173 3200 Epitomes
1203 3165 1288 3201 pars
1322 3154 1499 3200 secunda,
1534 3153 1624 3191 liber
1652 3154 1720 3200 IV,
1755 3153 1887 3200 prodiit
