2126 3388
209 170 294 214 694
886 172 969 206 Vita
993 172 1144 207 Joannis
1169 171 1327 217 Kepleri.

211 290 273 327 sit.
327 289 427 326 Tum
458 293 586 327 autem
610 293 647 326 et
670 291 822 327 occasio
844 291 1109 340 praeterlapsa
1139 293 1221 339 erit,
1256 304 1354 341 quae
1376 292 1462 329 sola
1482 302 1544 327 me
1565 294 1709 337 movet,
1744 294 1786 327 ut
1804 290 1878 328 hoc
1899 294 1999 328 tem-

209 358 302 395 pore
342 348 520 385 scribam.
580 346 706 384 Instat
744 360 867 385 annus
903 353 1010 386 1600
1044 362 1066 386 a
1099 353 1188 387 nato
1222 350 1386 387 Christo.
1447 349 1656 385 Possemus
1695 360 1780 386 cum
1812 350 1996 396 insignire

207 404 339 453 aliquo
378 404 630 443 memorabili.
690 405 900 443 Possemus
937 407 1081 455 justius
1120 407 1296 456 gloriari,
1342 419 1457 455 quam
1496 417 1599 454 papa
1640 406 1686 443 de
1728 418 1828 443 auno
1873 410 1995 453 1582,

208 463 319 510 quasi
351 464 389 498 in
421 461 571 498 deserto
604 463 746 510 angulo
781 466 920 512 posito.
982 464 1052 502 Ille
1087 477 1177 502 vero
1212 470 1320 503 1600
1354 470 1411 502 est
1443 465 1552 512 quasi
1585 465 1623 499 in
1664 465 1777 500 trivio
1810 469 1878 501 aut
1910 464 1995 501 loco

208 519 342 557 illustri
376 520 539 567 positus.
599 519 640 556 Si
673 526 890 559 moneretur
922 522 1136 571 Imperator
1167 528 1203 560 et
1235 523 1498 572 promulgaret
1528 520 1696 559 edictum
1729 533 1830 558 mere
1862 522 1995 570 politi-

207 589 304 623 cum,
338 577 471 613 habito
502 578 608 624 prius
640 579 952 627 evangelicorum
985 581 1160 626 consilio,
1203 583 1393 630 principes
1426 585 1554 617 autem
1597 579 1738 627 singuli
1772 579 1996 628 colligerent

208 635 390 681 suffragia
421 646 576 671 suorum
610 636 989 674 mathematicorum:
1031 641 1086 676 sic
1118 640 1395 687 approbaretur
1436 649 1511 675 non
1546 636 1721 684 Gregorii
1763 636 1887 684 bulla,
1931 637 1998 675 sed

212 692 315 729 illius
347 691 607 731 mathematici
642 694 857 734 consilium.
909 696 1038 745 Turpe
1061 695 1304 743 Germaniae,
1339 708 1423 734 cum
1454 700 1575 733 artem
1607 695 1820 742 corrigendi
1843 701 1997 732 restau-

208 751 314 795 rarit,
347 749 468 786 solam
503 754 738 789 correctione
771 765 911 793 carere.
961 755 1149 792 Existimo
1181 757 1279 792 iuter
1310 755 1433 791 honos
1467 755 1561 790 bene
1584 753 1701 801 agier,
1735 764 1811 800 quo
1842 753 1998 790 liberior

205 808 259 844 fui
291 808 331 844 in
361 807 527 845 dicenda
560 821 645 847 mea
677 812 869 848 sententia
900 823 1014 861 super
1034 813 1189 860 negotio
1213 812 1444 850 Calendarii.
1488 811 1617 848 Aliam
1637 816 1677 847 tu
1698 811 1860 848 fortasse
1889 822 1996 848 com-

204 866 472 914 pensationem
505 865 613 905 dilati
645 869 776 917 scripti
807 870 862 906 tui
895 882 918 906 a
949 882 1009 907 me
1041 872 1293 919 exspectasti:
1324 869 1391 907 sed
1423 871 1593 918 cogites,
1640 879 1699 906 me
1732 868 1828 905 haec
1860 870 1914 906 ita
1946 868 1995 906 ad

208 927 245 960 te
278 922 416 970 dicere,
450 923 545 961 nihil
577 925 626 962 ad
658 925 776 972 alios,
821 934 858 964 et
889 929 920 964 si
953 930 1117 966 maxime
1159 928 1293 966 eadem
1326 927 1412 965 aliis
1445 926 1628 972 dicerem,
1672 932 1800 963 tamen
1832 928 1870 962 in
1903 931 1991 964 tuos

210 980 363 1019 labores
393 992 469 1018 non
503 989 605 1020 esset
636 983 777 1031 injuria
806 997 891 1022 mea
924 989 1128 1032 sententia,
1161 998 1246 1023 cum
1277 986 1393 1034 longe
1425 985 1511 1022 aliis
1544 986 1696 1021 insistat
1729 985 1916 1033 vestigiis.

343 1037 456 1086 Quod
489 1039 535 1077 de
567 1041 778 1079 offensione
810 1048 967 1081 senatus
994 1044 1208 1082 academici
1240 1045 1422 1092 quereris,
1457 1044 1592 1091 opinor
1624 1047 1660 1079 te
1692 1048 1819 1079 tamen
1842 1042 1993 1091 aliquos

205 1107 253 1135 ex
283 1095 350 1134 illo
373 1097 593 1135 habiturum
616 1111 763 1148 aequos
794 1105 947 1138 tuorum
978 1100 1154 1139 laborum
1177 1112 1367 1140 censores.
1409 1100 1567 1138 Memini
1601 1111 1686 1138 cum
1709 1100 1757 1137 D.
1781 1100 1828 1141 D.
1850 1100 1995 1149 Super-

206 1153 449 1192 attendentes
489 1158 678 1204 superiori
715 1163 864 1197 aestate
905 1171 949 1197 ex
982 1171 1041 1196 me
1081 1164 1324 1208 quaererent,
1369 1159 1507 1207 ecquid
1545 1158 1591 1195 de
1634 1159 1708 1195 isto
1741 1164 1809 1195 tuo
1851 1160 1993 1207 scripto

205 1211 345 1249 fieret?
375 1213 606 1261 respondere
638 1227 708 1261 me,
743 1216 847 1263 quod
880 1217 1058 1265 equidem
1091 1223 1239 1254 tantum
1271 1217 1416 1254 laboris
1449 1217 1518 1254 tibi
1542 1228 1673 1254 sumas
1697 1217 1732 1252 in
1755 1227 1841 1253 mea
1862 1228 1993 1263 causa,

206 1274 247 1307 ut
278 1271 416 1318 partim
446 1271 583 1320 pudor,
614 1275 753 1321 partim
784 1280 909 1312 metus
941 1287 1000 1312 me
1032 1275 1258 1324 prohibeat,
1292 1277 1330 1311 in
1362 1279 1429 1312 tua
1460 1276 1613 1323 privata
1644 1273 1775 1311 studia
1806 1276 1994 1311 curiosius

204 1328 406 1375 inquirere.
471 1328 556 1376 Quo
589 1330 646 1367 illi
687 1331 820 1370 audito
865 1338 1066 1371 tacuerunt
1106 1338 1143 1371 et
1180 1333 1314 1382 procul
1355 1332 1473 1370 dubio
1513 1332 1639 1370 adhuc
1670 1343 1859 1369 memores
1890 1338 1994 1369 sunt.

203 1385 289 1423 Non
320 1387 435 1432 igitur
467 1391 668 1436 tantopere
700 1390 771 1427 tibi
804 1396 952 1428 metuas
983 1391 1032 1429 ab
1064 1391 1132 1428 illa
1162 1396 1321 1428 senatus
1343 1391 1639 1439 reprehensione
1660 1402 1822 1439 eamque
1845 1397 1996 1439 praeter

206 1442 515 1482 adhortationem
547 1446 644 1483 nihil
674 1447 711 1482 in
745 1459 785 1485 sc
818 1449 1012 1486 continere
1045 1449 1202 1497 cogites.
1254 1448 1355 1496 Quin
1389 1460 1460 1496 ego
1494 1454 1560 1485 tuo
1593 1448 1646 1484 illi
1679 1448 1858 1497 symbolo
1890 1448 1996 1486 aliud

205 1512 375 1550 oppono.
438 1501 630 1550 Quereris,
663 1509 700 1542 te
732 1508 905 1543 consumi
938 1506 1025 1544 aliis
1058 1507 1324 1554 inserviend03
1357 1511 1397 1543 at
1418 1506 1517 1543 alius
1548 1507 1695 1554 regium
1728 1508 1782 1543 ait
1812 1505 1900 1543 aliis
1934 1507 1994 1542 in-

199 1559 404 1596 serviendo
443 1560 544 1599 male
576 1561 719 1602 audire.
781 1563 901 1602 Crede
932 1565 1038 1611 mihi,
1083 1577 1129 1602 ex
1165 1565 1238 1602 hac
1278 1566 1544 1602 consumtione
1583 1564 1653 1601 tibi
1694 1569 1851 1602 aeterna
1891 1564 1996 1602 fama

200 1618 389 1664 nascitur,
432 1619 542 1666 cujus
584 1620 739 1668 quidem
778 1633 838 1659 me
878 1627 987 1660 tanto
1028 1622 1313 1671 diligentiorem
1354 1623 1642 1660 buccinatorem
1682 1633 1767 1660 esse
1800 1624 1993 1669 convenit,

200 1680 345 1723 quanto
386 1680 428 1714 tu
458 1676 546 1725 plus
584 1678 675 1715 mihi
720 1690 835 1728 quam
876 1679 962 1718 aliis
1004 1686 1120 1729 atque
1164 1680 1262 1718 adeo
1300 1682 1338 1716 in
1369 1680 1443 1718 hoc
1488 1692 1579 1718 casu
1620 1680 1691 1718 tibi
1730 1681 1803 1729 ipsi
1835 1680 1993 1719 benefe-

201 1733 286 1771 cisti
291 1761 432 1773 .....

336 1790 394 1829 En
425 1791 546 1830 habes
585 1793 789 1842 epistolam
830 1795 925 1833 bene
964 1795 1121 1845 longam
1163 1801 1201 1833 et
1243 1795 1457 1845 longiorem
1495 1796 1679 1843 fortasse,
1720 1807 1836 1844 quam
1875 1808 1993 1834 occu—

198 1848 373 1896 pationes
413 1862 522 1888 meae
562 1852 754 1900 nuptiales
798 1853 893 1891 ferre
933 1860 1105 1902 possunt.
1180 1853 1354 1903 Optarim
1396 1859 1547 1899 autem,
1590 1859 1632 1891 ut
1675 1858 1712 1891 et
1753 1865 1820 1902 per
1860 1854 1992 1892 literas

197 1906 303 1954 petii,
336 1906 488 1956 aliquos
521 1920 568 1946 ex
601 1915 727 1947 vestro
761 1910 948 1959 Collegio,
981 1917 1018 1949 te
1050 1914 1275 1961 praesertim
1307 1918 1422 1960 atque
1456 1912 1508 1952 Μ,
1531 1911 1724 1949 Millerum
1747 1911 1809 1949 hic
1841 1912 1992 1950 adesse.

196 1962 273 2001 Sed
306 1966 396 2011 quia
427 1965 473 2003 de
505 1972 541 2004 te
583 1967 657 2005 hoc
694 1979 849 2017 sperare
887 1981 964 2006 non
994 1981 1176 2020 possum,
1219 1969 1314 2007 illud
1351 1970 1478 2007 solum
1511 1975 1547 2007 te
1579 1981 1691 2018 rogo,
1736 1975 1777 2006 ut
1808 1970 1858 2007 ad
1890 1970 1990 2008 diem

196 2022 407 2069 nuptialem
450 2025 525 2061 tuis
556 2025 736 2073 precibus
774 2027 867 2063 mihi
907 2034 1060 2076 praesto
1093 2030 1158 2065 sis.
1219 2028 1360 2066 Rerum
1392 2040 1564 2065 mearum
1594 2032 1718 2065 status
1756 2039 1870 2076 porro
1903 2029 1992 2066 talis

201 2084 269 2124 est,
303 2085 345 2116 ut
376 2082 407 2118 si
439 2083 580 2120 moriar
611 2084 710 2121 intra
741 2095 895 2132 annum,
930 2086 995 2122 vix
1028 2098 1260 2134 quemquam
1283 2086 1405 2133 major
1436 2085 1642 2123 infelicitas
1665 2090 1855 2122 mortuum
1878 2089 1989 2135 sequi

200 2138 336 2185 possit.
397 2139 531 2185 Magni
564 2146 713 2178 sumtus
744 2141 791 2179 de
823 2154 908 2180 meo
941 2144 1106 2181 faciendi
1137 2150 1237 2190 sunt,
1270 2144 1396 2181 solent
1426 2155 1564 2192 nempe
1595 2143 1657 2180 hic
1679 2143 1988 2192 splendidissime

198 2197 376 2242 apparari
408 2199 578 2246 nuptiae.
623 2198 690 2236 Sin
712 2205 842 2237 autem
865 2201 972 2238 Deus
994 2202 1086 2238 mihi
1111 2203 1229 2238 vitam
1261 2206 1452 2250 proroget,
1487 2207 1631 2239 certum
1663 2207 1733 2248 est,
1767 2201 1928 2250 ligatum
1951 2208 1988 2240 et

196 2254 444 2292 constrictum
492 2267 552 2293 me
584 2267 669 2294 esse
701 2258 738 2294 in
771 2258 873 2296 hunc
905 2258 1055 2305 locum,
1095 2259 1277 2307 quiequid
1310 2258 1466 2296 tandem
1499 2259 1544 2296 de
1577 2264 1707 2296 nostra
1738 2259 1872 2297 schola
1902 2261 1983 2299 fiat.

194 2309 293 2347 Sunt
323 2313 424 2350 enim
455 2325 621 2362 sponsae
653 2326 762 2352 meae
794 2315 868 2353 hoc
897 2315 983 2354 loco
1016 2317 1193 2366 praedia,
1226 2321 1315 2354 sunt
1347 2318 1471 2363 amici,
1505 2322 1563 2354 est
1594 2322 1703 2365 pater
1725 2316 1909 2366 locupleS,
1943 2324 1987 2355 ut

192 2367 270 2406 fere
302 2369 443 2408 salario
475 2383 552 2408 non
585 2383 818 2421 magnopere
851 2373 1022 2422 indigere
1068 2374 1198 2412 videar
1229 2380 1319 2423 post
1349 2386 1468 2412 annos
1501 2375 1666 2422 aliquot,
1707 2377 1738 2412 si
1781 2376 1872 2413 mihi
1912 2376 1986 2414 hoc

193 2425 372 2464 decorum
414 2434 528 2466 esset.
590 2429 670 2467 Nec
710 2430 801 2467 mihi
844 2435 952 2480 patet
991 2434 1116 2470 exitus
1156 2444 1202 2469 ex
1242 2432 1316 2470 hac
1354 2434 1574 2481 provincia,
1616 2434 1689 2470 uisi
1732 2439 1800 2470 aut
1830 2434 1986 2482 publica

192 2483 393 2523 calamitas
425 2491 492 2523 aut
522 2488 675 2535 privata
707 2489 952 2527 interveniat.
1013 2490 1188 2537 Publica,
1222 2491 1254 2527 si
1286 2502 1424 2539 nempe
1456 2490 1677 2528 Lutherano
1710 2502 1786 2529 non
1817 2491 1984 2540 amplius

190 2546 276 2579 tuta
304 2544 354 2580 sit
383 2545 595 2593 provincia,
629 2550 697 2582 aut
728 2547 760 2583 si
792 2558 814 2584 a
845 2547 971 2585 Turca
1002 2550 1160 2596 propius
1191 2548 1403 2594 infestetur,
1436 2548 1679 2597 quiquidem
1706 2548 1788 2597 jam
1819 2551 1982 2587 nuncia-

190 2603 250 2636 tur
282 2612 368 2638 cum
400 2604 591 2640 sexcentis
623 2603 793 2641 millibus
824 2604 1022 2642 hominum
1054 2607 1092 2642 in
1133 2608 1330 2654 procinctu
1365 2618 1461 2644 esse.
1523 2606 1682 2644 Privata
1713 2612 1843 2644 autem
1876 2608 1982 2645 cala—

189 2659 325 2705 mitas,
364 2661 396 2697 si
427 2672 514 2698 mea
549 2672 645 2698 uxor
677 2664 872 2702 moriatur.
935 2663 998 2701 Sic
1030 2666 1145 2701 etiam
1177 2665 1351 2701 umbram
1384 2664 1554 2712 aliquam
1596 2669 1721 2702 status
1752 2666 1826 2703 mei
1860 2667 1980 2704 vides.

193 2714 226 2751 A
260 2716 345 2754 Deo
376 2718 489 2767 plura
519 2723 650 2768 petere
681 2731 756 2757 non
787 2720 926 2768 audeo,
959 2732 1074 2769 quam
1106 2722 1179 2760 hoc
1210 2727 1380 2771 ternpore
1413 2722 1507 2759 mihi
1538 2724 1733 2760 eveniunt.
1769 2745 1824 2750 --

323 2783 436 2818 Fama
454 2784 597 2828 quidem
617 2786 659 2820 de
679 2785 877 2822 Turcarum
901 2787 1084 2822 invasione
1109 2787 1200 2823 falsa
1226 2793 1313 2831 erat,
1342 2788 1405 2823 sed.
1422 2799 1529 2833 quam
1548 2789 1665 2823 auimo
1683 2787 1862 2832 Keplerus
1880 2800 1981 2833 prae-

188 2839 315 2882 sagivit
340 2840 551 2884 ejectionem
576 2843 866 2879 Lutheranorum
893 2855 911 2879 e
938 2845 1068 2890 Styria,
1096 2856 1138 2880 ea
1162 2846 1324 2890 proximo
1351 2856 1444 2880 anno
1471 2846 1598 2880 evenit.

326 2903 452 2938 Mense
479 2905 682 2949 Septembri
707 2908 855 2943 nunciat
879 2908 1058 2953 Keplerus
1084 2909 1294 2943 Maestlino:
1322 2907 1406 2955 Ego
1432 2912 1470 2944 et
1500 2919 1587 2945 mea
1609 2907 1749 2955 conjux
1771 2908 1885 2945 sicuti
1908 2919 1980 2956 op-

189 2960 316 2993 tamus
349 2959 620 3008 conjugialiter
651 2962 847 3011 valemus3
882 2964 984 3012 quod
1016 2965 1177 3002 verbum
1210 2964 1301 3013 quid
1332 2965 1533 3013 significet,
1566 2964 1634 3003 Sol
1664 2964 1882 3013 patefaciet,
1914 2966 1980 3003 ubi

189 3012 238 3050 ad
271 3015 499 3061 quadratum
531 3018 580 3055 ab
612 3020 721 3057 initio
752 3021 879 3058 locum
910 3023 1140 3071 pervenerit,
1173 3024 1206 3059 si
1238 3022 1322 3059 Deo
1353 3023 1541 3071 placuerit
1545 3050 1716 3061 ......
1777 3022 1908 3071 Nuper
1938 3025 1978 3060 iu

187 3069 343 3108 Italiam
374 3075 461 3110 misi
493 3073 569 3113 duo
601 3077 838 3127 exemplaria
867 3081 943 3118 mei
975 3079 1150 3129 opusculi
1183 3076 1286 3133 (sive
1318 3081 1374 3116 tui
1405 3077 1573 3133 potius),
1617 3091 1716 3128 quae
1757 3082 1977 3129 gratissimo

188 3132 227 3168 et
257 3127 524 3171 lubentissimo
557 3134 685 3173 animo
717 3137 868 3186 accepit
899 3137 1109 3177 Paduanus
1130 3137 1439 3188 mathematicus,
1472 3140 1626 3177 nomine
1659 3137 1861 3177 Galilaeus
1894 3138 1972 3179 Ga-
