2177 3408
916 148 1016 186 1594.
1740 143 1821 191 681

170 262 292 300 Tertia
318 273 438 300 earum
465 275 554 310 quas
582 264 735 301 diximus
761 265 915 311 epistola
939 267 1030 303 haec
1054 265 1178 302 habet:

237 325 531 375 lVolgebornen
565 327 760 376 Gnediger
791 327 901 365 Herr.

171 383 370 422 Demnach
405 385 464 422 ich
498 386 554 422 vff
581 386 648 422 das
680 385 750 423 Jar
785 390 893 424 1595
927 388 988 425 ein
1021 386 1315 436 Prognosticum
1346 385 1512 434 gestellt,
1545 385 1623 424 alss
1654 384 1730 423 hab
1763 384 1824 424 ich

34 442 74 480 E.
99 440 146 480 G.
180 442 382 481 desselben
415 445 476 481 ein
509 443 716 492 Exemplar
739 444 994 495 vnderthonig
1015 445 1274 494 praesentiret]
1299 444 1457 493 willlen3
1492 443 1645 482 erstlich
1675 443 1822 490 darum,

34 500 183 538 dieweil
216 501 259 540 F..
284 499 331 539 G.
365 502 423 538 fiir
455 501 594 540 andere
625 502 681 539 als
714 503 774 539 ein
806 503 989 542 sonderer
1020 504 1146 541 fautor
1177 501 1253 539 vnd
1276 501 1483 540 Maecenas
1508 503 1621 541 deren
1647 502 1822 540 Kiiusten

30 558 253 597 berhiiemet
285 560 447 607 werden,
485 559 559 597 vnd
593 559 693 597 daun
725 560 803 597 siirs
835 561 963 610 ander,
998 561 1186 600 demnach
1219 560 1299 598 dise
1332 560 1416 598 edle
1439 561 1567 598 Kiiust
1598 560 1822 599 fiirnemlich

32 617 113 654 auff
148 616 405 666 langwiiriger
448 618 663 667 Ersahrung
705 618 780 656 vnd
820 619 981 670 allerley
1022 619 1234 669 Exempeln
1278 630 1354 656 von
1402 620 1666 657 surtresssieher
1708 619 1824 657 Leiitt

31 674 273 713 Nativitaten
307 676 539 724 gegriindet:
573 676 648 714 hab
680 676 740 713 ich
772 679 841 714 mit
861 677 1125 727 Vbergebung
1157 677 1233 714 diss
1257 678 1402 715 meines
1426 676 1644 714 Calendarii
1675 677 1824 726 gleich-

31 745 114 770 sam
146 733 355 783 anklopsen
388 734 462 771 vnd
495 734 540 771 E.
566 734 611 771 G.
647 734 901 784 vudertlienig
933 736 1142 774 ersuechen
1167 735 1316 782 u‘iiilen,
1352 734 1401 773 da
1432 734 1579 783 selbige
1612 740 1709 773 etwa
1742 736 1823 772 fiir-

28 791 186 830 nehmer
208 792 336 839 Leiitt,
371 792 564 830 eutweder
595 805 686 830 auss
718 792 809 830 dero
842 794 1033 833 adlichem
1055 794 1251 832 Stammen
1286 792 1377 831 oder
1399 793 1498 831 auch
1520 799 1675 832 sonsten
1708 794 1825 832 frem-

31 849 107 896 der,
139 849 356 889 ffirstlicher
386 850 594 897 Personen,
627 851 748 888 sowol
782 851 847 889 der
878 852 1143 900 abgeleibten,
1177 853 1234 889 als
1266 851 1366 889 noch
1398 852 1471 902 bey
1507 864 1574 889 vus
1607 853 1657 889 im
1688 852 1821 890 Leben

28 907 392 955 herumwallenden,
418 908 753 947 Geburtsstunden
778 910 1020 948 verzeichnet
1040 910 1184 957 hetten,
1219 909 1278 947 die
1300 910 1442 948 wolten
1464 912 1534 946 mir
1554 922 1620 947 zur
1641 910 1823 949 besiirde-

27 978 124 1014 rung
157 966 257 1005 diser
288 966 556 1005 himmlischen
588 967 718 1005 Kunst
751 968 827 1005 vnd
859 970 1003 1006 meiner
1024 968 1185 1007 Studien
1209 968 1408 1007 derselben
1439 970 1571 1017 copias
1604 968 1821 1017 guediglich

31 1027 303 1074 vergiinstigen
336 1025 412 1062 vnd
446 1032 545 1063 etwa
577 1026 675 1064 nach
709 1025 797 1064 dero
822 1025 1077 1076 Gelegenheit
1108 1027 1346 1065 zuzustellen
1378 1026 1670 1065 vnbeschweret
1692 1038 1821 1077 seyen.

29 1083 99 1119 Ein
133 1083 313 1121 solliches
346 1095 420 1121 von
444 1084 484 1122 E.
511 1083 557 1121 G.
591 1085 627 1120 in
661 1083 866 1133 anderweg
897 1087 967 1122 mit
997 1087 1148 1124 meinen
1180 1086 1447 1135 ringfiiegigen
1481 1085 1641 1123 deusten
1673 1097 1720 1123 zu
1752 1086 1822 1124 be·

26 1140 225 1189 schulden,
259 1142 322 1180 bin
356 1142 417 1180 ich
445 1141 554 1191 jeder
586 1142 688 1179 Zeitt
718 1144 755 1178 in
791 1143 1060 1194 vndertaniger
1092 1144 1359 1183 Bereitschast.
1423 1143 1566 1182 Hiemit
1599 1143 1687 1182 dero
1721 1148 1791 1182 etc.

164 1208 465 1253 Praeceptoribus
492 1213 526 1242 et
552 1208 675 1243 amicis
703 1209 993 1252 Tubingensibus
1024 1210 1120 1245 misit
1144 1210 1324 1254 Keplerus
1352 1209 1600 1244 Calendarium
1632 1220 1735 1244 suum
1761 1209 1820 1245 ad-

20 1266 156 1310 junctis
183 1267 344 1311 epistolis
362 1267 406 1301 ad
425 1267 669 1310 Maestlinum,
695 1267 983 1303 Hafenrefferum
1002 1274 1037 1303 et
1057 1268 1304 1313 Gerlachium,
1332 1267 1556 1312 professores
1583 1268 1618 1302 in
1636 1267 1820 1303 academia

23 1324 254 1369 Tubingensi,
281 1335 432 1368 quarum
458 1325 547 1359 haec
573 1331 711 1360 tantum
738 1326 784 1361 ad
811 1326 1040 1362 Gerlaehium
1067 1318 1150 1362 data
1178 1331 1351 1371 superest.

160 1386 244 1424 Etsi
274 1387 367 1433 scio,
399 1386 609 1424 reverende
642 1392 678 1424 et
711 1387 922 1425 clarissime
944 1388 993 1426 D.
1017 1389 1174 1435 Doctor‚
1209 1388 1441 1437 Praeceptor
1472 1387 1707 1434 honorande,
1740 1386 1819 1425 Re-

23 1445 234 1482 verentiam
266 1444 391 1481 Tuam
423 1443 536 1492 longe
569 1446 814 1493 gravioribus
847 1445 985 1483 studiis
1019 1448 1218 1496 occupari,
1261 1459 1376 1495 quam
1412 1452 1450 1484 ut
1482 1446 1536 1483 illi
1568 1446 1670 1484 adsit
1701 1446 1820 1483 otium

22 1502 284 1552 inspiciendae
323 1502 590 1551 Ephemeridis
634 1513 671 1541 ct
715 1504 975 1552 cognoscendi
1024 1505 1184 1542 frivolas
1227 1505 1508 1553 astrologorum
1565 1505 1819 1553 conjecturas,

24 1567 151 1599 tamen
192 1572 278 1599 cum
318 1572 445 1609 neque
490 1560 595 1598 aliud
628 1568 851 1611 suppeteret
889 1569 1158 1611 argumentum
1194 1563 1472 1608 significandae
1505 1563 1751 1612 gratitudinis
1784 1568 1820 1601 et

22 1622 106 1669 ipsa
138 1619 409 1658 beneficiorum
446 1619 542 1656 Rev.
578 1619 686 1658 Tuae
724 1622 909 1658 memoria
940 1633 999 1659 me
1032 1621 1274 1667 admoneret,
1309 1627 1350 1659 ut
1381 1621 1591 1670 aliquando
1624 1623 1819 1670 specimen

21 1677 179 1727 aliquod
211 1677 362 1716 ederem
394 1689 525 1715 eorum
557 1678 769 1716 studiorum
812 1679 974 1728 ejusque
1008 1681 1192 1726 muneris,
1228 1679 1276 1717 ad
1309 1692 1409 1729 quae
1432 1692 1499 1729 per
1520 1680 1586 1718 illa
1612 1680 1694 1728 jam
1717 1679 1820 1717 dieta

21 1736 118 1774 Rev.
143 1736 252 1773 Tuae
283 1735 469 1773 beneficia
500 1743 699 1784 promotus
731 1749 828 1783 sum,
863 1749 939 1775 non
962 1737 1054 1775 duxi
1087 1737 1198 1776 aliter
1220 1738 1411 1787 agendum
1436 1750 1532 1785 esse,
1567 1750 1682 1786 quam
1704 1738 1747 1775 R.
1772 1737 1817 1776 T.

22 1794 95 1833 hoe
128 1794 323 1842 exemplar
355 1795 429 1831 mei
460 1794 724 1843 Prognostici,
768 1796 873 1844 quod
906 1808 952 1833 ex
986 1796 1103 1834 officii
1135 1798 1283 1834 ratione
1317 1797 1363 1835 de
1395 1798 1523 1834 futuro
1556 1808 1655 1834 aimo
1687 1795 1819 1845 publi-

21 1852 187 1890 candum
218 1853 299 1899 suit,
333 1853 461 1899 exigui
494 1853 712 1891 munusculi
755 1853 842 1892 loco
885 1856 1194 1893 transmitterem.
1260 1855 1447 1904 Equidem
1484 1866 1653 1904 agnosco
1684 1858 1818 1904 pater-

21 1923 110 1948 nam
141 1911 184 1949 R.
220 1911 265 1949 T.
301 1910 559 1959 voluntatem,
603 1923 718 1960 quani
752 1913 788 1948 in
824 1912 1107 1950 commodanda
1138 1914 1230 1951 milii
1270 1915 1435 1962 pecunia
1472 1913 1702 1960 declaravit,
1748 1924 1818 1950 nec

23 1970 165 2007 oblitus
197 1974 274 2006 tam
307 1970 381 2006 cito
422 1981 528 2014 sum,
572 1974 741 2018 quantae
781 1971 1046 2008 commoditati
1088 1978 1312 2020 quantoque
1354 1972 1576 2020 adjumento
1615 1971 1707 2008 mihi
1749 1971 1819 2008 fuit

21 2027 87 2065 illa
119 2027 167 2064 D.
202 2027 250 2067 D.
282 2026 584 2076 Praeceptor-um
615 2029 865 2076 promtitudo,
899 2031 935 2066 in
970 2030 1124 2077 quibus,
1157 2043 1180 2067 a
1203 2031 1295 2067 meis
1319 2029 1504 2076 desertus,
1539 2041 1688 2068 omnem
1710 2041 1817 2078 spem

20 2086 206 2134 reliquam
238 2097 456 2134 posueram.
509 2086 768 2124 Vehementer
800 2088 916 2124 etiam
940 2087 1071 2135 doleo,
1104 2099 1180 2126 non
1213 2089 1366 2126 licuisse
1400 2088 1491 2125 mihi
1524 2089 1651 2126 statim
1687 2088 1817 2136 aliqua

22 2156 66 2181 ex
98 2149 207 2193 parte
245 2143 476 2192 respondere
518 2144 573 2180 illi
607 2145 818 2191 voluntati,
860 2145 949 2182 dum
989 2158 1116 2194 neque
1158 2147 1290 2184 literas
1333 2146 1609 2184 eucharisticas
1649 2146 1815 2184 scribere

20 2204 128 2251 potui
162 2207 316 2251 propter
347 2214 472 2239 meam
504 2203 794 2251 aegritudinem,
827 2215 953 2252 neque
976 2204 1174 2253 imperiale
1197 2207 1387 2243 numisma
1418 2206 1579 2251 mittere,
1612 2209 1817 2254 propterea

21 2259 125 2310 quod
157 2260 219 2297 hic
251 2260 477 2298 Austriacos
519 2260 687 2299 thaleros
726 2273 868 2310 magna
900 2274 985 2300 cum
1018 2264 1287 2301 aestimatione
1327 2275 1562 2311 acceperam.
1628 2262 1814 2310 Quamvis

22 2318 274 2356 consobrinus
297 2329 416 2365 meus,
451 2321 515 2368 qui
539 2331 598 2356 me
622 2321 826 2357 comitatus
849 2326 918 2368 est,
953 2325 989 2358 et
1009 2322 1156 2369 gratias
1187 2333 1270 2359 meo
1294 2324 1448 2359 nomine
1481 2333 1593 2370 agere
1626 2322 1816 2370 potuisset

20 2382 57 2414 et
88 2376 257 2414 thaleros
287 2377 443 2414 minimo
479 2378 609 2415 valore
642 2379 866 2416 aestimatos
888 2378 1058 2425 reddere,
1092 2381 1136 2426 si,
1170 2379 1274 2428 quod
1297 2391 1368 2428 ego
1392 2379 1638 2418 veliementer
1660 2379 1709 2417 ab
1732 2381 1815 2428 ipso

20 2434 213 2481 contendi,
247 2434 428 2484 quodque
460 2436 553 2473 mihi
584 2436 769 2485 stipulata
791 2449 906 2475 manu
929 2438 1116 2486 promisit,
1148 2438 1329 2487 perficere
1350 2439 1422 2487 ipsi
1446 2438 1635 2477 libuisset.
1688 2437 1814 2485 Quare

20 2493 63 2532 R.
84 2493 128 2530 T.
162 2504 222 2530 me
255 2499 479 2530 excusatum
500 2494 659 2531 habebit
692 2500 729 2533 et
760 2495 833 2532 hoc
864 2500 980 2533 tenue
1013 2496 1281 2533 munusculum
1305 2497 1342 2532 in
1365 2497 1585 2545 praesentia
1609 2496 1697 2533 boni
1722 2506 1815 2532 con-

19 2550 131 2588 sulet.
193 2548 350 2588 Utinam
391 2558 520 2589 autem
559 2564 626 2601 per
657 2552 825 2602 aliquem
864 2565 1038 2591 meorum
1078 2554 1326 2592 familiarium
1359 2556 1495 2591 certior
1526 2554 1606 2590 fieri
1646 2564 1811 2602 possem,

19 2608 203 2657 quidnam
233 2609 270 2645 in
301 2608 367 2646 illo
390 2609 642 2657 Prognostico
663 2610 709 2648 R.
733 2611 777 2648 Τ.
802 2612 992 2660 improbet
1024 2612 1195 2661 quidque
1226 2612 1321 2649 mihi
1352 2615 1386 2648 in
1422 2612 1672 2660 sequentibus
1704 2611 1814 2647 annis

18 2668 119 2718 (Deo
151 2678 210 2704 me
235 2667 503 2716 conservante)
538 2668 752 2706 cavendum
784 2670 952 2719 amplius
985 2671 1046 2709 sit.
1098 2669 1174 2708 Sed
1202 2670 1247 2708 R.
1271 2670 1315 2709 Τ.
1340 2670 1497 2707 arbitrio
1530 2670 1720 2718 permitto,
1754 2668 1813 2706 cui

22 2837 159 2872 dieweil
184 2837 265 2871 inen
287 2837 324 2881 je
350 2837 419 2871 vnd
449 2837 486 2880 jo.
513 2841 622 2872 etwas
656 2838 800 2882 gereht,
838 2839 906 2872 vnd
933 2839 1147 2883 gmeinglieh
1174 2839 1230 2873 ihr
1256 2839 1396 2874 Braueh
1422 2840 1484 2880 ist,
1518 2839 1643 2873 besses
1669 2850 1713 2872 zu
1738 2849 1813 2874 ver-

19 2884 213 2927 kiindigen,
240 2884 405 2925 welches,
431 2883 589 2917 wiewohl
614 2884 738 2919 besser
762 2887 962 2930 vergehene
987 2887 1130 2929 Wacht,
1159 2886 1255 2920 daun
1281 2885 1523 2928 gefahrlicher
1550 2884 1695 2928 Schlaffi
1722 2885 1813 2919 doch

19 2931 111 2964 ohne
139 2930 303 2966 Schaden
330 2931 425 2964 khan
453 2930 646 2975 fiirgehen3
672 2930 742 2965 vnd
768 2933 855 2966 aber
879 2932 936 2965 ich
963 2932 1054 2966 auch
1081 2933 1115 2965 in
1142 2932 1292 2965 meinem
1318 2932 1551 2976 Prognostico
1579 2941 1646 2965 von
1673 2932 1813 2975 gefahr-

18 2976 132 3011 licher
157 2978 236 3011 Zeit
261 2977 544 3022 prognosticire:
581 2977 656 3011 also
683 2977 752 3011 hab
778 2978 834 3012 ich
861 2978 954 3012 auch
981 2978 1133 3021 selbiges
1160 2979 1216 3012 ein
1242 2979 1439 3022 Exemplar
1464 2990 1508 3014 zu
1534 2978 1814 3021 astrologiseher

19 3023 250 3067 Erinnerung
281 3025 325 3059 E.
353 3024 394 3059 G.
429 3023 552 3057 hiemit
586 3024 788 3067 presentirn
824 3025 966 3068 wellen,
1003 3024 1066 3058 der
1096 3024 1384 3068 vnderthunigen
1414 3025 1506 3068 Bitt,
1544 3025 1588 3061 Ε.
1618 3025 1658 3058 G.
1685 3025 1812 3060 wellen

20 3070 158 3105 solehes
186 3071 330 3115 geringe
357 3069 448 3105 doch
475 3070 720 3113 wolgemeinte
747 3071 907 3105 Werekh
933 3082 1000 3105 von
1027 3071 1093 3104 mir
1118 3082 1200 3105 rum
1225 3070 1351 3106 besten
1375 3072 1445 3107 vnd
1469 3071 1568 3106 nicht
1592 3071 1732 3116 anders,
1759 3072 1812 3107 als
1841 3111 1845 3115 ⁴

21 3127 89 3151 von
117 3116 232 3152 einem
257 3117 463 3162 Astrologo,
491 3116 554 3152 der
572 3117 727 3152 nemlieh
747 3117 865 3153 selber
883 3117 983 3153 nicht
1000 3129 1045 3153 zu
1063 3117 1130 3152 viel
1151 3118 1263 3153 davon
1285 3118 1369 3162 helt‚
1397 3129 1457 3154 an·
1476 3119 1545 3153 vnd
1563 3118 1812 3155 auffnemmen.
