2157 3398
256 119 341 163 584
663 96 899 152 Summarium
923 113 1102 149 Historiae
1127 111 1375 148 Astronomiae
1400 110 1521 148 seculo
1545 112 1638 148 XVI.

388 236 524 271 Eodem
559 234 634 268 fere
660 237 837 276 tempore,
872 242 941 275 quo
977 230 1163 274 Copernici
1195 240 1295 273 opuS,
1334 230 1466 274 prodiit
1502 229 1742 264 Franzisci
1779 226 2040 273 Maurolyci,

251 295 403 331 Abbatis
428 291 672 328 Messanensis
706 291 791 333 (nat.
825 301 917 324 anno
946 290 1052 332 1495,
1089 292 1190 322 mort.
1220 290 1319 333 1575)
1357 287 1675 331 „Cosmographia,
1711 287 1747 320 in
1783 290 1855 321 tres
1882 286 2042 331 dialogos

254 353 431 395 distincta,
455 352 490 385 in
516 351 643 395 quibus
670 349 713 382 de
739 348 861 388 forma,
888 348 959 381 situ
985 356 1205 389 numeroque
1231 351 1302 380 tam
1329 347 1511 382 coelorum
1538 356 1642 389 quam
1661 345 1919 379 elementorum
1945 345 2041 380 aliis-

253 422 322 455 que
347 411 453 445 rebus
479 409 524 443 ad
550 407 786 442 astronomica
811 405 1011 440 rudimenta
1037 404 1280 447 spectantibus
1307 406 1393 439 satis
1414 404 1636 440 disseritur“.
1664 423 1705 427 —-
1733 403 1807 438 Sub
1824 403 1931 438 finem
1955 403 2042 448 legi-

253 479 351 502 mus:
381 466 602 510 Completum
627 475 718 508 opus
742 465 933 499 Messanae
960 462 1015 496 die
1040 461 1140 496 Jovis
1167 462 1221 497 21.
1247 463 1326 498 Oct.
1355 462 1454 506 1535,
1488 472 1558 506 quo
1585 462 1641 495 die
1668 461 1816 495 Carolus
1842 461 1974 496 Caesar
1998 461 2041 496 V.

253 525 296 559 ab
332 525 497 559 Africana
529 522 755 566 expeditione
787 532 950 555 reversus
983 521 1187 554 Messanam
1222 520 1329 555 venit.
1365 541 1406 545 —
1440 519 1702 564 Geographiam
1741 518 2041 562 deprehendimus

252 582 547 622 mathematicam,
573 580 779 614 Ptolemaeo
798 579 970 622 innixam3
998 577 1139 613 usitatis
1156 578 1356 613 rationibus
1374 577 1584 612 confirmare
1603 577 1724 611 studet
1741 580 1878 619 auctor,
1906 575 2043 611 coelum

253 651 333 676 esse
358 640 581 684 sphaericum
607 639 756 682 ejusque
781 643 915 671 motum
949 636 1175 680 circularem,
1213 636 1359 670 Terram
1396 646 1474 670 esse
1500 635 1690 669 rotundam
1726 638 1834 677 atque
1859 634 1895 668 in
1921 639 2043 669 centro

253 700 356 735 sitam
381 702 416 732 et
440 698 663 732 firmamento
690 695 857 731 collatam
883 695 985 738 quasi
1009 698 1196 738 punctum,
1234 704 1320 735 „nec
1351 703 1498 727 necesse
1530 693 1658 727 fuisset
1683 691 1913 736 astronomis,
1946 692 2044 727 aliud

255 757 347 792 circa
372 757 520 790 Terram
546 754 696 790 fundare
722 754 945 798 principium,
972 753 1039 787 nisi
1066 751 1272 795 opinionum
1300 750 1487 785 diversitas
1514 754 1549 784 et
1575 750 1730 784 humana
1749 749 1928 784 mobilitas
1954 750 2042 785 adeo

254 815 434 856 crevisset,
460 818 500 848 ut
525 813 726 847 dubitatum
753 811 808 854 sit,
835 821 879 845 ne
905 810 1066 845 crederet
1090 809 1181 843 forte
1208 808 1385 852 quispiam
1412 808 1618 851 diceretque
1638 808 1785 842 Terram
1811 808 1909 842 coelo
1928 808 2042 852 quies-

252 876 354 906 cente
371 880 480 915 super
496 881 600 904 axem
618 869 786 904 versari“.
819 868 921 902 Hanc
939 867 1142 911 opinionem
1161 865 1290 900 acriter
1306 866 1504 909 impugnat,
1524 865 1663 900 omissis
1682 865 1884 900 nominibus
1909 876 2043 904 eorum.

251 930 312 974 qui
337 929 407 963 ista
431 927 699 963 contenderant.
750 926 847 969 Quae
875 935 982 968 supra
1008 925 1060 968 (p.
1089 925 1172 968 565)
1199 924 1307 958 citata
1333 917 1417 957 sunt
1448 923 1556 958 verba
1587 924 1755 967 leguntur
1785 924 1821 958 in
1853 924 1944 960 libro
1980 925 2044 966 „de

251 986 437 1031 sphaera“,
464 986 523 1029 qui
540 985 632 1019 inest
653 983 864 1027 „Opusculis
881 982 1162 1017 1111111101111111013ιι
1184 983 1286 1024 (Ven.
1306 983 1427 1026 1575),
1450 1002 1488 1007 ω-
1510 982 1695 1025 Quomodo
1715 982 1847 1017 Terrae
1873 983 2042 1018 ambitum

253 1044 405 1079 dimetiri
429 1048 566 1077 veteres
593 1042 711 1077 conati
737 1041 824 1085 sint,
850 1044 1029 1083 recenset,
1057 1051 1229 1084 suamque
1254 1041 1445 1084 rationem,
1473 1052 1578 1084 quam
1603 1041 1680 1084 ipse
1707 1040 1792 1075 dicit
1819 1051 1894 1082 „me
1921 1041 2043 1076 hercle

252 1101 591 1146 ingeniosissimani“
621 1100 785 1144 explicat.
832 1098 1050 1143 „Eligendus
1077 1102 1130 1133 est
1146 1098 1305 1142 inprimis
1325 1110 1425 1133 mons
1445 1111 1551 1142 quam
1569 1099 1797 1143 editissimuS,
1825 1099 1919 1134 unde
1937 1101 2043 1135 maris

252 1162 465 1204 prospectus
489 1158 561 1193 late
586 1161 717 1202 pateat.
768 1157 943 1191 Existimo
969 1157 1122 1190 Aetnam
1147 1156 1229 1191 huic
1255 1157 1398 1200 negotio
1424 1157 1658 1202 aptissimum,
1685 1168 1766 1192 nam
1785 1168 1828 1192 ex
1846 1158 1924 1201 ejus
1942 1157 2043 1202 apice

253 1228 319 1262 per
343 1216 447 1260 plura
472 1225 577 1258 quam
601 1217 669 1251 200
693 1226 862 1259 passuum
888 1215 999 1249 millia
1024 1216 1059 1248 in
1084 1215 1212 1258 pelago
1239 1216 1334 1249 visus
1359 1215 1584 1258 protenditur
1614 1219 1783 1260 totusque
1807 1216 1948 1251 insulae
1972 1227 2043 1250 am-

253 1275 350 1309 bitus
369 1272 658 1316 circumspicitur.
699 1273 767 1308 Per
788 1273 999 1317 quadratum
1019 1273 1234 1307 altimetrum
1254 1274 1473 1317 exquirenda
1491 1279 1546 1308 est
1563 1276 1700 1310 Aetnae
1726 1274 1888 1318 altitudo,
1915 1274 2044 1309 deinde

253 1344 298 1367 ex
321 1332 399 1376 ipso
424 1330 554 1365 montis
580 1330 680 1373 apice
703 1332 900 1374 metiemur,
927 1337 1241 1376 quantumcunque
1266 1332 1525 1375 prospiciemus
1551 1331 1668 1375 pelagi
1700 1331 1854 1375 spatium
1881 1331 1926 1366 ad
1951 1331 2043 1376 peri-

253 1390 410 1435 pheriam
434 1398 547 1432 usque
573 1388 766 1423 horizontis
792 1391 939 1424 extremi
965 1389 1142 1433 marisque
1168 1395 1381 1424 contactum.
1425 1390 1529 1432 Quod
1557 1388 1786 1425 intervallum
1815 1389 1881 1423 etsi
1907 1394 2043 1424 rectum

253 1458 325 1482 non
350 1447 406 1490 sit,
432 1456 453 1480 a
470 1449 567 1480 recto
591 1450 709 1479 tamen
735 1447 892 1480 sensibili
911 1448 1116 1482 diversitate
1135 1458 1207 1481 non
1226 1448 1405 1490 discrepat
1431 1447 1474 1481 ob
1501 1447 1667 1490 exiguam
1686 1447 2040 1482 circumferentiam.“

254 1506 312 1540 Ex
338 1504 479 1548 cognita
512 1503 641 1538 montis
676 1503 863 1538 altitudine
890 1511 924 1538 et
949 1505 1135 1540 intervallo
1167 1505 1360 1539 horizontis
1386 1509 1573 1540 contactus
1606 1516 1687 1540 cum
1721 1506 1828 1539 maris
1855 1506 2044 1549 superficie

255 1563 300 1598 ab
317 1562 395 1606 ipso
413 1565 533 1595 monte
550 1571 614 1604 per
632 1559 734 1595 Eucl.
751 1560 775 1603 Ι,
790 1562 830 1594 47
850 1562 1016 1606 trianguli
1047 1563 1326 1607 deprehenditur
1354 1564 1589 1607 hypotenusa,
1609 1563 1763 1607 indeque
1780 1574 1845 1608 per
1858 1563 1961 1598 Eucl.
1978 1564 2042 1608 ΙΙΙ,

255 1621 299 1655 37
326 1624 361 1653 et
386 1618 628 1653 subtractione
659 1617 789 1650 montis
822 1616 1008 1654 altitudine
1034 1622 1166 1655 Terrae
1200 1621 1373 1656 diameter
1405 1621 1553 1656 elicitur.
1588 1620 1675 1664 (cfr.
1702 1621 1770 1655 vol.
1797 1621 1857 1656 VI.
1883 1633 1918 1665 p.
1946 1622 2042 1665 133.)

254 1678 348 1713 Hinc
372 1676 416 1712 ad
441 1675 679 1711 astronomica
704 1674 787 1716 abit,
812 1674 1054 1712 Ptolemaeum
1080 1679 1185 1722 plane
1210 1684 1374 1722 seeutUS,
1409 1682 1443 1712 et
1467 1679 1522 1712 his
1548 1678 1664 1712 verbis
1688 1678 1818 1722 raptim
1843 1678 2044 1722 interrupta

255 1734 500 1779 disputatione
524 1733 603 1767 libri
629 1734 734 1767 finem
760 1732 867 1767 facit:
898 1732 981 1773 „Sssd
1007 1736 1135 1780 nescio,
1163 1747 1267 1779 quem
1292 1736 1482 1771 tumultum
1508 1746 1548 1770 ac
1573 1736 1759 1771 turbarum
1781 1736 1884 1780 quasi
1902 1736 2043 1781 clango-

251 1803 326 1827 rem
351 1792 474 1827 audire
499 1792 630 1826 videor.
674 1790 843 1834 Suspicor
859 1791 1110 1825 Mamertinum
1134 1800 1297 1828 senatum
1323 1794 1454 1828 exiisse
1472 1794 1508 1828 in
1525 1805 1711 1828 occursum
1731 1794 1849 1829 Caroli
1868 1794 2043 1837 Caesaris,

252 1859 357 1894 quem
382 1860 403 1883 a
427 1849 597 1883 coenobio
623 1850 664 1883 D.
690 1848 845 1892 Placidi,
881 1860 951 1892 quo
977 1848 1054 1883 heri
1080 1852 1282 1895 appulerat,
1324 1852 1521 1895 digressum
1542 1851 1617 1895 jam
1650 1852 1730 1886 urbi
1755 1854 2043 1897 appropinquare

252 1907 345 1942 fama
369 1911 435 1942 est,
483 1908 608 1951 Itaque
632 1912 752 1941 monet
776 1907 875 1950 hora,
903 1912 941 1941 ut-
966 1912 1092 1950 coepto
1120 1910 1271 1941 sermoni
1296 1910 1402 1943 finem
1420 1911 1642 1953 imponentes
1669 1910 1917 1954 aggrediamur
1934 1911 2043 1945 visuri

253 1965 418 2000 festivum
443 1976 484 1999 ac
509 1964 760 2008 triumphalem
786 1965 883 1999 urbis
908 1969 1047 1998 tantum
1073 1965 1269 2008 principem
1296 1967 1505 2010 excipientis
1532 1971 1777 2010 apparatum‘a
1795 1988 1838 1992 ——
1858 1970 1956 2013 Opus
1974 1970 2043 2004 hoc

252 2021 371 2066 magni
386 2020 513 2056 fecisse
531 2021 709 2065 aequales,
735 2026 912 2056 testantur
931 2022 1129 2066 complures
1149 2022 1225 2065 ejus
1252 2023 1423 2058 editiones
1450 2023 1552 2058 annis
1580 2024 1678 2067 1540,
1702 2027 1798 2069 1543,
1822 2027 1920 2070 1558,
1942 2029 2041 2071 1575,

255 2080 345 2116 ’1626
370 2082 405 2114 et
432 2079 530 2115 1681,
550 2099 592 2103 —
610 2079 708 2113 Ideni
736 2079 965 2124 Maurolyeus
993 2080 1147 2114 confecit
1178 2092 1268 2123 opus
1298 2081 1340 2114 de
1370 2081 1613 2116 instrumentis
1641 2086 1886 2121 astronomicis
1909 2087 2042 2131 (Opus-

255 2137 336 2173 cula
360 2136 625 2180 mathematica)
652 2137 687 2171 in
713 2147 783 2180 quo
816 2137 1047 2172 astrolabium
1078 2138 1246 2172 describit
1270 2138 1467 2173 Jordanum
1493 2139 1739 2175 Nemorarium
1771 2148 1914 2178 secutus
1941 2146 1981 2187 (c.
2011 2157 2042 2180 a.

255 2196 369 2239 1200),
398 2196 671 2231 instrumentum
702 2196 879 2230 armillare
905 2207 968 2229 seu
1001 2197 1232 2230 astrolabium
1264 2197 1463 2241 Hipparchi
1498 2198 1760 2242 sphaeramque
1794 2202 1952 2238 solidam.
2003 2204 2042 2238 In

258 2255 553 2299 „Sphaerieorum
579 2255 678 2290 libris
704 2255 771 2295 II“,
799 2266 889 2298 quos
910 2254 1061 2297 junctim
1087 2266 1166 2288 cum
1193 2256 1403 2298 Theodosii,
1429 2257 1603 2301 Menelai,
1629 2258 1794 2303 Autolyci
1826 2259 2043 2306 aliorumque

256 2313 300 2347 de
331 2312 456 2348 iisdem
488 2313 629 2356 scriptis
655 2313 844 2347 Messanae
878 2313 1122 2357 inprimendos
1156 2319 1342 2349 curaverat
1366 2326 1398 2351 a.
1426 2316 1524 2360 1558,
1559 2316 1711 2360 primum
1746 2317 2043 2361 deprehendimus

256 2382 359 2406 usum
380 2371 630 2413 „seea11tium‘⁴.
662 2371 867 2405 Notandum
893 2370 1031 2406 videtur
1059 2372 1243 2406 theorema
1263 2373 1305 2406 de
1332 2373 1509 2408 cosinibus
1535 2374 1627 2409 inter
1646 2375 1715 2409 duo
1740 2375 1854 2410 latera
1877 2376 2044 2421 trianguli

257 2429 500 2472 obliquanguli
517 2429 693 2473 sphaerici
712 2433 748 2463 et
762 2430 890 2464 baseos
906 2434 1097 2472 segmenta,
1112 2442 1202 2474 quae
1221 2442 1325 2466 arcus
1344 2442 1364 2465 a
1381 2432 1511 2466 vertice
1530 2431 1575 2466 ad
1592 2433 1742 2475 angulos
1760 2436 1876 2469 rectos
1894 2434 1930 2468 in
1947 2434 2043 2469 illam

257 2488 431 2522 demissus
456 2487 601 2531 format;
631 2487 728 2521 sinus
755 2487 964 2530 angulorum
989 2488 1033 2522 ad
1059 2489 1227 2523 verticem
1244 2489 1530 2533 proportionales
1549 2500 1628 2524 esse
1654 2491 1864 2534 angulorum
1881 2492 1926 2527 ad
1943 2492 2045 2528 basin

257 2545 450 2590 cosinibus,
477 2557 547 2590 quo
565 2545 784 2580 theoremate
803 2546 979 2580 caleulum
1004 2546 1345 2590 compendiosiorem
1370 2548 1471 2582 reddi
1496 2548 1649 2583 affirmat
1675 2554 1810 2585 auctor.
1852 2551 2044 2586 Praeterea

256 2603 449 2638 notandum
469 2607 524 2639 est
540 2603 738 2646 Maurolyci
757 2614 846 2648 opus
867 2604 1024 2648 opticum
1041 2605 1269 2649 inscriptum:
1296 2605 1512 2640 Photismi
1538 2606 1588 2640 de
1615 2606 1782 2642 lumine
1810 2614 1851 2643 et
1876 2608 2042 2652 umbra,

258 2661 303 2695 ad
336 2661 601 2705 Prospectivam
635 2666 670 2695 et
703 2661 883 2696 radiorum
923 2662 1150 2697 incidenti-am
1185 2663 1368 2698 facientes.
1415 2664 1500 2699 Ven.
1527 2664 1629 2700 1575.
1666 2666 1750 2708 (rec.
1783 2668 1971 2701 Messanae
2009 2671 2045 2702 et

257 2718 422 2761 Lugduni
450 2719 555 2759 1613,
588 2718 717 2753 additis
750 2719 844 2753 notis
879 2719 958 2754 Chr.
995 2719 1128 2764 Clavii).
1178 2720 1335 2755 Plurima
1362 2721 1420 2755 hic
1454 2731 1472 2755 e
1498 2721 1690 2758 Vitellione
1722 2724 1883 2759 desumta
1918 2724 2043 2768 depre-

256 2775 442 2810 hendimus
479 2779 690 2819 geometrice
727 2777 979 2814 demonstrata.
1028 2780 1082 2813 De
1106 2778 1364 2814 illuminatione
1398 2779 1575 2824 sphaerici
1612 2781 1770 2826 corporis
1795 2792 1860 2826 per
1884 2782 2042 2826 sphaeri-

261 2845 351 2875 cum,
377 2833 421 2868 de
445 2834 645 2869 inversione
670 2836 816 2871 umbrae
841 2842 877 2870 et
902 2836 946 2870 de
970 2836 1170 2871 inversione
1195 2837 1387 2882 imaginum
1412 2848 1476 2882 per
1500 2837 1661 2873 foramen
1686 2839 1722 2875 in
1740 2839 1886 2883 planum
1903 2839 2042 2875 radian-

260 2890 348 2924 tium
375 2892 573 2925 accuratius
600 2894 682 2935 agit,
707 2894 802 2928 unde
820 2893 965 2938 colligit,
993 2894 1217 2938 elongatione
1234 2895 1342 2939 plani,
1370 2896 1405 2930 in
1431 2896 1526 2939 quod
1543 2896 1632 2931 radii
1649 2897 1841 2939 incurrant,
1869 2897 2041 2940 imagines

260 2948 429 2993 paulatim
463 2949 574 2984 coire:
609 2961 697 2993 „quo
722 2952 833 2995 magis
859 2963 879 2986 a
903 2952 1021 2987 lucido
1052 2964 1116 2997 per
1148 2955 1395 2998 qualecunque
1429 2955 1588 2990 foramen
1614 2955 1776 2990 radiante
1800 2957 2042 2999 processerint

260 3005 361 3048 radii,
388 3015 428 3039 eo
446 3006 558 3050 magis
576 3007 612 3042 in
630 3007 783 3052 planum,
810 3009 905 3053 quod
922 3009 1039 3045 lucido
1057 3011 1270 3055 parallelum
1288 3016 1352 3056 est,
1377 3012 1575 3057 profectum
1599 3012 1718 3047 lumen
1735 3012 1781 3047 ad
1797 3012 1910 3056 ipsius
1929 3013 2039 3049 lucidi

261 3063 525 3100 similitudinem
549 3065 686 3103 accedit
712 3070 746 3102 et
769 3067 922 3117 tandem,
949 3079 1057 3105 sensu
1082 3071 1249 3115 decepto,
1281 3070 1351 3115 ipsi
1376 3070 1490 3105 simile
1514 3069 1652 3106 videtur
1677 3074 1713 3105 et
1736 3069 1772 3105 in
1798 3070 1870 3109 situ
1894 3080 2039 3107 conver-
