2126 3388
289 207 375 254 866
709 209 713 214 ’
966 206 1050 243 Vita
1072 206 1097 242 J
1099 206 1224 243 oannis
1247 207 1408 254 Kepleri.

285 326 349 370 jici
372 333 521 360 necesse
544 322 624 365 fuit,
650 325 843 366 antequam
866 321 1034 359 adornari
1057 321 1103 357 ad
1126 326 1163 359 te
1188 327 1312 368 posset
1335 333 1562 368 responsum.
1611 323 1795 368 Legerunt
1818 325 1951 370 itaque,
1978 325 2080 370 quic-

291 382 377 427 quid
401 382 437 416 in
461 380 532 415 illis
557 380 602 415 ad
627 389 683 414 me
706 380 946 426 perscriptum
971 379 1057 424 fuit,
1082 381 1227 416 Domini
1250 382 1320 416 mei
1346 380 1524 427 collegae,
1551 386 1797 427 cognoverunt
1819 383 1913 418 idem
1937 383 2080 419 Domini

291 438 565 476 consistoriales
598 437 860 483 Stutgardiani‚
896 437 956 482 qui
991 439 1300 475 communicarunt
1334 440 1438 475 nobis
1483 444 1560 475 tum
1601 439 1792 485 epistolam
1827 440 1870 475 T.
1904 441 1946 475 D.
1974 451 2079 485 quam

287 498 416 541 10.)2o.
440 496 594 540 Augusti
624 496 721 531 Anni
755 496 842 532 1612
876 496 921 532 ad
950 496 1032 532 illos
1065 499 1296 541 exaraveras,
1329 507 1401 532 11113
1434 508 1515 532 011111
1547 497 1664 533 0311515
1695 498 1818 542 negati
1850 497 2081 539 Sacramenti,

288 556 380 590 inter
410 554 454 589 D.
478 552 662 588 Hizlerum
698 557 734 588 et
758 557 794 588 te
820 553 946 589 eodem
979 565 1072 590 anno
1097 554 1295 599 ventilatis,
1326 559 1402 590 tum
1438 560 1473 590 et
1504 557 1775 601 responsionem
1808 567 1909 592 suam
1941 556 1986 591 ad
2009 557 2080 600 jam

289 613 420 649 dictam
444 611 634 657 epistolam
669 615 769 647 tuam
803 612 847 647 de
873 612 957 648 dato
983 613 1098 658 Stutg.
1124 613 1181 649 25.
1209 613 1407 659 Septembr.
1434 623 1526 650 anno
1559 613 1654 648 dicto
1681 618 1865 649 exaratam
1890 615 2082 649 communi-

288 673 432 706 carunt:
459 668 504 705 de
530 679 600 713 qua
624 673 764 713 postea.

425 727 507 762 Jam
533 727 578 762 ad
602 727 873 772 responsionem
899 732 998 764 tuam
1024 730 1069 765 ad
1095 740 1210 770 meas,
1243 730 1279 764 in
1314 739 1385 774 qua
1409 729 1551 775 quidem
1577 729 1731 774 plurima
1758 730 2002 775 continentur,
2038 730 2083 764 ad

288 795 379 830 quae
403 785 555 829 plurima
581 795 724 830 quoque
749 786 967 830 respondere
992 798 1153 832 possem,
1179 787 1243 823 sed
1261 787 1352 823 illud
1369 788 1595 832 responsioni
1614 788 1777 833 deligam,
1805 788 1900 833 quod
1919 794 1955 825 et
1973 794 2082 832 caput

286 844 349 887 rei,
367 847 402 878 et
418 843 468 877 ita
482 848 726 887 comparatum
739 849 806 889 est,
824 849 863 879 ut
882 845 950 879 hoc
965 857 1037 881 uno
1059 846 1226 891 expedito
1245 846 1381 891 reliqua
1399 847 1518 882 omnia
1535 846 1737 891 explicatus
1755 857 1840 882 suos
1858 846 1964 882 facile
1981 847 2083 882 hahi-

289 906 372 937 tura
397 900 595 937 videantur.
640 901 744 944 Quod
768 901 885 946 ipsum
912 908 1021 948 caput
1043 909 1085 939 tu
1109 914 1251 949 quoque
1276 905 1482 950 primarium
1501 914 1582 940 esse
1608 906 1748 947 statuis,
1776 906 1860 941 dum
1879 909 1961 941 ante
1977 905 2083 940 finem

293 959 469 1005 epistolae
494 959 545 993 ita
562 958 705 994 scribis:
734 959 789 1001 „in
815 961 959 1005 negotio
985 971 1117 996 coenae
1144 972 1249 1006 spero
1275 973 1338 998 vos
1358 963 1742 1008 (wirtembergenses)
1772 963 1861 997 nihil
1887 963 2084 1006 habituros,

289 1017 384 1063 qnod
409 1017 445 1052 in
469 1028 526 1053 me
552 1016 776 1061 desideretis,
802 1018 838 1052 in
864 1018 1022 1053 articulis
1049 1020 1175 1055 ceteris
1202 1021 1366 1056 omnibus
1392 1022 1583 1066 acquiesco
1608 1022 1841 1066 Augustanae
1861 1020 2086 1056 Consessioni

288 1080 323 1111 et
339 1075 382 1111 F.
401 1075 453 1120 C„
478 1074 515 1109 in
540 1074 617 1110 solo
643 1074 794 1111 articulo
821 1073 865 1111 de
890 1078 1047 1120 generali
1072 1079 1280 1123 praesentia
1299 1079 1423 1114 Carnis
1448 1090 1519 1113 non
1545 1089 1691 1124 possum
1711 1078 1880 1114 damnare
1904 1078 1995 1122 illos,
2024 1079 2085 1122 qui

285 1135 481 1180 loquuntur
506 1145 586 1169 cum
611 1134 773 1179 patribus
797 1145 906 1180 supra
931 1137 1048 1172 citatis
1074 1137 1224 1182 ipseque
1249 1137 1339 1173 adeo
1364 1138 1557 1183 phrasibus
1583 1137 1651 1172 illis
1679 1141 1780 1173 utor“
1810 1143 1878 1173 etc.

425 1192 530 1237 Quod
554 1193 673 1237 ipsum
696 1192 785 1228 illud
809 1198 918 1238 caput
944 1199 1017 1239 051,
1051 1195 1152 1239 cujus
1182 1196 1219 1230 in
1244 1195 1485 1241 praecedente
1517 1205 1597 1230 mea
1622 1194 1778 1239 epistola
1810 1195 2084 1230 fundamentum

287 1257 370 1289 ante
398 1252 519 1287 oculos
546 1251 702 1296 depinxi,
729 1252 810 1286 dum
837 1258 876 1287 ut
902 1254 970 1288 hoc
996 1264 1143 1289 aureum
1170 1253 1302 1288 dictum
1320 1253 1497 1289 Johannis
1522 1253 1684 1298 pressius
1709 1252 1927 1298 pensa-ares,
1955 1252 2086 1288 obnixe

287 1311 485 1347 obtestatus
511 1321 604 1346 sum:
635 1310 703 1352 „Et
719 1311 876 1346 Verbum
903 1322 985 1346 caro
1011 1311 1145 1347 factum
1165 1315 1254 1348 est“.
1305 1311 1408 1356 Quod
1434 1312 1517 1347 dum
1543 1312 1579 1346 in
1603 1311 1833 1356 responsoria
1857 1316 1921 1346 tua
1943 1316 2083 1347 tentare

288 1368 436 1404 adnisus
462 1378 511 1410 es,
536 1368 573 1402 in
599 1368 740 1403 duobus
766 1369 907 1414 quidem
932 1370 1114 1414 prioribus
1140 1370 1287 1405 vocibus
1312 1380 1382 1405 non
1408 1368 1582 1413 improbo,
1610 1379 1702 1412 quae
1729 1379 1766 1404 es
1791 1369 1994 1413 meditatus,
2021 1369 2083 1404 sed

285 1427 322 1462 in
346 1426 454 1461 tertia
479 1426 626 1470 (factum
651 1428 718 1471 051)
755 1427 809 1461 vo]
837 1427 1072 1463 combinando
1106 1427 1292 1473 (verbum)
1326 1428 1416 1462 Caro
1443 1426 1576 1461 factum
1604 1430 1677 1461 est:
1715 1427 1860 1470 ignosce
1892 1427 2082 1473 singularis

285 1484 388 1520 amici
412 1484 641 1528 integerrimo
669 1483 831 1526 candori,
864 1484 961 1519 haud
986 1495 1113 1529 parum
1139 1495 1175 1520 es
1208 1485 1463 1520 hallucinatus.
1515 1484 1649 1519 Scribis
1676 1484 1769 1519 enim
1795 1485 1849 1529 (et
1873 1493 1960 1519 sane
1984 1483 2082 1519 illam

284 1554 355 1578 non
381 1542 568 1587 Keppleri‚
606 1542 669 1595 sed
700 1543 913 1578 Damasceni
946 1543 1093 1587 phrasin
1129 1544 1225 1588 esse)
1261 1548 1376 1579 totum
1408 1542 1551 1587 quidem
1584 1544 1689 1586 λογον
1722 1552 1801 1577 5050
1835 1542 2020 1577 demisisse
2045 1543 2080 1578 in

285 1605 426 1636 uterum
450 1600 607 1646 virginis,
635 1610 701 1635 nec
728 1605 845 1636 tamen
873 1601 970 1636 illum
989 1606 1129 1637 uterum
1152 1603 1286 1647 ubique
1311 1607 1539 1647 praesentem
1564 1601 1707 1636 fecisse.
1750 1601 1853 1644 Quod
1872 1611 1956 1636 sane
1975 1601 2082 1636 veris-

285 1660 412 1695 simum
438 1662 474 1695 et
498 1664 683 1695 aeternum
708 1669 829 1693 verum
857 1664 962 1699 esset,
990 1659 1019 1694 si
1041 1660 1194 1695 maxime
1220 1671 1291 1695 non
1317 1660 1586 1701 Damasoenus,
1613 1659 1676 1694 sed
1702 1659 1881 1704 Keplerus
1906 1663 1942 1693 et
1968 1659 2081 1703 quivis

283 1723 466 1763 geometra
491 1718 654 1754 dixisset.
705 1716 791 1760 Quis
826 1717 917 1752 enim
951 1728 1107 1762 unquam
1135 1718 1389 1763 theologorum
1415 1717 1546 1760 sensit,
1582 1717 1671 1752 dixit
1696 1722 1759 1752 aut
1785 1717 1943 1762 scripsit,
1978 1717 2080 1761 virgi-

281 1787 386 1813 neum
411 1777 590 1822 Deiparae
624 1780 766 1811 uterum
796 1775 929 1811 factum
965 1785 1044 1811 0550
1070 1776 1204 1820 ubique
1229 1782 1477 1821 praesentem,
1516 1776 1599 1820 quia
1624 1776 1661 1810 in
1694 1775 1819 1811 eodem
1844 1779 1947 1822 λογος
1972 1775 2080 1810 0111111-

280 1845 453 1880 praesens
471 1845 614 1870 carnem
631 1838 790 1869 nostram
809 1833 1004 1868 assumsit‘?
1040 1834 1126 1877 Quis
1145 1833 1394 1878 theologorum
1414 1844 1571 1878 unquam
1590 1835 1713 1878 sensit,
1739 1833 1829 1868 dixit
1848 1838 1909 1868 aut
1926 1832 2080 1877 scripsit,

281 1903 433 1937 crucem,
451 1892 486 1927 in
501 1903 572 1938 qua
589 1893 857 1937 omnipraesens
876 1893 977 1934 λογος
994 1892 1030 1926 111
1044 1891 1184 1927 ,11111303
1196 1903 1261 1937 pro
1281 1892 1437 1927 omnium
1450 1891 1632 1928 hominum
1647 1892 1803 1937 peccatis
1817 1891 1936 1926 hostia
1949 1901 2081 1936 pepen-

279 1950 341 1995 dit,
366 1951 499 1986 factam
524 1961 603 1986 esse
620 1951 753 1996 ubique
777 1951 1027 1996 praesentem‘.>
1067 1960 1173 1994 quam
1199 1950 1448 1994 quaestionem
1466 1950 1574 1994 paulo
1592 1954 1675 1993 post
1695 1949 1854 1992 subjicis.
1891 1948 2081 1992 Ejusmodi
2125 1958 2126 1976 l

278 2010 408 2045 millies
432 2009 530 2045 mille
548 2009 686 2050 ἀτοπιας
703 2008 927 2046 accumulare
946 2009 1081 2053 liceret⁷
1108 2010 1137 2044 si
1162 2014 1304 2054 tempus
1324 2014 1359 2044 et
1378 2010 1489 2044 otium
1507 2009 1658 2054 perdere
1683 2009 1820 2045 liceret.
1861 2009 1951 2044 Nam
1977 2013 2080 2051 λογος
2124 2022 2126 2038 ι

278 2068 545 2113 omnipraesens
577 2072 613 2103 et
635 2068 795 2103 infinitus
827 2068 1054 2110 „incarnatus
1087 2073 1123 2103 et
1155 2073 1284 2114 postea
1318 2072 1423 2102 natus
1453 2067 1680 2103 Bethlehemi
1713 2068 1749 2102 in
1782 2067 1992 2112 praesepio“
2024 2078 2079 2102 re·
2121 2049 2125 2104 f

279 2126 432 2161 clinatus
457 2130 494 2161 et
515 2125 614 2160 finito
641 2125 899 2170 purificationis
923 2131 1084 2171 tempore
1110 2126 1250 2162 oblatus
1277 2131 1333 2161 cst
1359 2127 1449 2170 patri
1468 2137 1532 2162 suo
1551 2126 1586 2160 in
1605 2127 1739 2171 templo
1757 2126 2078 2172 Jerosolymitanoz
2118 2140 2126 2179 j

277 2188 403 2228 postea
425 2183 617 2218 inchoante
642 2183 837 2219 ministerio
865 2184 997 2229 hospes
1025 2185 1092 2220 fuit
1117 2185 1153 2220 in
1177 2185 1325 2220 aedibus
1350 2185 1544 2226 Matthaei,
1565 2184 1735 2229 Zachaei,
1760 2183 1931 2229 principis
1956 2185 2079 2219 Phari-
2117 2184 2126 2225 ¹¹:

278 2252 443 2277 saeorum
472 2247 507 2276 et
536 2252 698 2276 sororum
723 2242 870 2286 Lazari,
896 2253 939 2277 ex
965 2243 1129 2278 navicula
1154 2243 1252 2278 Petri
1279 2242 1485 2278 concionem
1514 2242 1611 2278 dedit
1636 2242 1680 2278 ad
1715 2243 1857 2277 turbam
1887 2243 2001 2278 littori
2029 2243 2079 2277 in·
2114 2213 2123 2306 'h

277 2300 482 2344 sistentem;
510 2304 546 2334 et
563 2300 642 2344 quis
668 2311 789 2335 omnes
817 2301 1018 2336 consimiles
1046 2306 1149 2336 actus
1168 2301 1379 2336 recenseat?
1407 2301 1486 2344 quis
1509 2300 1692 2335 hominum
1716 2311 1839 2335 omnes
1864 2300 2079 2344 imaginetur
2112 2291 2122 2344 μ’

277 2359 357 2402 sibi,
382 2357 439 2393 vel
463 2368 660 2403 praesaepe
685 2359 741 2394 vel
766 2359 935 2404 templum
954 2359 1298 2404 Jerosolymitanum
1325 2359 1381 2394 vel
1400 2358 1594 2403 Matthaei,
1623 2359 1781 2394 Zachaei
1805 2359 1993 2394 Pharisaei
2019 2363 2080 2394 aut
2111 2348 2120 2403 ss

276 2416 441 2451 Marthae
459 2415 565 2452 aedes
583 2416 639 2451 vel
656 2417 754 2451 Petri
772 2417 922 2462 denique
939 2417 1143 2453 naviculam
1161 2418 1294 2453 factam
1312 2427 1391 2453 esse
1413 2418 1754 2462 omnipraesentem!
1790 2418 1915 2462 Apage
1932 2418 1980 2452 sis
1999 2429 2078 2453 cum
2107 2400 2118 2508 l}

277 2473 439 2508 omnibus
476 2473 651 2517 ejusmodi
686 2475 903 2519 phantasiis,
936 2476 1063 2520 quibus
1106 2475 1343 2520 dijudicandis
1381 2480 1416 2511 et
1453 2476 1638 2511 eludendis
1675 2486 1791 2520 neque
1828 2476 2077 2520 theologorum
2106 2470 2116 2542 ρι’

275 2541 392 2576 neque
417 2536 676 2576 geometrarum
702 2533 863 2568 acumine
888 2544 976 2578 opus
1004 2538 1078 2569 est:
1118 2535 1381 2570 Damascenum
1407 2535 1516 2579 igitur
1540 2535 1574 2569 in
1601 2534 1775 2579 ejusmodi
1809 2535 2078 2579 quaestionibus
2104 2525 2114 2585 gl

273 2585 550 2634 phraseologum
568 2590 676 2626 citare
691 2595 805 2627 totum
820 2602 1121 2636 supervacaneum
1142 2592 1222 2627 fuit.
1247 2592 1341 2628 Illud
1359 2597 1478 2628 autem
1496 2592 1679 2639 ἀθεολογῳ
1696 2592 1970 2628 hallucinationi
1993 2596 2077 2627 tuae
2102 2585 2112 2655 ἶ)

272 2647 402 2687 tribuo,
428 2647 523 2691 quod
540 2652 579 2683 tu
596 2648 659 2684 tibi
677 2648 866 2685 falsissime
884 2650 1099 2696 imaginaris,
1128 2651 1277 2687 eandem
1295 2652 1469 2687 rationem
1489 2662 1566 2687 esse
1594 2651 1685 2687 uteri
1702 2651 1848 2697 virginis
1874 2655 1909 2686 et
1934 2650 2075 2686 unionis
2101 2657 2103 2686 ἐ

275 2704 486 2750 personalis,
512 2717 584 2750 qua
607 2706 767 2742 infinitus
792 2709 894 2754 llo-jo,-
919 2709 953 2743 in
981 2719 1066 2743 suae
1092 2720 1271 2754 personae
1289 2711 1462 2745 unitatem
1483 2709 1722 2755 personaliter
1739 2709 1909 2744 assumsit
1933 2718 2076 2743 carnem
2099 2709 2102 2737 ἑ

275 2762 479 2798 humanam.
529 2762 598 2798 Sed
625 2763 722 2799 dices
749 2765 888 2800 forsan:
924 2766 1013 2802 haec
1039 2768 1104 2803 tibi
1135 2772 1279 2812 praeter
1311 2772 1467 2802 mentem
1501 2772 1536 2802 01
1562 2777 1706 2802 5011511111
1732 2765 1897 2810 attribui,
1933 2775 2013 2799 cum
2038 2765 2074 2800 in
2096 2746 2106 2818 Ι)

275 2820 366 2856 haec
390 2821 500 2856 verba
523 2821 677 2858 scribas:
712 2823 841 2858 Totum
876 2829 910 2860 et
946 2826 1271 2870 omnipraesentem
1297 2830 1401 2869 λογον
1431 2825 1467 2860 in
1497 2825 1671 2860 unitatem
1704 2833 1880 2869 personae
1906 2833 1992 2857 suae
2017 2833 2072 2857 as-
2094 2807 2098 2862 J

275 2878 445 2914 sumsisse
472 2889 635 2924 carnem,
664 2885 700 2915 et
724 2882 863 2917 unitum
891 2884 988 2918 carni
1015 2884 1130 2920 eidem
1155 2883 1308 2919 infinitis
1340 2883 1454 2919 modis
1480 2884 1684 2928 propiorem
1711 2892 1800 2926 0550,
1827 2891 1933 2926 quam
1959 2871 2095 2935 uter0.3¹

275 2936 363 2981 Fige
388 2937 515 2981 pedem
542 2938 676 2982 Amice,
703 2943 740 2973 et
764 2939 852 2975 haec
878 2940 1008 2977 effatus
1025 2942 1180 2986 primum
1198 2942 1372 2986 intellige,
1400 2952 1506 2987 quam
1531 2941 1669 2976 infinita
1696 2941 1742 2976 sit
1759 2939 2093 2975 (1111·010111131111011

278 2998 419 3029 uterum
443 2994 653 3040 virgineum,
678 2996 714 3031 in
740 3008 810 3041 quo
836 3002 936 3040 λογος
962 3009 1104 3034 carnem
1130 2999 1326 3042 adsumsit,
1352 3004 1388 3035 et
1411 3000 1506 3035 inter
1531 2998 1713 3035 ineffabile
1737 2997 1827 3032 illud
1851 2988 2091 3049 mysterium‚{

276 3061 346 3095 quo
370 3051 531 3087 infinitus
557 3057 660 3099 λογος
683 3054 777 3089 intra
801 3055 961 3090 infinitae
987 3067 1073 3091 suae
1090 3057 1329 3103 hypostaseos
1346 3058 1537 3101 unitatem,
1563 3056 1697 3092 finitam
1723 3065 1866 3090 carnem
1891 3054 2089 3096 assumsit}

276 3108 440 3144 Secundo
465 3110 574 3155 palpa
609 3112 743 3155 (circini
774 3113 865 3157 pede
890 3113 975 3158 fixo)
1008 3125 1117 3160 quae,
1151 3115 1283 3160 qualis,
1318 3121 1452 3160 quanta
1482 3115 1621 3150 isthaec
1653 3113 1699 3149 sit
1731 3112 1983 3157 hallucinatio,
2018 3113 2087 3152 ita:

276 3165 506 3212 ratiocinari:;
531 3168 662 3205 Uterus
688 3169 876 3215 Virgineus
901 3171 1024 3208 finitus
1049 3183 1118 3208 non
1144 3172 1261 3209 factus
1294 3177 1349 3209 est
1383 3173 1666 3217 omnipraesens,
1693 3170 1778 3207 licet
1803 3171 1837 3206 in
1863 3176 1967 3209 utero
1998 3171 2092 3213 vir-i'

2078 3255 2081 3324 l
