2126 3388
214 180 298 224 818
893 180 976 216 Vita
1001 180 1024 215 J
1027 180 1152 216 oannis
1177 180 1335 226 Kepleri.

213 297 286 336 suit
316 297 456 346 virgini
487 299 524 334 et
555 295 668 332 matri
708 308 794 335 mea
835 298 991 346 petitio,
1031 298 1102 337 sed
1143 300 1234 348 quia
1274 299 1349 337 sibi
1389 298 1613 337 metuebant
1644 310 1668 337 a
1698 299 1815 348 priori
1845 306 2000 347 sponso,

214 357 302 394 ideo
346 366 470 392 meam
507 354 733 402 petitionem
774 355 990 403 rejecerunt
1030 356 1080 394 ad
1122 357 1317 395 dominum
1359 358 1498 406 prioris
1539 358 1691 406 sponsi,
1733 357 1793 394 cui
1825 355 1888 393 ille
1921 359 2002 392 erat

213 424 413 465 praesens.
474 411 596 459 Atqui
629 423 701 461 ego
734 413 782 450 ab
814 413 882 451 illo
916 413 1072 452 domino
1112 415 1245 453 literas
1285 415 1478 453 habebam
1518 413 1871 453 commendatitias:
1916 413 2002 462 quis

214 472 324 510 aliter
356 470 480 507 dicere
511 470 720 518 potuisset,
765 472 855 519 quin
897 472 994 510 haec
1025 474 1182 521 sponsio
1221 477 1306 511 rata
1337 473 1464 511 futura
1504 473 1651 511 fuerit?
1701 471 1815 520 Quod
1845 471 1908 509 1110
1939 470 2004 508 vel

213 541 341 568 meum
372 529 532 575 vitium,
574 527 637 566 vel
669 530 873 566 consilium
903 530 978 568 Dei
1019 532 1057 566 in
1087 530 1343 579 permittendo
1385 531 1459 569 hoc
1488 530 1689 568 ludibrio?
1739 530 1885 578 Impius
1917 531 2001 575 sim,

213 589 246 626 si
278 587 327 625 ad
359 590 463 623 astra
493 587 568 623 ista
598 585 772 632 referam,
806 599 904 636 quae
937 587 1042 626 nullo
1074 600 1200 637 neque
1222 595 1383 627 naturae
1406 588 1560 627 vinculo
1592 599 1718 638 neque
1749 598 1834 626 meo
1858 598 2002 625 evene-

212 649 311 693 runt,
343 649 410 682 aut
443 643 491 681 ab
523 645 636 681 astris
677 656 778 682 nexa
814 651 915 683 sunt.
975 646 1188 684 Fortunam
1221 659 1311 684 vero
1356 649 1550 694 incusare,
1595 651 1653 685 est
1692 651 1794 684 certo
1834 644 2001 694 quodam

213 714 351 752 genere
384 704 570 739 sermonis
602 703 670 748 uti,
704 702 753 739 ad
784 703 857 740 hoc
889 716 1007 741 unum
1040 704 1346 753 significandum,
1378 705 1588 743 ludibrium
1621 704 1694 742 hoc
1725 715 1881 741 causam
1913 702 2001 738 nul-

211 761 289 798 lam
319 761 473 798 habere.
537 759 780 809 Quanquam,
813 763 845 798 si
878 774 1009 800 verum
1041 764 1268 810 excutimus,
1302 768 1343 800 ut
1375 774 1492 801 causa
1524 762 1678 800 ludibrii
1710 761 1818 799 nulla
1847 765 1916 807 est,
1948 762 2003 797 sic

212 819 421 857 ludibrium
453 819 580 867 ipsum
612 821 727 856 etiam
759 819 855 856 nihil
887 825 955 858 est.
1016 820 1114 858 Nam
1147 823 1234 870 quis
1265 833 1384 858 sanus
1417 833 1475 859 me
1509 821 1596 858 ideo
1631 818 1905 858 contemserit?
1954 818 2004 855 Et

213 882 342 915 tamen
373 880 462 913 sunt
491 878 530 912 in
561 878 769 926 gynaeceis
801 879 938 916 insana
969 884 1006 916 et
1027 879 1208 917 morbosa
1230 881 1370 928 capita,
1405 891 1503 928 quae
1526 879 1628 916 1111110
1650 890 1782 916 casum
1805 879 1844 914 in
1865 888 2002 913 nume-

212 947 296 973 rum
327 935 566 983 repulsarum
598 935 786 972 referunt:
828 937 959 986 itaque
992 938 1025 974 si
1055 937 1264 974 ludibrium
1298 944 1367 984 est,
1400 939 1615 986 imperitiae
1649 936 1827 983 debetur,
1870 946 1946 972 non
1980 947 2003 972 a

212 1005 273 1031 me
304 998 465 1040 tantum,
498 991 566 1030 sed
596 993 645 1030 ab
678 994 854 1031 omnibus
887 1007 933 1033 ex
964 1006 1089 1043 aequo
1127 995 1362 1034 hominibus.
1424 994 1572 1043 Quodsi
1613 994 1772 1032 accedat
1812 1005 1898 1031 mea
1929 995 2002 1030 1111-

211 1052 385 1101 potentia
416 1052 534 1088 animi
573 1056 640 1088 aut
681 1052 924 1090 imbecillitas
953 1052 1091 1101 judicii
1123 1054 1159 1089 in
1192 1053 1440 1102 suscipienda
1478 1053 1541 1092 vel
1579 1052 1818 1091 aestimanda
1849 1053 2003 1090 sinistra

212 1110 376 1148 aliorum
409 1108 456 1147 de
488 1120 546 1147 me
580 1110 886 1159 existimatione,
925 1111 1006 1159 jam
1049 1110 1160 1148 dolor-
1198 1113 1370 1160 sequitur
1403 1116 1440 1149 et
1471 1111 1640 1149 turbatio
1679 1110 1924 1149 consiliorum
1956 1122 2003 1148 ex

211 1179 264 1217 re,
299 1179 398 1216 quae
428 1179 500 1204 sua
531 1172 670 1205 natura
700 1170 854 1217 penitus
888 1174 946 1206 est
977 1168 1023 1206 de
1055 1168 1190 1207 nihilo.

350 1225 532 1274 Sequitur
565 1231 702 1274 quarta
733 1231 771 1264 et
802 1227 1046 1265 Lincensium
1080 1228 1215 1276 prima,
1249 1227 1294 1265 de
1328 1239 1404 1276 qua
1435 1228 1529 1265 satis
1561 1226 1707 1264 Illustri
1741 1226 2002 1264 Generositati

213 1284 321 1322 Tuae
354 1288 505 1321 constat
537 1295 583 1321 ex
615 1286 738 1322 amico
771 1285 904 1333 relatu,
939 1297 1038 1333 quae
1070 1297 1156 1323 cum
1187 1285 1309 1323 forma
1329 1287 1423 1323 satis
1446 1285 1776 1324 commendaretur
1800 1289 1837 1322 et
1858 1284 2003 1322 hones-

212 1348 291 1381 tate
328 1343 477 1388 matris,
521 1341 621 1380 falsa
659 1347 787 1380 tamen
829 1354 945 1392 opum
978 1343 1192 1392 jactatione
1242 1344 1572 1382 commendatores
1614 1343 1717 1380 illius
1756 1344 1794 1380 in
1832 1344 2003 1380 animum

213 1413 339 1439 meum
370 1411 563 1437 rumorum
594 1402 940 1439 metuentissimum
972 1403 1224 1451 impegerunt.
1268 1403 1324 1440 Ac
1357 1404 1427 1440 etsi
1460 1402 1624 1439 Illustris
1647 1400 1896 1440 Generositas
1917 1401 2004 1438 Tua

216 1460 397 1498 dissuasit
427 1459 534 1496 illam
568 1459 616 1496 ob
649 1460 839 1508 inopiam,
881 1461 952 1497 etsi
984 1459 1251 1498 dissuaserunt
1282 1460 1348 1498 alii
1381 1461 1428 1498 ob
1460 1461 1728 1509 proceritatem
1761 1465 1798 1497 et
1828 1459 2003 1496 habitum

215 1519 383 1566 corporis
416 1517 652 1564 athleticum,
685 1518 834 1555 inhaesi
866 1522 994 1555 tamen
1026 1518 1116 1556 111110
1148 1517 1417 1556 deliberationi
1449 1524 1486 1556 et
1506 1519 1635 1556 forsan
1664 1522 1812 1556 mature
1844 1517 2003 1555 conclu-

213 1578 362 1622 sisscm‚
394 1576 468 1612 nisi
499 1586 605 1613 amor
638 1579 674 1613 et
705 1577 815 1622 ratio,
848 1577 1139 1614 communicatis
1183 1577 1280 1614 inter
1312 1589 1352 1615 se
1394 1578 1540 1625 operis,
1585 1577 1758 1625 quintam
1798 1575 1891 1612 1111111
1930 1576 2002 1613 ob-

213 1635 416 1673 trusissent
447 1634 608 1679 interim,
643 1645 741 1682 quae
773 1635 810 1669 in
843 1634 1089 1672 collationem
1120 1645 1205 1672 011111
1239 1634 1304 1672 illa
1337 1640 1474 1684 quarta
1505 1640 1547 1672 ut
1577 1636 1695 1681 venit,
1729 1635 1887 1683 ancipiti
1919 1644 2002 1671 cer-

214 1694 369 1740 tamine,
403 1703 488 1729 cum
520 1694 685 1729 maxime
718 1693 933 1730 vinceretur
964 1693 1167 1731 honestate
1199 1692 1386 1740 familiae,
1424 1694 1614 1742 gravitate
1648 1692 1797 1739 vultus,
1839 1697 1919 1729 tum
1952 1692 2001 1729 ob

215 1751 366 1799 aliquas
397 1761 488 1798 opes
521 1755 558 1786 et
589 1750 729 1796 dotem,
763 1755 843 1787 tum
874 1753 1039 1789 maxime
1072 1752 1165 1789 vicit
1196 1763 1343 1797 amore,
1376 1751 1450 1789 fide
1481 1751 1720 1797 humilitatis,
1754 1750 2000 1799 frugalitatis,

215 1808 444 1854 sedulitatis,
477 1809 616 1845 amoris
648 1809 923 1857 privignorum,
957 1815 994 1847 et
1025 1809 1171 1858 placuit
1199 1810 1238 1846 in
1270 1809 1338 1847 illa
1370 1810 1513 1847 orbitas
1547 1814 1584 1847 et
1615 1809 1800 1857 desertio,
1833 1820 1931 1857 quae
1963 1809 2002 1844 in

216 1867 293 1905 alia
323 1867 554 1915 rejecissem.
595 1866 694 1904 Nam
726 1868 857 1916 inopia
889 1868 972 1915 ejus
1004 1868 1152 1905 nullum
1183 1872 1327 1905 metum
1358 1879 1487 1906 50011111
1521 1867 1699 1905 trahebat
1731 1868 1779 1905 ab
1801 1866 2002 1915 egentibus

217 1925 410 1963 affinibus.
470 1925 550 1961 Diu
582 1925 821 1974 multumque
854 1925 1093 1963 conflictatus
1125 1937 1211 1963 cum
1242 1926 1316 1964 hac
1348 1926 1622 1963 molestissima
1655 1937 1757 1973 cura,
1791 1925 1880 1962 dum
1903 1923 2001 1963 Gen.

216 1984 331 2023 Dom.
362 1982 589 2020 Helmhardi
621 1983 823 2032 conjugem
856 1990 1049 2032 exspecto,
1081 1985 1114 2022 si
1146 1985 1242 2021 forte
1274 1984 1339 2022 illa
1370 1985 1522 2022 tertiam
1553 1984 1647 2021 mihi
1678 1983 1869 2031 suaderet,
1904 1994 2002 2032 quae

215 2042 351 2080 harum
394 2046 595 2089 utramque
637 2041 740 2091 apud
780 2053 840 2079 me
880 2044 1070 2091 vinceret3
1116 2042 1271 2080 tandem
1315 2044 1430 2080 etiam
1478 2042 1546 2079 illa
1589 2041 1741 2089 audita,
1785 2042 1894 2090 coepi
1933 2052 2001 2091 pro

217 2105 355 2150 quarta
385 2099 624 2145 concludere,
658 2101 870 2148 aegerrimo
903 2102 1044 2147 animo,
1078 2100 1181 2149 quod
1214 2105 1316 2143 05501
1346 2099 1586 2149 repudianda
1619 2101 1765 2149 quinta.
1828 2100 1932 2137 Dum
1963 2098 2002 2136 id

216 2170 291 2208 ago
319 2159 477 2208 jamque
517 2169 762 2207 prorumpere
797 2158 921 2195 verbis
954 2160 1104 2207 cogito,
1151 2170 1238 2196 0000
1277 2158 1418 2195 fatum:
1459 2163 1596 2207 quarta
1638 2157 1704 2195 illa
1746 2158 2002 2196 cunctationis

217 2228 325 2255 meae
357 2221 533 2265 pertaesa
563 2215 676 2253 fidem
710 2215 816 2254 dedit
846 2216 924 2262 alii,
958 2218 1022 2265 qui
1055 2228 1072 2254 e
1093 2216 1214 2254 multo
1245 2220 1416 2265 tempore
1448 2218 1633 2254 instanter
1665 2216 1748 2264 ejus
1780 2216 2003 2265 conjugium

217 2276 435 2324 expetebat,
467 2285 538 2311 nec
567 2274 713 2311 nullam
744 2276 1037 2323 promissionem
1064 2274 1251 2322 jactabat.
1313 2274 1509 2322 Quantum
1541 2274 1794 2323 aegritudinis
1825 2276 1926 2313 sensi
1957 2285 2003 2312 ex

217 2333 376 2383 repudio
409 2333 584 2380 quintae,
617 2338 766 2369 tantum
799 2334 914 2370 etiam
946 2332 1069 2369 doluit
1095 2333 1248 2381 jactura
1280 2343 1460 2382 quartae,
1505 2335 1596 2381 quin
1628 2335 1705 2370 imo
1736 2333 1816 2382 jam
1848 2332 2003 2370 sordere

219 2398 257 2431 et
288 2392 422 2440 quinta
454 2392 592 2439 coepit.
655 2390 729 2427 Hic
762 2392 915 2427 0111111110
948 2392 1085 2427 vitium
1115 2391 1186 2427 fuit
1217 2393 1253 2427 111
1287 2392 1381 2429 111015
1404 2391 1620 2438 affectibus,
1653 2402 1749 2440 quos
1773 2390 2002 2438 cunctando,

220 2447 489 2498 comparando,
521 2447 770 2497 ponderando
803 2450 970 2486 rationes
1001 2454 1133 2486 contra
1161 2450 1309 2497 positas
1342 2449 1514 2498 quotidie
1536 2449 1795 2487 accendebam
1818 2449 1864 2487 de
1887 2460 2002 2487 nov0.

219 2508 354 2557 Neque
386 2512 516 2544 tamen
547 2506 646 2544 male
678 2518 827 2544 mecum
858 2512 1005 2552 actum,
1040 2506 1142 2555 quod
1175 2519 1259 2544 cum
1293 2513 1431 2556 quarta
1461 2519 1536 2546 non
1569 2509 1773 2556 5110005511,
1817 2508 1872 2546 510
1904 2509 2004 2546 0111111

221 2568 372 2615 utrique
403 2566 542 2603 melius
573 2570 818 2614 prospectum
851 2577 934 2603 esse
966 2576 1025 2602 res
1056 2566 1141 2613 ipsa
1172 2565 1353 2614 loquitur

358 2624 418 2661 De
450 2625 584 2673 quinta
613 2623 761 2672 reliqua
795 2628 852 2660 051
884 2623 1080 2672 quaestio,
1116 2635 1200 2671 cur,
1241 2636 1326 2662 cum
1358 2624 1425 2661 illa
1455 2624 1548 2661 mihi
1580 2601 1853 2670 destinaretur,
1896 2622 2004 2660 Deus

219 2683 451 2732 permiserit,
493 2687 535 2718 ut
566 2683 664 2719 intra
694 2683 806 2718 11111115
838 2683 929 2718 anni
959 2682 1126 2730 spatium
1157 2693 1224 2719 sex
1264 2682 1360 2719 alias
1392 2681 1518 2720 aemul
1524 2694 1564 2720 15
1595 2694 1713 2731 passa
1747 2681 1830 2720 sit‘?
1890 2680 2003 2719 Anne

222 2740 332 2778 aliter
362 2741 533 2789 inquieto
566 2741 692 2777 animo
727 2738 874 2777 consuli
904 2751 981 2776 non
1013 2741 1148 2788 potuit,
1183 2745 1223 2777 ut
1256 2740 1418 2778 disceret
1445 2752 1515 2777 sua
1548 2746 1649 2778 sorte
1682 2751 1766 2778 0550
1789 2743 2004 2785 001110111115,

221 2800 295 2835 11151
326 2804 426 2835 05501
457 2802 635 2846 expertus
667 2797 1016 2846 impossibilitatem
1049 2803 1226 2835 votorum
1256 2810 1411 2836 suorum
1443 2799 1481 2834 in
1513 2803 1569 2835 tot
1601 2798 1698 2845 aliis,
1730 2798 1803 2834 nisi
1836 2798 1919 2846 ipsa
1950 2798 2004 2834 rei

225 2856 419 2894 evidentia
451 2861 580 2905 posset
611 2857 775 2893 refutare
808 2860 863 2893 tot
886 2855 1137 2902 dissuasores,
1172 2861 1228 2894 tot
1247 2856 1535 2906 splendidarum
1558 2856 1720 2896 aliarum
1742 2854 2005 2893 conditionum

224 2914 433 2951 suasores?
482 2913 581 2951 Nam
612 2919 653 2951 ut
684 2926 858 2962 pergam,
901 2919 1049 2952 sextam
1089 2915 1270 2963 privigna
1300 2926 1387 2952 mea
1417 2926 1501 2952 cum
1534 2925 1674 2963 genero
1716 2925 1894 2960 suasere,
1935 2925 2006 2951 nec

227 2971 425 3009 defuerunt
456 2973 569 3009 amici
601 2973 884 3018 intercessores,
917 2973 1043 3009 arrisit
1073 2974 1109 3008 in
1143 2984 1188 3010 ea
1218 2972 1402 3010 nobilitas
1434 2972 1619 3017 nonnulla
1640 2982 1822 3020 opesque.
1873 2971 2006 3009 Vicis-

226 3030 296 3065 sim
334 3029 533 3067 defueruut
570 3031 678 3077 anni,
724 3031 941 3067 metuebam
975 3043 997 3067 a
1028 3031 1218 3068 sumtibus
1248 3031 1507 3079 nuptialibus,
1540 3031 1624 3079 ipsa
1655 3040 1722 3078 per
1751 3041 1792 3068 se
1823 3029 2005 3068 nobilitas

227 3087 483 3134 suspicionem
524 3088 613 3125 fecit
653 3089 869 3137 superbiae.
933 3087 1056 3137 Super
1088 3090 1215 3126 omnia
1246 3088 1507 3127 misericordia
1538 3099 1628 3135 erga
1666 3088 1862 3136 quintam,
1905 3099 2005 3136 quae

226 3142 306 3193 jam
336 3144 576 3183 intellexerat
608 3150 644 3184 et
675 3145 766 3194 quid
800 3150 901 3184 esset
932 3146 977 3184 de
1010 3158 1050 3184 50
1084 3147 1336 3186 deliberatum
1370 3152 1406 3185 et
1437 3145 1529 3196 quid
1554 3145 1637 3194 jam
1668 3151 1856 3195 ageretur.
1909 3145 2005 3184 Cum
