2126 3388
203 186 288 235 972
877 189 960 226 Vita
984 187 1134 225 Joannis
1158 187 1316 235 Kepleri.

204 308 398 347 adversati
429 312 466 346 et
495 307 694 357 publicata
733 311 822 345 sunt
852 306 1031 356 Joergeri
1069 307 1228 356 praedia
1258 305 1468 353 Hernalsa,
1511 305 1768 356 Steyeregga‚
1813 306 1982 345 Kreuss-

203 367 300 404 bach
310 367 363 415 4¹²),
390 376 464 403 non
486 370 575 403 sunt
595 364 787 413 indignae,
820 376 916 414 quas
936 365 1010 402 hoc
1030 365 1117 403 loco
1139 365 1385 414 adjiciamus:
1422 363 1640 415 „Virtutem
1661 363 1845 402 Horatius
1867 367 1983 413 poeta

203 425 302 462 cubo
335 429 550 471 comparat,
596 424 661 470 qui
693 428 735 460 ut
766 428 894 460 ternas
934 422 1053 461 habet
1091 422 1348 461 dimensiones
1387 423 1444 459 sic
1475 424 1590 460 etiam
1629 423 1749 460 virtus
1781 421 1828 460 ad
1859 422 1983 460 linea·

203 486 332 518 menta
370 481 456 518 cubi
500 480 682 517 trifariam
723 492 807 518 sese
856 480 1016 529 porrigit
1056 481 1248 529 totiesque
1293 482 1331 517 in
1373 479 1468 517 duas
1509 479 1631 517 veluti
1669 484 1797 529 partes
1841 479 1983 517 dividi-

204 547 274 575 tur.
338 538 470 574 Virtus
512 549 557 575 ex
595 549 671 574 una
712 544 817 587 parte
859 549 998 588 supera
1040 537 1278 585 considerat,
1321 549 1367 575 ex
1409 537 1529 575 altera
1570 537 1714 584 infera,
1755 549 1983 586 rursumque

204 597 323 632 virtus
357 595 512 641 eadem,
554 595 615 633 vel
655 607 700 633 ea
732 607 830 644 quae
868 601 957 633 sunt
988 601 1077 633 ante
1108 607 1178 634 nos
1209 597 1384 645 respicit,
1429 595 1488 633 vel
1528 606 1574 633 ea
1605 606 1704 644 quae
1745 606 1863 644 pone,
1906 594 1985 633 illic

203 652 350 690 scilicet
390 654 536 700 futura,
580 653 642 691 hic
679 655 899 702 praeterita.
969 654 1101 691 Virtus
1144 653 1309 702 denique
1347 658 1430 690 tota
1472 654 1508 689 in
1551 652 1683 690 dextra
1725 652 1908 690 dividitur
1948 658 1985 690 ct

201 712 366 748 sinistra.
429 709 554 758 Quam
587 711 651 748 din
682 713 797 761 igitur
827 711 992 749 Illustris
1025 711 1275 749 Generositas
1306 711 1392 748 Tua
1423 710 1556 748 dextra
1594 722 1661 749 seu
1703 711 1874 748 secunda
1905 711 1985 748 for-

205 774 298 806 tuna
329 772 386 805 est
416 780 508 815 usa,
543 770 695 806 virtutis
728 771 878 807 nonnisi
913 769 1112 807 dimidium
1144 781 1189 807 ac
1221 772 1285 807 vix
1318 768 1516 806 dimidium
1549 770 1609 806 sui
1641 770 1766 818 potuit
1797 780 1982 815 exserere,

204 826 395 873 restabat,
428 831 470 863 ut
501 828 655 864 sinistra
687 828 839 865 fortuna
871 827 997 865 locum
1027 827 1133 865 daret
1164 827 1273 865 alteri
1306 826 1463 864 dimidio
1498 828 1670 873 virtutis,
1716 837 1833 875 quam
1864 830 1985 864 totam

204 883 393 933 possides,
426 884 746 923 demonstrandae
780 887 894 934 inque
927 890 1173 936 conspectum
1207 884 1449 924 exserendae.
1493 884 1685 922 Virtutem
1718 884 1986 922 demonstrasti

203 943 453 990 praecipuam
474 942 652 991 regendis
674 945 824 991 magnis
847 944 998 992 opibus,
1032 944 1272 981 demonstras
1304 955 1405 981 nunc
1426 943 1541 980 etiam
1563 942 1748 982 carendis.
1803 941 1986 979 Gratulor

204 999 259 1036 illi
290 1000 428 1037 mentis
460 1005 550 1038 tuae
581 1001 709 1038 robori
742 1002 886 1039 invicto
919 1001 964 1038 de
997 1003 1156 1040 materia
1187 1001 1259 1039 hac
1290 1002 1349 1038 sui
1383 1006 1420 1038 et
1441 1000 1642 1038 excolendi
1675 1004 1712 1038 et
1742 1001 1778 1036 in
1811 1005 1986 1049 apertum

206 1056 440 1106 proferendi,
482 1069 552 1096 nec
581 1058 639 1095 sas
672 1071 754 1097 esse
785 1065 900 1108 pum,
941 1064 983 1096 ut
1015 1059 1287 1109 philosophiae
1327 1058 1450 1097 cultor
1492 1070 1607 1107 super
1646 1059 1756 1107 gravi
1788 1058 1861 1096 hoc
1893 1069 1986 1096 casu

206 1115 351 1153 virilem
383 1116 553 1153 animum
583 1116 833 1155 muliebribus
874 1116 1054 1156 lamentis
1094 1118 1168 1155 sibi
1201 1117 1509 1155 demulciendum
1550 1122 1688 1154 sumat.
1750 1115 1887 1154 Vicere
1920 1117 1984 1164 qui

205 1175 282 1211 tuis
313 1172 514 1211 inhiabant
546 1175 656 1211 bonis
686 1186 780 1213 casu
811 1186 881 1213 suo
914 1176 1183 1222 acerbissimo,
1228 1176 1355 1212 vicisti
1387 1179 1428 1211 tu
1461 1186 1591 1212 casum
1623 1175 1771 1223 ipsum:
1815 1173 1986 1211 habeant

206 1232 279 1280 ipsi
312 1232 449 1279 aliena,
483 1237 522 1269 tn
554 1234 720 1281 propria.
785 1232 894 1281 Quae
927 1238 966 1270 tu
1000 1234 1183 1280 amisisti,
1218 1234 1386 1270 vicissim
1420 1237 1457 1270 et
1489 1244 1511 1269 a
1542 1232 1829 1270 successoribus
1860 1233 1985 1269 amitti

204 1294 388 1338 possunt,
434 1301 533 1338 quae
563 1292 722 1336 retines,
764 1302 835 1329 nec
865 1292 1021 1340 cupient
1062 1296 1288 1340 extorquere
1331 1290 1444 1336 mali,
1487 1302 1557 1328 nec
1599 1292 1740 1339 poterit
1771 1291 1988 1338 quisquam.

205 1346 304 1384 Mihi
335 1348 409 1396 ipsi
440 1349 604 1396 pretium
635 1348 808 1397 jacturae
839 1351 934 1386 tanti
967 1350 1183 1398 patrocinii,
1218 1348 1321 1397 quod
1352 1350 1389 1385 in
1422 1349 1497 1385 tuis
1527 1347 1776 1386 facultatibus
1797 1347 1989 1386 habebam

207 1406 426 1454 repositum,
460 1406 553 1443 satis
585 1406 753 1455 amplum
787 1406 937 1445 videtur
970 1407 1083 1456 hujus
1114 1411 1204 1446 tuae
1236 1408 1420 1444 victoriae
1454 1406 1616 1455 gloria.“
1641 1436 1648 1443 .
1674 1437 1681 1444 .
1705 1435 1713 1445 .
1735 1434 1743 1443 .

341 1463 395 1500 Ex
415 1463 571 1512 Kepleri
592 1463 831 1502 habitatione
849 1464 1043 1503 Gratiensi
1067 1465 1150 1513 ejus
1172 1464 1396 1502 familiarius
1420 1465 1687 1502 commercium
1711 1475 1796 1502 cum
1814 1463 1990 1514 Styriaco

205 1521 359 1559 homine
390 1521 523 1568 nobili,
558 1521 816 1560 Ludovico
850 1522 903 1561 de
936 1523 1307 1561 Dietrichstein
1341 1521 1608 1561 deducendum
1631 1528 1710 1569 est,
1743 1522 1852 1570 cujus
1884 1533 1991 1559 com-

207 1579 336 1627 plures
368 1579 555 1628 epistolae
587 1585 740 1618 exstant
770 1581 819 1618 ab
852 1592 952 1618 anno
989 1585 1095 1619 1603
1140 1592 1262 1630 usque
1300 1580 1349 1618 ad
1380 1592 1522 1618 annum
1558 1584 1665 1618 1606
1700 1579 1748 1617 ad
1779 1579 1991 1628 Keplerum

210 1638 395 1685 scriptae,
439 1638 475 1673 in
510 1637 648 1686 quibus
687 1637 752 1675 ille
784 1638 995 1688 Keplerum
1039 1650 1188 1688 semper
1230 1639 1451 1686 „carissime
1490 1639 1671 1687 baptismi
1713 1635 1848 1676 testis“
1883 1638 1993 1686 (bert

206 1694 387 1744 Θευαίῒεϊ)
418 1695 639 1744 alloquitur,
672 1707 757 1734 cum
789 1708 890 1733 anno
927 1701 1047 1734 1602.
1080 1698 1273 1746 baptismo
1295 1696 1496 1734 Susannae
1528 1696 1629 1734 filiae
1661 1695 1890 1734 celebrando
1922 1695 1994 1732 ad-

206 1757 306 1790 esset
329 1754 448 1790 testis.
492 1754 535 1790 In
570 1755 708 1802 quibus
741 1754 913 1803 epistolis
937 1755 1259 1792 Dietrichstenius
1291 1755 1521 1793 amicissime
1553 1766 1593 1792 se
1626 1755 1734 1792 offert
1765 1753 1813 1791 ad
1835 1752 1994 1802 Kepleri

204 1822 361 1849 uxorem
382 1812 420 1847 in
443 1811 628 1850 bonorum
651 1811 886 1850 redemtione
918 1812 1180 1860 adjuvandam
1204 1818 1241 1850 et
1262 1813 1307 1850 de
1330 1813 1412 1861 ejus
1444 1822 1523 1850 arte
1549 1810 1826 1864 „hydraulica“
1850 1812 1994 1851 scribit.

206 1869 294 1912 (Vol.
329 1871 371 1906 V.
404 1883 437 1915 p.
477 1871 567 1912 639.)
615 1869 659 1906 In
691 1868 828 1918 Optice
868 1871 1032 1919 denique
1060 1873 1117 1915 (II.
1145 1873 1224 1916 252⁷»)
1258 1870 1448 1919 Keplerus
1484 1876 1622 1917 narrat,
1656 1870 1995 1908 Dietrichstenium

209 1925 504 1973 „Maecenatum
536 1939 692 1965 suorum
723 1930 999 1977 praecipuum“
1034 1940 1164 1966 secum
1196 1930 1351 1978 saepius
1385 1928 1431 1967 de
1462 1929 1574 1967 rebus
1607 1930 1744 1978 opticis
1775 1927 1996 1977 (perspicil-

207 1983 270 2032 lis)
305 1986 448 2033 egisse,
492 1997 569 2034 qua
600 1985 646 2023 dc
677 1985 792 2024 laude
824 1986 895 2024 ille·
921 1986 1142 2024 laetissimis
1175 1987 1303 2024 verbis
1334 1988 1479 2036 gratias
1521 1988 1623 2035 agit,
1667 1987 1781 2036 „dass
1813 1987 1892 2024 sein
1925 1997 1994 2033 ge-

207 2041 342 2080 liebter
371 2043 469 2081 Herr
492 2044 679 2081 Gevatter
709 2045 834 2081 seiner
860 2044 1005 2082 Person
1039 2044 1254 2093 eingedenk
1285 2045 1506 2094 gewesen“.
1549 2044 1661 2082 Alius
1695 2056 1849 2093 quoque
1870 2043 1994 2081 Nobi-

211 2099 302 2137 lium
335 2100 610 2151 Styriacorum,
644 2102 744 2139 Baro
778 2102 1124 2150 Sigismnndus
1157 2102 1215 2140 de
1238 2101 1573 2140 Herberstein
1605 2103 1679 2140 hoc
1712 2102 1796 2140 loco
1829 2113 1905 2139 non
1938 2106 1996 2139 est

209 2157 361 2196 silentio
393 2159 705 2208 praetereundus,
739 2161 804 2208 qui
829 2160 987 2209 Kepleri
1019 2160 1180 2198 consilia
1210 2161 1382 2210 inprimis
1414 2162 1452 2197 in
1474 2161 1588 2200 rebus
1611 2161 1852 2209 astrologicis
1874 2171 1997 2209 quae-

346 2305 377 2349 *)
404 2309 560 2350 Hernals,
599 2310 750 2340 Austriae
776 2309 961 2350 Superioris
994 2314 1025 2340 et
1059 2311 1149 2341 vicus
1175 2313 1207 2340 et
1232 2310 1403 2341 castellum
1434 2320 1538 2351 prope
1572 2311 1734 2340 Viennam
1767 2311 1880 2340 urbem
1916 2311 1992 2350 sita,

212 2356 361 2393 Joergeri
388 2356 527 2386 Bai-onis
552 2356 723 2396 praedium
749 2356 966 2396 fiduciarium,
993 2359 1025 2386 in
1053 2357 1283 2387 controversiis
1308 2358 1394 2387 inter
1410 2356 1563 2387 Austriae
1589 2357 1796 2387 Lutheranos
1823 2361 1855 2386 et
1873 2356 1997 2388 Catho-

208 2402 290 2432 licos
317 2403 437 2432 exortis
462 2411 527 2431 non
553 2403 646 2442 parvi
673 2404 830 2433 momenti
857 2413 906 2433 res
933 2407 964 2433 et
990 2402 1167 2433 multorum
1196 2407 1264 2433 erat
1288 2404 1407 2436 inore.
1440 2402 1491 2433 Ex
1519 2403 1683 2433 diuturnis
1708 2402 1777 2433 illis
1794 2403 1997 2444 actionibus,

210 2457 291 2489 quas
320 2449 579 2478 Lutheranorum
606 2449 704 2486 legati
730 2458 769 2478 ex
795 2448 946 2479 Moraxia
970 2451 1143 2490 provincia
1169 2454 1201 2480 et
1227 2450 1379 2479 Austriae
1397 2449 1620 2480 Archiducatu
1647 2450 1739 2479 missi
1765 2459 1837 2479 cum
1856 2449 1997 2480 Matthia

212 2496 406 2534 imperatore
430 2496 567 2535 eiusque
594 2494 795 2526 consiliariis
821 2505 906 2526 anno
935 2498 1037 2528 1609.
1069 2495 1205 2526 Hornae
1232 2500 1263 2526 et
1281 2497 1428 2526 Viennae
1455 2497 1650 2535 habuerunt,
1677 2497 1759 2525 exiit
1782 2495 1912 2526 tandem
1939 2495 1998 2526 illa

210 2540 469 2582 „Capit-ulatio“,
496 2551 560 2582 qua
588 2542 784 2571 Lutheranis
811 2542 1061 2581 concedebatur,
1087 2552 1178 2573 sacra
1205 2551 1261 2571 sna
1279 2541 1414 2582 publice
1431 2552 1608 2583 procurare
1632 2544 1668 2572 in
1688 2541 1864 2580 „castellis,
1890 2542 1996 2572 domi-

209 2589 269 2617 bus
296 2591 327 2617 ct
350 2588 628 2628 possessionibus,
654 2597 793 2628 quorum
821 2588 1004 2618 dominium
1030 2592 1061 2619 et
1078 2590 1288 2627 magistratus
1307 2588 1491 2620 Ordinibus
1518 2590 1729 2627 Augustanae
1755 2589 1996 2619 confessoribus

208 2635 348 2665 ossent.“
399 2633 507 2673 Quam
535 2635 575 2664 ob
601 2643 668 2664 rem
688 2634 907 2665 Helmhardus
934 2635 1110 2673 Joergexus
1136 2634 1233 2675 Baro,
1260 2635 1319 2676 qui
1343 2636 1431 2665 inter
1455 2637 1547 2676 ipsas
1574 2636 1719 2665 actiones
1747 2635 1885 2675 dixerat,
1912 2635 1995 2665 sein

208 2679 392 2710 Hernalsae
418 2679 552 2710 castello
580 2681 691 2710 statim
718 2681 882 2711 habendas
910 2682 1074 2712 orationes
1100 2690 1211 2712 sacras
1237 2691 1306 2711 esse
1334 2685 1531 2721 curaturum,
1558 2691 1590 2712 re
1616 2691 1691 2712 vera
1709 2680 1780 2712 Cal.
1798 2680 1899 2720 Majis
1917 2681 1997 2710 anni

212 2728 297 2757 1609
324 2736 490 2757 sacrorum
516 2727 649 2756 initium
674 2727 762 2758 fecit.
814 2728 905 2758 Idem
932 2728 1158 2765 Ingerstorfiae
1185 2729 1217 2757 in
1249 2726 1392 2757 Castello
1420 2738 1438 2757 a
1463 2729 1588 2766 Geyero
1615 2728 1654 2758 de
1680 2728 1878 2768 Osterburg,
1911 2727 1997 2757 idem

211 2773 366 2802 Radauae
391 2783 412 2802 a
438 2774 565 2803 Barone
592 2774 630 2803 de
658 2774 792 2803 Landau
820 2775 941 2804 factum
969 2778 1026 2806 est.
1062 2773 1129 2812 Qui
1145 2774 1211 2804 vici
1230 2783 1342 2804 omnes
1368 2783 1441 2804 cum
1467 2775 1557 2804 haud
1582 2773 1699 2815 procul
1717 2775 1757 2804 ab
1776 2774 1849 2814 ipsa
1867 2774 1996 2803 Vienna

209 2819 370 2857 abessent,
395 2820 592 2849 Lutheranis
620 2820 711 2850 illius
738 2821 828 2850 urbis
855 2820 1026 2850 commoda
1053 2821 1166 2850 oblata
1191 2823 1240 2850 est
1265 2821 1411 2861 occasio,
1446 2830 1540 2851 sacra
1564 2821 1711 2850 Viennae
1742 2819 1918 2850 interdicta
1942 2819 1995 2849 hic

211 2863 417 2905 celebrandi,
460 2874 522 2905 qna
555 2865 633 2896 data
669 2869 831 2905 potestate
864 2876 964 2907 quam
999 2867 1178 2905 plurimum
1210 2867 1387 2896 utebantur
1427 2866 1551 2903 (decem
1589 2865 1697 2896 millia
1732 2865 1995 2895 Lutheranorum

216 2910 362 2940 Viennae
386 2912 607 2941 habitantium
636 2911 818 2942 Hernalsae
844 2914 947 2943 sacris
972 2914 1162 2943 interfuisse
1190 2912 1367 2951 dicuntur).
1410 2912 1482 2951 Qua
1507 2922 1541 2943 re
1565 2914 1707 2943 maxime
1733 2910 1870 2942 solliciti
1887 2921 1998 2942 sacer-

212 2956 302 2985 ‹lotes
320 2955 482 2987 Catholici
501 2956 696 2995 (Chleselius
715 2959 900 2999 episcopus)
926 2960 1068 2999 primum
1094 2958 1152 2988 illa
1172 2958 1307 2989 castella.
1332 2959 1571 2999 capitulatione
1597 2961 1734 2999 excepta
1758 2957 1999 2990 indicaverunt.

213 3002 306 3037 Quod
333 3012 404 3032 cum
430 3013 494 3033 non
522 3013 561 3033 ex
587 3006 751 3034 sententia
777 3006 947 3045 cessisset,
982 3005 1174 3043 Joergerum
1211 3006 1251 3035 ob
1287 3004 1459 3036 clientelae
1490 3004 1662 3046 perfidiam
1687 3005 1723 3034 in
1745 3005 1800 3042 jus
1827 3008 1996 3041 vocarunt,

213 3047 388 3078 Hernalsae
412 3049 588 3089 praedium
615 3054 782 3090 sperantes
807 3052 954 3081 futurum
990 3061 1060 3082 esse
1092 3051 1250 3082 caducum
1279 3049 1408 3092 (1614).
1457 3051 1533 3090 Qua
1558 3051 1597 3081 de
1621 3060 1655 3080 re
1680 3059 1785 3091 usque
1810 3050 1851 3080 ad
1877 3060 1997 3081 annum

216 3093 301 3123 1619
333 3095 368 3123 in
397 3095 523 3132 judicio
559 3100 717 3126 certatum
751 3101 811 3128 est.
861 3098 1005 3127 Tandem
1039 3098 1119 3128 haec
1145 3107 1241 3128 causa
1267 3099 1313 3128 sic
1339 3101 1387 3129 est
1420 3096 1531 3135 finita,
1565 3099 1602 3127 ut
1633 3105 1707 3127 cum
1739 3097 1805 3138 ipsi
1831 3095 1998 3127 Catholici

216 3147 380 3170 sacrorum
406 3141 670 3173 emendationem
696 3143 913 3185 perfecerint,
938 3143 1086 3181 Joergeri
1110 3144 1247 3183 praedia
1272 3143 1531 3184 publicarentur,

2103 1024 2115 1777 *Μὴ-*ῃ
