2126 3388
969 161 1072 201 1604.
1829 160 1914 207 763

118 287 200 337 jam
230 287 352 336 bibat,
381 288 462 337 Jam
495 287 670 336 quiescat
694 316 702 325 .
726 315 734 324 .
758 315 767 325 .
792 314 801 323 .
854 284 974 324 Recte
996 295 1143 334 moneS,
1177 286 1220 323 ut
1240 281 1422 323 chronica
1442 281 1594 330 adeam,
1626 288 1726 330 quae
1746 282 1919 317 meteora

122 346 412 395 consignarunt,
446 345 614 395 indeque
646 345 923 395 experientiam
945 344 1133 382 hauriam.
1176 343 1335 381 Faciam
1356 342 1407 390 id,
1439 342 1505 380 ubi
1536 340 1624 390 plus
1645 339 1713 378 otii
1732 337 1919 375 habuero.

123 404 174 441 At
207 416 284 442 non
315 416 401 443 cum
434 404 543 443 coelo
577 409 727 443 tantum
759 403 1008 453 comparabo,
1040 402 1110 441 sed
1131 402 1290 440 Terram
1321 410 1452 440 secum
1474 402 1609 449 ipsam.
1634 426 1643 438 .
1666 428 1675 437 .
1700 426 1709 435 .
1735 398 1792 433 Ad
1809 397 1919 433 verba

122 464 296 500 Fabricii:
336 476 423 510 „ego
450 465 486 499 in
512 475 591 499 mea
617 464 742 510 genesi
769 464 1001 499 directionem
1029 467 1068 505 Θ
1095 463 1141 499 ad
1171 465 1199 505 d
1228 462 1423 507 plurimum
1446 461 1589 501 timeo“‚
1613 456 1800 503 respondit
1825 456 1920 500 Kep-

119 523 236 559 lerus:
282 520 315 560 O
347 528 385 560 te
417 522 598 559 miserum
632 527 669 559 ct
701 519 915 559 infelicem!
959 521 1025 570 qui
1063 525 1121 558 tot
1147 520 1230 568 Jam
1261 519 1355 557 meis
1394 515 1710 556 instructionibus
1748 512 1920 550 nondum

118 581 275 619 liberari
307 586 418 630 potes
442 592 466 617 a
486 584 590 617 metu
623 579 857 626 directionis,
891 580 982 628 quin
1016 583 1054 617 et
1086 577 1273 616 orandum
1295 578 1366 615 tibi
1386 581 1513 626 putas,
1545 586 1593 613 ne
1616 574 1744 612 animo
1765 575 1918 609 noceat.

119 639 346 678 Benesaciat
366 639 474 676 Deus
507 643 596 676 tuac
628 639 792 686 animae,
826 642 995 676 ceterum
1026 641 1069 675 ut
1099 636 1285 686 impediat
1308 635 1569 682 directionem,
1601 644 1649 671 ne
1680 631 1737 669 illi
1767 633 1918 677 noceat,

119 696 215 735 nihil
249 703 307 735 est
336 708 508 735 necesse.

258 764 435 798 Desumta
459 762 548 797 haec
573 766 658 796 sunt
684 772 727 796 ex
753 761 916 806 epistolis
944 761 1034 797 datis
1061 762 1095 795 7.
1119 760 1308 796 Februarii
1333 761 1424 796 1604
1449 763 1485 795 et
1510 759 1567 796 11.
1593 758 1672 794 Oct.
1696 757 1799 800 1605,
1826 764 1919 799 quae

120 831 228 856 manu
253 821 400 866 Kepleri
427 821 515 855 satis
541 819 687 854 minutis
714 819 827 855 literis
853 820 1009 864 scriptae
1035 819 1217 863 complent
1240 824 1336 855 totas
1355 820 1398 855 54
1416 819 1566 864 paginas
1590 817 1627 852 in
1652 815 1750 851 folio.
1791 815 1919 849 Insunt

116 879 172 913 his
197 879 360 924 epistolis
385 883 530 923 praeter
553 878 752 922 praemissa
775 877 846 913 alia
870 877 995 922 multa,
1022 888 1175 922 quorum
1198 882 1339 923 partem
1364 878 1420 913 his
1446 886 1692 912 recensemus:
1721 874 1764 909 de
1789 877 1920 907 natura

116 942 346 982 cometarum,
365 937 408 972 de
426 936 700 980 meteorologia,
720 936 764 971 de
782 935 924 978 animis,
944 935 987 970 de
1004 940 1186 981 magnete3
1215 946 1418 981 apogaeum
1436 934 1591 978 Saturni,
1617 933 1745 968 Lunae
1762 930 1918 974 theoria,

115 994 210 1030 Solis
237 995 502 1040 eccentricitas3
531 1006 597 1036 „an
625 995 722 1029 calor
749 998 783 1029 ct
808 994 871 1029 lux
898 994 944 1028 sit
968 993 1173 1029 vehiculum
1197 994 1369 1030 virtutum
1395 992 1648 1029 sider·alium“?
1675 989 1852 1035 quaedam
1870 986 1915 1020 de

115 1053 270 1089 motibus
289 1054 438 1089 Veneris
460 1057 495 1088 et
512 1053 692 1097 Mercurii,
712 1052 756 1087 de
772 1052 991 1087 Ptolemaeo.
1019 1053 1233 1096 (Inspiciatur
1249 1055 1316 1089 vol.
1334 1056 1361 1088 Ι.
1379 1065 1413 1095 p.
1432 1054 1628 1093 342—357,
1646 1052 1705 1084 111.
1724 1045 1914 1089 57—107.)

251 1123 552 1159 Maestlinum
578 1123 640 1168 (ab
666 1133 759 1157 anno
788 1123 877 1158 1600
901 1122 973 1158 huc
999 1133 1115 1167 usque
1139 1123 1323 1167 silentem)
1348 1122 1403 1158 bis
1428 1122 1516 1157 adiit
1533 1122 1710 1167 Keplerus
1728 1123 1798 1158 hoc
1823 1134 1917 1159 anno

115 1184 182 1225 (20.
210 1183 291 1218 Jan.
320 1188 355 1218 et
382 1182 435 1217 14.
461 1183 580 1226 Dec.).
629 1183 670 1217 In
695 1181 876 1226 prioribus
902 1181 1015 1216 literis
1050 1182 1142 1226 petit
1167 1192 1188 1215 a
1206 1181 1418 1227 Maestlino,
1454 1185 1494 1216 ut
1518 1182 1563 1216 ad
1590 1192 1627 1216 se
1652 1182 1771 1218 mittat
1796 1188 1920 1228 „quot-

114 1250 255 1284 cunque
282 1241 453 1285 partiales
482 1241 645 1276 defectus
671 1241 796 1275 Lunae
823 1239 1053 1284 consignatos
1079 1239 1257 1283 habeat“,
1294 1240 1425 1284 quibus
1449 1239 1517 1284 ipsi
1543 1249 1632 1284 opus
1665 1240 1711 1276 sit
1735 1242 1781 1277 ad
1806 1242 1917 1277 refor-

114 1298 280 1333 mandam
305 1300 432 1334 Lunae
459 1299 635 1334 theoriam
661 1299 918 1344 Tychonicam.
968 1299 1011 1333 In
1037 1298 1300 1344 posterioribus
1333 1297 1475 1333 scribit:
1502 1296 1853 1335 InCommentariis
1871 1297 1917 1336 de

113 1355 282 1393 motibus
314 1355 450 1393 Martis
483 1357 515 1393 si
547 1367 654 1393 meos
687 1356 841 1394 labores
865 1367 1052 1403 cerneres,
1086 1356 1224 1404 opinor
1245 1353 1283 1391 id
1307 1353 1467 1402 diceres,
1503 1354 1606 1403 quod
1628 1367 1687 1393 res
1711 1360 1768 1393 est
1790 1356 1918 1404 quod-

114 1426 188 1463 que
222 1415 340 1452 etiam
380 1414 426 1452 de
458 1413 608 1464 Optieis
647 1413 773 1453 dicere
805 1419 843 1452 te
875 1425 952 1452 non
985 1413 1140 1461 dubito,
1180 1424 1240 1451 ine
1282 1412 1432 1451 scilicet
1470 1424 1549 1450 non
1585 1425 1671 1452 raro
1702 1413 1848 1452 nodum
1879 1416 1918 1452 in

113 1473 240 1521 scirpo
273 1484 468 1521 quaerere.
531 1472 608 1510 Cur
639 1484 729 1522 ergo
762 1483 839 1511 non
871 1473 1132 1511 communicas
1164 1482 1315 1510 mecum
1355 1482 1422 1520 per
1452 1470 1615 1509 literas‘.>
1666 1471 1792 1522 Saepe
1823 1473 1917 1510 mihi

113 1543 189 1569 non
222 1532 409 1580 cogitanti
442 1533 575 1580 inepta
606 1531 728 1569 multa
760 1532 996 1579 obveniunt,
1030 1542 1130 1580 quae
1161 1541 1229 1579 per
1261 1529 1394 1567 literas
1426 1530 1616 1568 ventilata
1646 1530 1760 1569 facile
1792 1543 1917 1581 agno-

112 1601 271 1627 scerem.
334 1588 469 1627 Omnis
501 1601 609 1628 meus
639 1590 754 1628 labor
785 1591 825 1627 in
857 1589 931 1628 hoe
964 1594 1034 1638 est,
1066 1595 1111 1627 ut
1138 1589 1220 1638 jam
1251 1599 1365 1638 porro
1399 1599 1445 1626 ex
1476 1589 1655 1637 genuinis
1687 1591 1816 1627 causis
1838 1594 1917 1628 tam

112 1649 365 1697 aequationes
397 1650 563 1687 eccentri
593 1649 733 1697 Justas,
769 1660 886 1698 quam
919 1647 1125 1686 distantias
1157 1651 1366 1686 exstruam.
1407 1646 1561 1686 Proseci
1593 1652 1722 1686 autem
1753 1660 1820 1697 per
1841 1648 1916 1687 Dei

111 1707 277 1756 gratiam
307 1718 353 1745 eo
385 1719 521 1756 usque,
556 1713 597 1744 ut
627 1719 705 1745 non
738 1706 827 1756 plus
860 1707 1035 1745 aberrem
1067 1707 1106 1742 in
1139 1717 1216 1744 uno
1249 1717 1364 1754 quam
1397 1706 1436 1742 in
1458 1704 1579 1744 altero
1605 1711 1808 1755 certusque
1830 1708 1915 1755 sim,

112 1772 316 1813 utrumque
347 1766 396 1803 ab
430 1765 566 1803 eadem
596 1765 806 1816 hypothesi
837 1765 1041 1815 proficisci,
1076 1776 1121 1802 ac
1142 1763 1303 1814 proinde
1326 1774 1402 1801 non
1423 1774 1539 1813 posse
1562 1776 1646 1803 esse
1671 1776 1783 1812 vana,
1816 1777 1916 1814 quae

112 1823 159 1862 de
191 1824 398 1862 virtutibus
431 1824 657 1862 metricibus
690 1823 845 1874 disputo
868 1853 877 1862 .
900 1855 908 1864 .
932 1856 940 1864 .
965 1853 976 1863 .
1017 1822 1256 1862 Tabularum
1289 1823 1477 1860 rationem
1503 1823 1585 1872 jam
1607 1824 1714 1861 inivi.
1775 1823 1915 1863 Habeo

111 1882 249 1920 Martis
282 1882 448 1930 tabulas,
482 1895 527 1921 ex
560 1883 701 1932 quibus
733 1893 810 1921 uno
844 1881 904 1921 die
936 1881 1184 1932 ephemerida
1206 1880 1361 1920 conficit
1393 1880 1557 1930 diligens
1589 1881 1730 1932 aliquis
1737 1910 1914 1921 ......

110 1941 212 1978 Puto
244 1952 304 1978 me
337 1940 486 1991 aliquid
519 1946 782 1990 consecutum,
815 1945 854 1979 et
885 1952 972 1979 cum
1003 1939 1194 1979 interdum
1228 1939 1274 1978 de
1296 1939 1522 1978 valetudine
1544 1951 1677 1990 angar,
1711 1940 1916 1979 consilium

111 2000 194 2048 cepi
227 2010 336 2048 opus,
370 1999 473 2049 quod
506 1999 617 2038 edere
648 2004 779 2047 vetor,
819 1999 924 2049 apud
955 1998 1196 2037 academiam
1228 1997 1432 2048 deponere.
1467 2002 1509 2045 (v.
1531 2013 1557 2037 s.
1576 2014 1612 2044 p.
1630 2001 1723 2044 757.)
1778 1998 1914 2038 Refer-

108 2062 190 2095 tum
221 2063 279 2095 est
301 2059 537 2097 creberrimis
569 2063 607 2096 et
638 2057 858 2096 lectissimis
888 2058 1085 2107 Tyehonis
1119 2056 1470 2096 observationibus.
1518 2055 1560 2094 Si
1592 2056 1793 2095 levissima
1825 2069 1914 2107 spes

110 2121 212 2153 esset
235 2114 280 2153 de
302 2116 556 2166 Tengnaglio,
591 2116 695 2165 quod
718 2115 866 2166 aliquid
887 2118 938 2154 sit
958 2116 1210 2165 perfecturus,
1242 2115 1338 2153 nihil
1371 2126 1469 2165 opus
1502 2125 1586 2153 esse
1617 2120 1795 2164 putarem
1826 2128 1913 2155 meo

107 2173 268 2212 consilio
291 2174 526 2225 Tyehonieis
549 2176 778 2214 observatis.
822 2176 874 2212 At
895 2174 1007 2213 crede
1029 2174 1135 2222 mihi,
1169 2185 1247 2212 non
1268 2175 1338 2212 abs
1358 2185 1398 2212 re
1429 2178 1573 2221 metuo,
1607 2185 1654 2212 ne
1687 2186 1764 2224 quo
1796 2179 1911 2225 pacto

108 2232 282 2271 desertae
314 2239 485 2283 pereant.
550 2233 705 2283 Quaeso
738 2233 832 2284 quid
862 2233 934 2271 tibi
965 2233 1096 2280 animi,
1130 2233 1164 2270 si
1185 2232 1381 2283 Tyehonis
1413 2232 1500 2271 loeo
1523 2243 1627 2271 esses
1660 2238 1699 2272 et
1730 2234 1805 2273 ista
1827 2245 1910 2272 eer-

107 2303 231 2339 neres,
263 2304 312 2330 an
344 2295 461 2331 etiam
491 2304 736 2332 succenseres
768 2292 863 2330 mihi
892 2291 967 2330 hoc
997 2302 1140 2330 ausuro
1173 2291 1278 2342 quod
1309 2291 1446 2341 agito?

245 2358 460 2394 Maestlinus
486 2360 673 2404 respondit
697 2359 792 2404 (Jan.
818 2359 940 2402 1605):
967 2358 1048 2395 Etsi
1072 2359 1247 2394 haetenus
1273 2369 1338 2404 per
1363 2360 1500 2405 aliquot
1536 2370 1649 2396 annos
1675 2370 1741 2404 ego
1766 2360 1802 2395 in
1828 2360 1911 2395 scri-

106 2415 226 2451 bendo
253 2417 395 2461 segnior
420 2417 561 2462 fuerim,
587 2418 640 2453 tui
665 2422 786 2452 tamen
811 2418 918 2452 animi
944 2417 1225 2462 perseverantia,
1252 2417 1369 2462 pictas
1388 2428 1559 2463 amorque
1577 2418 1762 2462 candidus,
1790 2429 1911 2462 quam-

108 2485 214 2520 quam
241 2476 285 2510 ad
313 2486 391 2511 eam
416 2476 549 2520 gradus
577 2480 613 2511 et
638 2477 817 2511 honorum
843 2476 1073 2512 eminentiam
1098 2477 1148 2512 sis
1174 2481 1330 2520 evectus,
1358 2477 1454 2513 unde
1471 2488 1527 2513 me
1546 2477 1731 2522 despicere
1750 2478 1779 2512 si
1800 2476 1910 2512 velles

108 2544 246 2578 posses,
274 2545 345 2569 non
371 2534 619 2580 elanguerunt,
648 2534 711 2569 sed
736 2534 846 2569 firmis
872 2535 1036 2571 nituntur
1061 2535 1195 2570 fulcris.
1230 2535 1344 2579 Quam
1370 2536 1501 2571 amoris
1520 2536 1760 2571 constantiam
1785 2535 1910 2579 utique

108 2592 241 2626 multus
268 2592 446 2635 praedico.
496 2593 627 2628 Verum
654 2604 746 2637 quae
771 2594 1028 2637 impedimenta
1052 2593 1176 2629 literas
1202 2604 1300 2629 meas
1326 2594 1500 2629 haetenus
1526 2593 1797 2637 interceperint,
1824 2592 1908 2628 nolo

109 2661 309 2694 recensere,
335 2651 405 2685 hoc
431 2657 594 2697 excepto,
622 2653 718 2698 quod
746 2662 838 2696 quae
863 2651 928 2686 tibi
952 2652 1207 2687 mathematico
1234 2652 1536 2687 excellentissimo
1562 2651 1737 2694 condigne
1762 2660 1909 2695 respon-

109 2709 241 2753 derem,
269 2714 308 2745 ut
333 2710 526 2755 plurimum
547 2722 618 2746 non
636 2710 759 2745 habui.
800 2710 911 2745 Verbi
929 2720 1038 2744 causa
1063 2709 1216 2755 eclipses
1243 2710 1452 2745 observatas
1471 2721 1491 2745 a
1509 2720 1564 2744 me
1589 2709 1736 2754 petiisti.
1774 2709 1907 2744 Verum

107 2779 213 2811 quam
232 2778 370 2812 paucae
397 2767 480 2802 illae
507 2768 589 2811 sint,
617 2768 715 2802 dolet
741 2772 776 2803 et
799 2767 911 2803 ferme
927 2767 1040 2811 pudet
1056 2778 1113 2802 me
1140 2767 1268 2802 dicere.
1304 2768 1444 2802 Deinde
1469 2767 1574 2802 fateri
1601 2777 1728 2811 cogor,
1755 2770 1794 2802 tu
1820 2778 1906 2802 non-

106 2836 288 2869 nunquam
315 2825 532 2869 sublimiora,
547 2836 653 2869 quam
669 2825 797 2869 quibus
815 2825 995 2869 ingenium
1010 2829 1044 2860 et
1059 2826 1211 2861 eruditio
1230 2836 1309 2861 mea
1326 2826 1533 2861 satisfacere
1550 2825 1681 2870 valent,
1697 2827 1905 2870 quaerebas.

106 2884 148 2918 In
172 2884 272 2918 libris
291 2884 361 2918 tuis
381 2882 590 2918 sublimiora
608 2883 849 2924 continentur,
877 2894 983 2927 quam
1007 2883 1051 2919 de
1070 2884 1198 2927 quibus
1217 2892 1283 2928 ego
1306 2883 1480 2927 judicium
1499 2882 1585 2917 mihi
1603 2893 1742 2918 sumere
1760 2885 1904 2920 aussim.

108 2942 187 2986 Ego
214 2941 388 2986 pleraque
414 2952 493 2976 cum
521 2940 759 2976 delectatione
786 2941 866 2985 lego
892 2946 1062 2986 tuamque
1088 2941 1262 2985 insignem
1289 2941 1526 2976 eruditionem
1552 2945 1588 2975 et
1613 2941 1793 2977 eruendae
1819 2943 1906 2977 veri-

106 3000 192 3035 tatis
218 3000 384 3044 pertinax
410 3000 626 3034 desiderium
652 2999 863 3044 felicemque
889 3010 1097 3035 successum
1123 2999 1280 3035 admiror
1281 3026 1400 3037 .....
1436 3000 1607 3036 Gratulor
1624 3001 1853 3037 vehementer
1869 3008 1905 3038 et

107 3058 263 3103 gaudeo,
297 3060 425 3094 Martis
456 3061 591 3094 motum
626 3058 696 3094 huc
728 3070 843 3104 usque
870 3069 890 3094 a
916 3063 953 3095 tc
986 3059 1220 3095 constrictum
1254 3061 1362 3103 teque
1393 3058 1510 3103 ipsum
1539 3069 1653 3105 prope
1690 3059 1902 3098 debellasse.

107 3117 148 3152 In
174 3117 301 3153 ceteris
327 3117 514 3154 consilium
539 3120 642 3153 tuum
666 3117 792 3163 probo.
