2126 3388
906 162 1009 201 1613.
1765 163 1848 209 825

54 280 250 317 Odontium
275 280 423 327 datae*)
451 292 523 317 non
548 291 590 316 eo
617 281 733 316 animo
752 291 772 315 a
790 290 845 315 me
871 283 956 314 sunt
982 279 1148 324 scriptae,
1174 282 1214 314 ut
1238 277 1372 323 publici
1392 279 1485 325 juris
1511 280 1587 315 fieri
1613 280 1758 325 vellem,
1785 281 1850 317 3011

53 343 212 388 privatus
238 342 376 386 privato
404 341 500 386 quod
525 345 612 375 tunc
630 338 801 385 temporis
821 342 898 372 erat
916 348 1033 372 mcum
1052 337 1277 382 propositum
1295 337 1388 373 bono
1408 340 1524 375 animo
1544 340 1675 375 detexi.
1717 340 1849 375 Verum

54 401 85 436 si
109 401 312 443 scivissem,
339 394 399 435 eas
427 404 662 445 perventuras
688 399 724 432 in
750 408 876 432 manus
902 402 1000 438 tuas,
1032 402 1159 442 utpote
1185 397 1253 431 viri
1279 397 1419 441 ingenio
1447 398 1679 433 subtilissimo
1705 402 1741 433 et
1766 410 1850 433 acu-

53 459 190 494 tissimo
216 458 380 504 praediti,
406 459 514 502 longe
539 458 644 492 aliter
669 467 729 493 eas
757 456 1006 491 informassem
1011 482 1133 492 .....
1183 455 1337 497 Α330113,
1362 467 1407 492 110
1432 457 1571 492 literam
1597 458 1740 502 quidem
1768 468 1851 492 con-

52 517 158 552 tineri
181 517 217 551 in
244 516 374 559 Sacris,
401 527 473 561 qua
499 516 650 561 physica
677 517 889 560 doceantur,
924 515 1021 559 quod
1046 515 1143 560 apud
1169 526 1225 550 me
1250 515 1354 550 valde
1381 520 1436 550 est
1467 516 1688 560 ambiguumz
1717 526 1850 560 quaero

55 579 170 619 exte,
197 586 243 610 an
277 575 430 619 primum
464 579 574 619 caput
602 573 783 609 Geneseos
816 585 886 609 non
917 573 1066 619 physica
1100 574 1252 609 doceat?
1293 574 1385 608 Nam
1412 574 1446 608 in
1482 586 1522 609 eo
1556 575 1673 619 capite
1698 574 1852 609 habetur

53 634 199 680 aliquid,
226 635 322 679 quod
346 634 445 669 nulla
462 634 612 678 ratione,
640 639 679 668 ut
699 634 836 678 opinor,
863 644 943 668 cum
960 633 1159 668 mobilitate
1179 633 1311 668 Terrae
1329 632 1515 668 conciliari
1533 637 1664 678 potest.
1707 633 1850 668 Cetero-

54 693 141 737 quin
165 703 232 737 ego
265 692 372 737 plane
404 693 562 727 admiror
593 697 674 726 tuas
709 692 847 727 divinas
875 695 911 726 et
936 690 1134 736 stupendas
1167 691 1457 734 adinventiones,
1491 701 1579 735 quas
1605 692 1641 725 in
1668 691 1852 727 Commen-

53 751 144 785 tario
173 751 215 786 de
242 741 397 785 motibus
416 750 543 785 Martis
569 749 766 795 publicasti
788 754 822 784 et
848 760 930 784 vere
957 754 992 784 te
1018 750 1132 785 virum
1158 755 1193 785 et
1218 756 1460 785 astronomum
1488 750 1674 794 physicum
1699 749 1852 794 praesti-

53 809 142 845 tisti.
191 809 273 844 Non
301 819 365 853 ego
391 809 421 844 is
448 820 537 851 sum,
564 808 625 852 qui
651 808 860 852 simpliciter
883 818 1020 853 negem,
1047 818 1103 842 me
1129 819 1287 852 unquam
1311 808 1347 842 in
1366 809 1619 843 astronomiam
1638 808 1852 843 Aristarchi-

53 878 132 902 cam
158 877 419 902 consensurum
445 877 536 909 esse,
562 866 625 902 sed
651 867 719 901 1100
745 866 872 902 saltem
900 867 998 910 dico,
1026 866 1184 901 nondum
1212 878 1334 902 omnes
1362 867 1550 912 scrupulos
1576 867 1662 902 mihi
1689 867 1851 901 ademtos

54 936 202 962 0330...
222 951 231 960 .
279 925 418 970 Arripis
455 925 724 960 observationes
757 935 854 960 meas
880 926 917 960 in
950 926 1107 961 motibus
1136 932 1291 969 quatuor
1315 926 1415 961 Jovis
1453 925 1726 968 circulatorum,
1762 936 1851 969 quos

52 991 171 1021 motus
198 986 251 1020 sui
278 984 498 1030 aequalitate
531 988 693 1019 centrum
719 984 847 1019 Jovem
873 989 909 1019 et
939 994 1004 1029 per
1038 995 1262 1029 consequens
1297 985 1404 1020 etiam
1431 984 1550 1018 Solem
1583 984 1760 1028 respicere
1793 983 1851 1020 de-

52 1044 246 1089 prehendi,
281 1049 315 1078 01
340 1043 469 1088 infers,
505 1043 560 1078 vel
586 1043 670 1078 hinc
696 1043 783 1078 satis
810 1048 997 1087 constare,
1033 1043 1152 1078 Solem
1178 1055 1249 1078 11011
1281 1047 1420 1078 tantum
1454 1043 1695 1088 planetarum,
1729 1042 1791 1079 sed
1817 1048 1853 1078 et

51 1103 162 1137 totius
187 1101 427 1137 universitatis
454 1107 615 1137 centrum
641 1101 805 1136 existere.
841 1102 945 1145 (Haec
970 1113 1035 1134 non
1064 1104 1149 1134 dixit
1167 1104 1341 1145 Keplerus.
1393 1103 1458 1135 Cfr.
1487 1103 1548 1134 vol.
1570 1105 1612 1137 11.
1639 1115 1674 1146 p.
1700 1106 1767 1136 475
1794 1105 1852 1135 lin.

53 1165 73 1195 6
93 1162 148 1205 ss.)
181 1160 229 1196 At
246 1173 318 1196 non
337 1161 514 1205 sequitur:
542 1161 684 1205 Jupiter
701 1172 781 1195 cum
799 1160 872 1195 suis
894 1161 1042 1196 asseclis
1062 1161 1211 1206 respicit
1229 1161 1347 1196 Solem
1364 1164 1534 1204 tanquam
1562 1166 1741 1204 centrum,
1767 1171 1851 1204 ergo

53 1219 116 1254 Sol
143 1225 198 1254 est.
224 1225 384 1255 centrum
410 1220 520 1254 totius
546 1219 714 1255 universi.
764 1220 840 1254 Imo
867 1229 930 1262 ego
951 1219 1126 1263 existimo,
1153 1219 1249 1254 hunc
1274 1219 1446 1254 mundum
1478 1219 1653 1255 Jovialem
1679 1218 1854 1263 refragari

51 1279 211 1324 opinioni
238 1278 515 1323 Copernicanae.
566 1277 672 1322 Quod
705 1279 741 1312 in
773 1282 876 1322 parte
906 1278 966 1322 fit,
999 1278 1035 1312 in
1061 1278 1192 1313 Joviali
1226 1277 1375 1323 mundo,
1410 1289 1473 1312 cur
1504 1278 1593 1312 illud
1625 1279 1662 1312 in
1695 1281 1791 1320 toto,
1818 1276 1852 1311 in

48 1336 181 1372 mundo
208 1336 316 1371 solari
341 1336 610 1381 improbemus?
659 1336 707 1372 Ut
731 1337 783 1371 ita
806 1337 949 1382 Jupiter
975 1338 1021 1372 sit
1047 1338 1152 1382 quasi
1177 1336 1268 1372 alter
1295 1337 1374 1380 Sol,
1404 1341 1439 1371 et
1465 1337 1764 1382 quemadmodum
1790 1337 1852 1372 Ju-

50 1396 144 1441 piter
170 1400 224 1430 est
249 1396 410 1440 mobilis,
443 1395 539 1441 quod
564 1396 687 1439 negari
719 1407 790 1430 non
824 1401 962 1440 potest,
998 1402 1032 1431 et
1059 1396 1290 1432 nihilominus
1318 1407 1401 1432 suos
1436 1397 1592 1431 asseclas
1619 1400 1773 1441 quatuor
1799 1406 1853 1431 se-

52 1465 129 1490 cum
157 1454 361 1489 circumfert
388 1464 432 1489 ex
458 1454 612 1489 naturali
638 1455 916 1489 concomitantia
943 1456 999 1499 (ut
1026 1455 1133 1490 verbo
1160 1456 1339 1499 Tychonis
1365 1458 1480 1498 utar),
1513 1456 1564 1489 ita
1589 1454 1650 1490 Sol
1676 1454 1853 1498 angustis-

51 1513 178 1547 simum
192 1513 378 1548 circuitum
391 1514 485 1548 circa
499 1513 646 1547 Terram
663 1513 799 1548 faciens
815 1524 936 1550 secum
953 1514 1180 1550 circumferat
1199 1515 1355 1559 quinque
1368 1525 1452 1549 suos
1473 1514 1656 1558 satellites,
1677 1514 1854 1558 planetas.

50 1571 245 1606 Praeterea
270 1572 338 1606 hae
363 1582 464 1606 meae
498 1572 766 1606 observationes
792 1573 998 1608 nullatenus
1024 1578 1188 1618 pugnant
1214 1584 1293 1609 cum
1319 1574 1478 1619 generali
1503 1573 1696 1618 hypothesi
1714 1573 1854 1618 Tycho-

51 1630 118 1672 nis,
143 1635 252 1674 prout
275 1630 428 1675 ipsemet
454 1630 559 1666 facile
586 1631 789 1675 intelligere
815 1637 931 1677 potes,
958 1637 998 1666 ut
1024 1632 1079 1666 cui
1107 1642 1149 1666 ea
1175 1636 1229 1666 est
1248 1632 1433 1666 notissima
1439 1658 1560 1669 .....
1601 1633 1739 1667 Rumor
1758 1631 1854 1676 apud

51 1699 117 1723 nos
143 1692 208 1733 est,
239 1688 383 1723 comitia
407 1690 644 1734 Noribergam
676 1689 929 1725 transferenda
962 1690 1006 1724 ob
1038 1694 1180 1734 pestem
1205 1690 1426 1726 Ratisbonae
1459 1694 1696 1736 grassantem.
1748 1689 1852 1734 Quod

53 1747 83 1782 si
106 1747 157 1792 fit,
185 1747 284 1782 brevi
309 1753 429 1783 tecum
454 1759 514 1784 ero
542 1749 598 1783 vel
622 1753 662 1783 tu
688 1760 828 1784 mecum
855 1749 913 1784 hic
940 1748 1126 1785 Onoldiae.
1153 1769 1196 1772 -

188 1806 267 1841 Hoc
291 1807 516 1851 propositum
541 1807 724 1851 peregisse
749 1807 914 1851 Marium,
942 1818 1058 1851 neque
1084 1817 1168 1841 vero
1189 1807 1410 1851 Noribergae
1436 1807 1500 1842 sed
1517 1807 1739 1842 Ratisbonae
1756 1807 1853 1852 Kep-

51 1863 165 1899 lerum
191 1864 368 1909 visitasse,
393 1865 472 1908 ipse
496 1864 606 1900 refert
632 1865 667 1899 in
694 1866 838 1901 Illzmdo
864 1867 1007 1902 Joviah·
1037 1866 1103 1901 sub
1130 1865 1235 1900 finem
1261 1866 1374 1910 partis
1400 1867 1554 1910 primae,
1583 1865 1626 1900 (10
1651 1865 1854 1901 nominibus

52 1913 174 1967 agens,
202 1932 293 1966 quae
312 1922 504 1958 tribuenda
523 1923 593 1958 sint
609 1924 709 1959 Jovis
728 1924 963 1960 satellitibus:
990 1935 1062 1959 11011
1081 1924 1182 1969 male,
1210 1925 1336 1970 inquit,
1364 1925 1493 1960 fecisse
1511 1925 1645 1969 videor,
1666 1925 1695 1959 si
1715 1924 1851 1969 primus

52 1993 73 2016 a
97 1992 152 2016 me
178 1988 327 2017 vocetur
351 1982 408 2026 Jo,
435 1982 615 2018 secundus
640 1983 801 2029 Europa,
828 1989 978 2028 quartus
1000 1984 1146 2028 Calisto,
1173 1984 1326 2020 feminae
1351 1983 1518 2028 virgines,
1545 1994 1696 2027 quarum
1721 1982 1853 2017 furtivo

52 2051 173 2076 amore
199 2041 344 2085 Jupiter
369 2046 496 2086 captus
529 2047 564 2076 et
596 2042 733 2086 potitus
760 2046 826 2086 est,
853 2043 981 2078 tertius
1008 2053 1091 2077 vero
1120 2042 1364 2087 Ganymedes,
1400 2052 1490 2086 puer
1514 2041 1712 2086 formosus,
1747 2051 1851 2085 quem

52 2098 250 2144 impensius
276 2100 408 2136 amavit
433 2106 469 2136 et
492 2101 525 2136 in
556 2100 694 2136 coelum
720 2102 991 2146 transportavit,
1017 2105 1126 2145 prout
1150 2100 1362 2135 fabulantur
1387 2104 1526 2144 poetae.
1569 2100 1661 2135 Huic
1684 2100 1855 2145 figmento

53 2162 90 2192 et
113 2158 341 2202 propriorum
366 2158 548 2193 nominum
573 2159 794 2204 impositioni
820 2161 1046 2195 occasionem
1078 2159 1244 2205 praebuit
1269 2160 1312 2196 D.
1339 2159 1535 2205 Keplerus,
1563 2159 1706 2204 quando
1732 2169 1854 2194 mense

52 2216 199 2252 Octobri
224 2218 308 2252 anni
337 2218 424 2254 1613
451 2218 674 2254 Ratisbonae
704 2219 740 2254 in
776 2219 927 2255 comitiis
961 2231 1033 2255 una
1065 2230 1218 2256 eramus.
1269 2220 1387 2264 Quare
1414 2219 1444 2253 si
1468 2229 1533 2263 per
1562 2217 1686 2261 jocum
1721 2222 1757 2252 et
1790 2228 1854 2262 per

53 2277 245 2312 amicitiam
281 2276 376 2312 inter
400 2288 466 2312 nos
493 2283 578 2312 tunc
612 2277 738 2313 initam
769 2278 870 2314 illum
906 2283 1121 2324 compatrem
1155 2279 1284 2314 horum
1316 2277 1473 2313 siderum
1501 2276 1721 2321 salutavero,
1756 2275 1854 2311 haud

53 2335 145 2371 male
170 2335 301 2371 fecero.
329 2355 372 2361 —
1823 2332 1826 2335 ’

193 2394 413 2429 Ratisbonae
446 2398 609 2430 versatus
635 2395 813 2440 Keplerus
839 2396 932 2431 Solis
964 2396 1122 2431 maculas
1157 2397 1377 2441 observavit,
1408 2397 1499 2431 haec
1532 2395 1568 2429 in
1593 2394 1855 2431 Admonitione

54 2453 104 2489 ad
127 2453 386 2498 Astronomos,
421 2464 492 2498 qua
517 2453 683 2490 hortatur
709 2455 976 2494 observatores.
1009 2460 1048 2490 ut
1073 2455 1200 2491 intenti
1235 2455 1306 2491 sint
1329 2455 1366 2490 in
1391 2454 1540 2490 Veneris
1572 2453 1762 2488 transitum
1788 2452 1853 2486 sub

195 2584 222 2621 *)
248 2584 412 2615 Odontius
440 2585 470 2615 (1.
500 2586 555 2617 25.
581 2586 665 2620 Nov.
693 2587 783 2618 1611
811 2586 890 2617 haec
914 2587 1000 2617 inter
1025 2586 1091 2617 alia
1118 2587 1293 2627 scripserat
1312 2584 1470 2627 Keplero:
1500 2584 1625 2615 Marius
1643 2584 1725 2614 mihi
1742 2583 1850 2623 refert,

55 2642 89 2663 se
115 2630 217 2663 finem
243 2630 371 2660 lunaris
397 2632 532 2671 eclipsis
558 2642 668 2663 mense
693 2633 868 2664 Decembri
899 2635 989 2665 1610
1016 2634 1228 2664 exactissime
1255 2634 1444 2663 observasse
1470 2632 1502 2663 h.
1523 2633 1555 2664 5.
1575 2630 1632 2662 23¹
1649 2641 1682 2672 p.
1710 2630 1851 2660 mediam

54 2682 184 2709 noctem
210 2679 430 2708 instrumento
456 2687 541 2708 novo
569 2678 725 2712 Galilaei,
760 2679 886 2710 Eadem
913 2682 1012 2710 etiam
1041 2681 1119 2710 hora
1144 2680 1266 2709 vidisse
1294 2688 1404 2709 omnes
1425 2681 1564 2717 quatuor
1590 2678 1729 2707 asseclas
1747 2677 1851 2716 Jovis,

55 2726 137 2756 duos
164 2725 342 2755 orientales
369 2727 401 2754 et
427 2725 509 2755 duos
536 2725 757 2756 occidentales
791 2726 1015 2767 pulcherrime
1042 2731 1074 2756 et
1100 2726 1321 2758 exactissime.
1372 2724 1437 2763 Qui
1464 2726 1641 2755 maximam
1677 2724 1851 2761 digressio-

55 2781 129 2802 nem
154 2782 172 2802 a
196 2771 279 2801 Jove
305 2772 404 2810 facit,
431 2780 524 2801 suam
549 2772 724 2811 periodum
749 2773 921 2803 absolvere
948 2774 1056 2812 spatio
1085 2775 1127 2804 16
1155 2772 1297 2813 dierum,
1333 2772 1368 2801 in
1393 2772 1481 2801 horis
1507 2770 1654 2800 nondum
1680 2771 1745 2800 sibi
1772 2780 1850 2801 con-

55 2822 156 2857 stare3
183 2819 218 2848 in
244 2818 360 2848 ceteris
388 2827 456 2847 esse
483 2819 746 2848 observationem
772 2819 1031 2857 intricatiorem,
1068 2823 1184 2860 putare
1217 2822 1325 2848 tamen
1359 2827 1449 2857 sese,
1487 2826 1560 2846 eum
1587 2818 1644 2857 qui
1671 2817 1850 2847 secundum

54 2875 73 2895 a
97 2867 238 2895 maxime
264 2868 388 2894 remoto
414 2865 522 2894 10011111
551 2865 689 2905 obtinet,
718 2866 760 2895 10
778 2865 829 2894 vel
857 2868 897 2896 11
919 2866 1035 2895 diebus
1059 2865 1233 2906 periodum
1260 2873 1359 2893 unam
1385 2864 1563 2895 absolvere.
1603 2863 1712 2903 Prope
1730 2863 1849 2894 ι1010111

54 2921 124 2942 0330
150 2912 336 2942 celerrimae
361 2911 567 2951 variationis,
596 2914 628 2940 at
651 2912 687 2940 in
713 2911 857 2941 maxima
883 2913 1063 2941 remotione
1089 2912 1185 2952 quasi
1212 2914 1296 2940 stare
1321 2909 1436 2941 videri.
1471 2909 1562 2940 Hine
1589 2911 1766 2950 existimat,
1795 2921 1849 2941 eos

55 2961 147 2988 motu
173 2958 326 2989 circulari
344 2959 431 2988 circa
447 2956 566 2987 Jovem
583 2956 670 2990 ferri.
692 2975 732 2979 —-
751 2956 868 2987 Finem
888 2958 1009 2988 faciens
1027 2959 1113 2998 petit
1131 2956 1313 2988 Odontius:
1340 2956 1461 2986 Notum
1479 2957 1560 2986 milii
1581 2956 1659 2986 facit
1679 2958 1848 2995 catalogus

57 3005 218 3035 librorum
245 3005 581 3043 Francofuitensium,
606 3002 727 3034 librum
752 3005 897 3045 aliquem
923 3007 954 3034 te
981 3007 1115 3034 auctore
1139 3004 1174 3033 in
1199 3003 1365 3043 publicam
1392 3001 1499 3033 lucem
1525 3004 1679 3033 emissum
1700 3003 1738 3033 de
1757 3008 1847 3034 motu

55 3051 182 3092 Martis,
209 3052 263 3082 cui
288 3050 502 3081 describendo
530 3050 607 3080 olim
634 3054 665 3081 et
691 3060 750 3091 ego
774 3060 839 3081 non
872 3051 969 3091 plane
997 3052 1232 3088 frustraneam,
1267 3052 1302 3079 ut
1335 3051 1469 3090 opinor,
1506 3059 1639 3090 operam
1665 3051 1791 3092 locavi3
1820 3052 1848 3081 si

54 3097 140 3128 libro
165 3099 227 3128 hoc
251 3101 410 3138 tanquam
435 3106 568 3128 munere
595 3097 750 3128 donativo
777 3099 869 3128 beari
895 3098 1036 3137 possim⁷
1071 3097 1144 3137 spei
1171 3095 1250 3126 olim
1276 3096 1316 3127 de
1341 3096 1523 3127 donatione
1558 3097 1754 3137 exemplaris
1780 3106 1847 3128 nnn

54 3143 153 3187 plane
178 3144 289 3176 dubiis
313 3144 449 3176 indiciis
474 3145 556 3176 mihi
579 3143 687 3176 factae
712 3144 843 3176 abunde
867 3144 1075 3175 satisfactum
1100 3146 1261 3185 putarem.
