2157 3398
224 135 309 182 602
633 137 869 174 Summarium
894 137 1076 176 Historiae
1100 137 1354 175 Astronomiae
1378 138 1502 175 seculo
1525 138 1620 175 XVI.

224 264 313 300 quas
339 255 374 289 J.
392 255 572 291 Vernerus
598 255 643 291 ob
669 255 819 290 eandem
845 266 989 291 causam
1013 256 1131 292 finxit.
1180 257 1320 291 Lunam
1344 267 1415 291 non
1441 255 1518 291 sine
1542 255 1680 290 ratione
1705 255 1857 291 collocat
1881 257 1915 291 in
1942 255 2015 300 epi·

223 313 322 357 cyclo
349 312 515 358 epicycli,
550 317 710 348 centrum
734 313 881 349 minoris
913 314 949 349 in
984 314 1269 350 circumferentia
1301 315 1457 359 majoris.
1509 314 1674 349 Ceterum
1705 313 1863 359 adverto,
1898 318 2014 349 totum

224 371 396 406 minorem
420 371 513 405 intra
539 370 710 414 majorem
735 371 869 407 includi
895 377 1072 418 oportere,
1097 383 1142 408 ne
1167 373 1307 408 coelum
1331 377 1542 418 rumpatur,
1569 373 1600 407 si
1624 372 1661 407 id
1686 373 1911 408 commodum
1935 383 2016 408 esse

224 433 339 474 putet.
390 429 438 463 Et
464 430 630 473 quoniam
656 429 878 464 eccentricos
904 431 1007 465 orbes
1033 431 1146 475 ponit,
1173 430 1262 465 alios
1288 441 1423 474 ponere
1438 440 1587 465 necesse
1605 430 1680 471 erit,
1706 430 1766 474 qui
1791 430 2016 474 planetarum

224 487 398 532 sphaeras
431 487 675 522 concentricas
708 488 921 532 compleant.
978 489 1097 532 Quare
1127 488 1264 532 judicio
1297 499 1377 523 meo
1411 488 1447 523 id
1480 488 1595 523 solum
1630 489 1848 523 contendere
1882 489 2016 531 debuit,

224 557 379 590 quonam
407 546 571 581 videlicet
595 546 701 580 modo
728 557 772 581 ex
799 546 873 581 suis
901 550 936 580 et
961 546 1112 582 aliorum
1137 546 1446 582 observationibus
1472 547 1613 582 tabulas
1632 546 1839 582 coelestium
1857 551 2018 582 motuum

225 603 425 638 exactiores
450 603 601 638 reddere
626 608 761 648 posset,
789 603 883 647 quod
910 605 1053 649 quidem
1087 606 1231 649 assequi
1264 609 1408 649 poterat
1439 610 1563 640 octava
1598 605 1751 649 sphaera
1781 608 1900 648 mota,
1935 604 2019 639 Sole

225 662 331 695 etiam
357 666 474 706 moto,
513 661 623 696 Terra
648 666 766 697 tamen
800 662 835 696 in
862 663 977 697 medio
1003 664 1126 698 mundi
1150 663 1322 698 immobili
1348 663 1541 707 existente,
1576 667 1615 696 ut
1639 663 1675 696 in
1701 662 1878 697 communi
1903 667 2017 697 astro-

224 720 354 754 nomia.
382 740 425 744 —
452 720 568 764 Quum
593 720 687 755 inter
711 721 906 756 Lusitanos
942 725 977 755 et
1002 721 1184 765 Hispanos
1218 721 1292 756 fere
1324 732 1416 755 unus
1451 720 1620 755 laudetur
1645 721 1800 763 Nonius,
1836 719 1897 764 qui
1923 721 2017 764 alge-

222 778 365 814 braicae
390 779 520 814 rationi
548 790 692 824 operam
718 779 864 823 dederit,
892 780 1061 825 insignire
1087 780 1188 814 lubet
1220 780 1349 815 librum
1376 779 1453 824 ejus
1486 779 1715 823 inscriptum:
1749 779 1862 814 Libro
1888 778 1932 813 de
1955 779 2019 813 Al-

222 840 333 884 yebra
357 850 382 883 y
407 838 638 875 arithmetica
654 850 679 884 y
693 839 904 885 geometria.
928 842 1017 874 1567.
1046 840 1220 884 (Pluribus
1247 841 1285 871 de
1303 840 1409 871 Nonio
1436 840 1503 879 agit
1520 838 1717 870 Delambrus
1743 839 1778 869 in
1795 838 1874 871 hist.
1891 841 2017 872 astron.

224 899 353 930 mediae
379 900 497 930 aetatis
522 909 555 939 p.
583 898 790 941 398-430.)

362 955 463 989 Circa
487 955 643 990 medium
668 955 779 990 seculi
803 956 900 991 XVI.
934 955 1055 991 floruit
1089 958 1195 1000 poeta
1229 953 1490 989 astronomicus
1517 958 1552 989 et
1577 953 1740 988 Medicus
1766 953 2020 988 celeberrimus

223 1012 380 1056 Parisiis,
407 1014 638 1049 Antonius
664 1014 900 1049 Mizaldus
927 1016 966 1058 (†
987 1014 1093 1057 1578)
1119 1014 1221 1058 cujus
1247 1016 1391 1047 exstant
1416 1012 1590 1056 quaedam
1609 1012 1767 1048 carmina
1784 1012 2022 1047 astronomica

224 1076 260 1105 et
279 1071 584 1116 cosmographica.
614 1073 900 1118 (Meteorologia,
922 1073 1026 1116 15473
1053 1071 1258 1115 Aesculapii
1277 1075 1312 1105 et
1327 1071 1482 1106 Uraniae
1508 1070 1724 1114 conjugium,
1751 1070 1858 1115 15503
1894 1069 2021 1104 Plane-

223 1131 368 1175 tologia‚
400 1132 505 1176 155‘13
532 1132 586 1165 De
611 1132 733 1167 mundi
759 1132 914 1176 sphaera
931 1142 995 1166 seu
1014 1130 1314 1175 Cosmographia,
1345 1130 1444 1164 1557.
1462 1128 1596 1173 [15Tl],
1622 1128 1811 1173 Zodiacus‚
1837 1127 2021 1171 Planetae,

224 1189 412 1225 Asterismi
440 1190 556 1233 1553).
609 1190 830 1234 Conscripsit
860 1190 965 1224 etiam
999 1189 1171 1234 opuscula
1203 1187 1379 1232 quaedam
1413 1188 1573 1222 oratione
1599 1188 1719 1223 soluta
1745 1186 2022 1232 (Ephemerides

226 1248 324 1283 1554.
352 1248 651 1292 Cometographia
678 1247 777 1283 1549.
803 1249 903 1289 etc.).

361 1305 582 1349 Opusculum
608 1305 651 1339 ab
678 1311 823 1340 auctore
850 1304 1152 1350 „Ephemerides“
1186 1304 1400 1348 inscriptum
1435 1303 1485 1338 nil
1512 1303 1671 1339 continet
1695 1307 1840 1348 praeter
1863 1308 2019 1348 tempes-

222 1366 335 1398 tatum
361 1363 637 1408 descriptionem
662 1373 855 1407 earumque
882 1363 1148 1399 divinationem.
1198 1362 1398 1406 Praecepta
1433 1362 1735 1407 significationum
1761 1362 1883 1397 eadem
1909 1361 2019 1397 ferme

224 1425 318 1463 sunt,
343 1431 434 1465 quae
461 1421 594 1465 passim
619 1421 654 1455 in
676 1421 895 1456 Calendariis
922 1421 1237 1466 deprehendimus,
1267 1420 1432 1455 desumta
1458 1431 1477 1454 e
1496 1419 1589 1456 Solis
1615 1420 1871 1464 stellarumque
1896 1430 2022 1464 aspec-

223 1479 319 1514 tibus
345 1484 381 1513 et
407 1479 544 1520 colore,
580 1490 645 1514 nec
680 1491 750 1515 non
777 1491 821 1515 ex
847 1480 1051 1515 animalium
1085 1479 1309 1523 quorundam
1345 1479 1490 1525 habitu,
1524 1479 1694 1514 immixtis
1727 1479 1940 1523 quibusdam
1977 1479 2021 1513 de

223 1547 341 1571 rerum
374 1541 502 1572 natura
535 1538 713 1582 perversis
745 1538 889 1582 judiciis
924 1540 973 1582 (V.
1000 1550 1030 1574 c.
1057 1538 1191 1573 fulmen
1217 1537 1275 1580 fit,
1306 1538 1448 1582 quando
1483 1537 1617 1572 halitus
1656 1537 1772 1573 siccus
1797 1542 1834 1572 et
1858 1537 2022 1572 nonnihil

223 1595 384 1630 viscosus
409 1596 521 1631 multo
547 1600 647 1631 motu
673 1597 861 1632 conciliato
888 1602 991 1632 aestu
1017 1598 1052 1631 in
1078 1598 1171 1632 nube
1197 1597 1431 1642 percoquitur
1457 1602 1492 1632 et
1517 1598 1553 1632 in
1577 1597 1731 1632 ferream
1756 1600 1819 1632 aut
1842 1596 2021 1641 lapideam

224 1652 402 1697 quandam
428 1664 583 1689 massam
610 1654 693 1688 coit.
742 1656 873 1690 Aliter:
912 1655 1048 1691 fulmen
1075 1660 1130 1690 est
1165 1656 1344 1691 exhalatio
1371 1657 1519 1700 ardens,
1557 1667 1575 1690 e
1600 1657 1694 1691 nube
1718 1666 1896 1701 vaporosa
1919 1655 2022 1691 deor-

223 1723 301 1748 sum
326 1711 503 1747 violenter
523 1712 652 1756 jacta)⁴
701 1714 742 1748 In
768 1714 1072 1758 Cometographia
1099 1713 1270 1757 originem
1289 1718 1507 1750 cometarum
1532 1714 1625 1749 hanc
1650 1724 1730 1749 esse
1757 1713 1859 1749 dicit:
1890 1713 2022 1755 „Terra

221 1781 292 1805 una
317 1782 397 1805 cum
421 1782 514 1816 aqua
533 1771 626 1806 Solis
645 1782 687 1807 ac
706 1771 890 1806 stellarum
907 1771 1016 1806 radiis
1035 1771 1180 1816 pulsata
1198 1773 1428 1807 tenuissimos
1447 1772 1581 1807 halitus
1608 1772 1644 1806 in
1670 1771 1886 1807 ambientem
1904 1773 2022 1806 aerem

223 1829 370 1869 emittit,
402 1839 553 1873 quorum
584 1840 669 1874 pars
705 1829 818 1864 altera
843 1829 971 1865 ardens
1007 1829 1043 1864 in
1068 1834 1151 1864 aere
1175 1830 1344 1865 inferiore
1370 1836 1531 1866 remanet
1565 1835 1602 1865 et
1628 1831 1803 1866 dracones
1830 1830 2021 1865 volitantes

223 1891 289 1922 etc.
316 1887 538 1930 nominatur,
566 1888 679 1922 altera
703 1898 788 1932 pars
813 1887 848 1921 in
875 1888 1039 1922 altiorem
1065 1892 1184 1923 aerem
1211 1889 1391 1932 evehitur,
1424 1889 1630 1924 nominatur
1656 1890 1774 1935 faces,
1807 1888 1928 1923 trabes
1954 1894 2021 1924 etc.

223 1945 376 1989 Spiritus
403 1955 420 1979 e
447 1946 558 1980 Terra
583 1956 770 1989 emergens
796 1948 831 1980 in
859 1957 1027 1991 suprema
1053 1949 1144 1982 aeris
1169 1948 1316 1992 regione
1342 1949 1407 1982 sub
1434 1948 1590 1992 sphaera
1614 1948 1740 1982 Lunae
1766 1947 1970 1982 incenditur
1987 1951 2023 1982 et

222 2003 391 2048 pabulum
418 2005 611 2039 cometario
638 2004 802 2039 incendio
829 2004 996 2039 idoneum
1022 2008 1182 2050 praebet.
1225 2007 1325 2050 Quae
1350 2007 1501 2041 materia
1526 2010 1850 2051 temperamentum
1875 2017 1896 2041 a
1922 2006 2022 2041 coelo

227 2062 359 2107 accipit
385 2066 421 2097 et
446 2062 621 2106 peculiari
647 2067 747 2097 motu
773 2063 816 2098 ab
844 2063 965 2107 aliqua
992 2068 1090 2099 certa
1115 2064 1221 2101 stella
1246 2066 1383 2109 regitur
1408 2070 1443 2100 et
1468 2065 1634 2100 trahitur.
1686 2065 1809 2100 Cauda
1834 2077 1855 2100 a
1880 2064 2020 2109 reliquo

221 2131 371 2165 corpore
397 2121 484 2156 nihil
512 2121 640 2164 differt,
668 2121 736 2156 nisi
763 2121 860 2164 quod
878 2121 1032 2156 fortasse
1058 2122 1173 2157 minor
1191 2128 1298 2167 atque
1323 2123 1437 2158 levior
1465 2123 1619 2158 existit.‘·'
1656 2123 1847 2168 Ejusmodi
1864 2124 2021 2168 ineptiae

222 2178 356 2214 multae
383 2179 721 2224 deprehenduntur3
749 2179 930 2214 adduntur
955 2180 1172 2225 astrologica
1197 2187 1232 2217 et
1257 2182 1444 2227 catalogus
1472 2186 1691 2217 cometarum
1716 2182 1799 2216 inde
1825 2192 1845 2216 a
1871 2187 2021 2227 cometa,

223 2238 285 2281 qui
309 2237 440 2272 Xerxis
467 2242 627 2282 tempore
654 2243 870 2283 conspectus
898 2243 963 2280 est²
991 2249 1106 2282 usque
1133 2240 1176 2274 ad
1204 2245 1379 2275 cometam
1404 2241 1488 2275 anni
1515 2241 1614 2285 1539,
1641 2240 1735 2276 circa
1762 2244 1871 2285 eaput
1887 2241 2020 2276 Leonis

223 2294 461 2338 effulgentem.
491 2316 533 2320 —
557 2296 805 2331 Amicissimus
833 2300 909 2330 erat
933 2297 1111 2332 Mizaldus
1139 2297 1276 2332 Orontii
1300 2299 1426 2333 Finaei
1451 2299 1634 2342 ediditque
1651 2310 1743 2334 anno
1768 2300 1855 2335 1556
1880 2303 2021 2334 mortuo

222 2358 367 2388 auctore
392 2354 517 2388 Finaei
544 2365 653 2398 opus:
680 2355 738 2390 De
763 2356 870 2390 rebus
894 2356 1158 2391 mathematicis
1181 2356 1355 2392 hactenus
1381 2358 1596 2393 desideratis
1621 2359 1706 2394 libra·
1730 2358 1824 2400 IV.³
1851 2358 2022 2393 refertum

223 2410 402 2446 erroribus
427 2413 660 2457 geometricis,
687 2413 771 2447 item
797 2414 889 2449 sicut
917 2413 987 2447 alia
1003 2414 1129 2448 Finaei
1153 2425 1263 2458 opera
1287 2414 1400 2449 virum
1419 2415 1521 2450 nimis
1548 2415 1602 2450 sui
1629 2415 1812 2451 conscium
1830 2414 2021 2460 exhibens;

222 2479 288 2504 nec
305 2473 423 2504 tamen
442 2480 512 2504 non
530 2470 600 2506 alia
623 2471 755 2506 rationi
779 2472 890 2514 magis
910 2477 1153 2507 consentanea
1172 2472 1494 2518 deprehendimus,
1523 2484 1741 2518 quamquam
1764 2474 1864 2509 irrito
1892 2478 2023 2509 conatu

220 2540 250 2563 v.
271 2539 298 2562 c.
319 2528 442 2563 circuli
461 2539 653 2573 aggressus
671 2529 938 2573 quadraturam,
965 2530 1140 2565 rationem
1157 2535 1276 2565 tamen
1294 2532 1388 2566 inter
1407 2531 1619 2567 diametrum
1639 2536 1673 2566 et
1700 2531 2022 2567 circumferentiam

223 2586 316 2621 hanc
333 2585 460 2621 refert:
489 2587 505 2620 1
526 2587 571 2621 ad
589 2587 654 2632 3}ss
669 2600 677 2631 3
704 2597 768 2622 nec
786 2598 857 2622 non
875 2587 1056 2623 laudanda
1074 2593 1129 2623 est
1146 2589 1181 2623 in
1198 2589 1294 2634 typis
1316 2590 1556 2634 exprimendis
1577 2589 1762 2633 diligentia
1779 2594 1814 2624 et
1834 2589 2022 2634 elegantia,

223 2645 271 2679 ita
289 2649 327 2679 ut
344 2645 413 2680 hoc
430 2646 555 2680 Finaei
573 2656 675 2690 opus.
693 2646 788 2689 quod
807 2650 1020 2690 apparatum
1038 2646 1177 2687 attinet,
1198 2646 1472 2690 praeferendum
1491 2648 1537 2682 sit
1563 2647 1642 2682 aliis
1661 2647 1900 2682 monumentis
1918 2651 2023 2691 typo-

225 2704 403 2747 graphicis
434 2705 528 2739 circa
563 2705 633 2739 hoc
665 2710 805 2748 tempus
838 2704 956 2739 editis.
1003 2705 1058 2739 Ad
1083 2704 1279 2739 Mizaldum
1305 2706 1514 2750 redeuntes,
1546 2706 1617 2740 hoc
1649 2709 1789 2740 tantum
1813 2705 2022 2749 priusquam

225 2761 373 2796 ulterius
391 2763 637 2806 progredimur
654 2763 849 2798 notandum
866 2773 1066 2805 censemus,
1090 2767 1256 2808 poemata
1280 2764 1345 2798 viri
1361 2774 1488 2808 parum
1506 2763 1761 2808 praeponenda
1779 2772 1857 2798 esse
1875 2763 2022 2807 reliquis

226 2819 319 2854 illius
345 2820 495 2865 scriptis,
521 2826 561 2856 ut
586 2832 677 2866 quae
703 2822 805 2856 nimis
832 2823 986 2866 abrupte
1010 2832 1085 2856 rem
1110 2826 1265 2857 tractent
1299 2833 1364 2857 nec
1389 2833 1481 2857 nova
1506 2826 1570 2857 aut
1595 2820 1791 2866 singularia
1815 2820 2022 2856 exhibeant.

364 2877 461 2912 Bene
491 2880 619 2914 meruit
653 2879 722 2915 illis
754 2879 976 2924 temporibus
1010 2879 1053 2914 de
1088 2881 1307 2916 astronomia
1344 2881 1562 2915 Erasmus
1596 2878 1828 2914 Oswaldus
1863 2878 2022 2914 Schre-

228 2933 576 2977 ckenfuchsius,
612 2937 842 2981 Austriacus,
878 2938 1070 2982 praecipue
1103 2937 1249 2973 edendis
1281 2939 1441 2983 priorum
1474 2942 1760 2973 astronomorum
1792 2937 1960 2980 operibus
1987 2941 2023 2972 et

227 2992 315 3025 scite
339 2991 570 3028 illustrandis.
614 2995 828 3038 [Ptolemaei
853 3006 964 3039 opera
989 2995 1099 3030 edidit
1126 2997 1231 3039 1551,
1258 2995 1453 3030 Purbachii
1478 2996 1586 3039 1556,
1611 2993 1729 3028 Procli
1754 2994 1861 3035 1561,
1893 2994 2022 3039 Regio-

225 3050 383 3085 montani
417 3051 520 3093 1567,
557 3052 592 3086 S.
625 3053 732 3087 Bosci
763 3055 882 3099 1569.)
939 3055 1054 3093 Nimis
1087 3058 1208 3089 autem
1243 3057 1439 3098 occupatus
1471 3055 1508 3088 in
1539 3053 1596 3088 his
1626 3052 1787 3100 priorum
1819 3056 2021 3098 temporum

227 3108 366 3154 studiis,
389 3119 516 3158 parum
539 3110 714 3148 rationem
740 3112 871 3151 habuit
894 3112 1146 3153 recentiorum.
1190 3111 1427 3160 Copernicum
1453 3112 1597 3157 quidem
1621 3110 1746 3157 laudat
1780 3111 1904 3160 „quasi
1920 3112 2024 3156 mira-
