2126 3388
824 200 924 239 1603.
952 201 1054 239 1601.
1746 202 1831 247 757

37 324 94 360 Ad
119 325 158 360 6:
195 320 282 359 Non
325 320 440 371 plane
481 321 814 360 contemnendum.
888 321 990 371 Quid
1027 323 1158 372 potius
1199 322 1344 361 mirer?
1397 322 1651 374 Stuporemne
1690 335 1831 374 meum,

39 378 331 430 qui'patefacta
360 380 454 418 mihi
484 386 645 420 naturae
676 379 889 430 penetralia
919 381 980 418 his
1011 381 1151 429 literis,
1185 392 1271 419 cum
1301 381 1390 419 illas
1421 383 1679 432 accepissem,
1710 383 1833 422 intro-

37 440 182 488 spicere
233 441 417 477 contcmsi
455 439 633 488 adeoque
680 440 877 477 oblivione
923 439 1107 489 sepelivi,
1153 445 1194 477 ut
1241 451 1287 477 ne
1334 446 1471 489 postea
1513 440 1690 490 quidem,
1745 453 1831 480 cum

40 497 190 535 clavem
222 496 384 536 eandem
416 496 466 534 ad
496 498 592 536 haec
624 498 839 547 penetralia
870 509 1093 546 quaererem
1125 503 1162 536 et
1185 498 1431 545 invenissem,
1464 499 1662 538 literarum
1693 499 1831 538 harum

36 556 172 593 fuerim
202 555 458 594 recordatus?
510 556 570 592 An
603 558 732 605 potius
763 557 876 593 mirer
907 557 986 593 vim
1020 557 1205 603 veritatis,
1239 568 1339 605 quae
1373 556 1524 595 duobus
1545 569 1630 596 sese
1651 570 1728 596 non
1750 570 1829 597 una

37 615 104 651 via
134 614 314 662 aperuit?
364 614 426 650 An
457 619 617 651 naturae
648 616 858 663 ingenium,
892 626 992 663 quae
1025 613 1129 663 quod
1159 614 1296 652 Brutio
1329 614 1434 653 dedit
1465 616 1615 654 occulto
1647 617 1833 655 instinctu

38 685 60 709 a
91 672 221 720 priori,
253 672 346 709 mihi
378 671 559 710 methodo
592 678 630 710 et
661 675 828 711 numeris
860 677 898 710 et
930 671 1051 710 oculis
1085 671 1296 710 eruendum
1327 674 1545 712 concessit?
1605 674 1677 712 His
1708 675 1831 714 literis

37 736 198 779 apparet
230 729 500 779 compendium
533 730 728 778 quoddam
759 742 867 769 meae
899 730 1084 781 physicae
1118 730 1310 778 coelestis,
1343 732 1382 768 in
1415 731 1540 770 Marte
1571 733 1762 781 proditae.

182 787 293 829 1604.
328 787 556 838 Optieam
590 789 951 827 Astronomiae
984 793 1179 838 partem
1213 788 1294 827 Cal.
1329 788 1530 828 Januariis
1563 791 1685 829 obtuli
1704 795 1831 840 (impe-

37 849 176 893 ratori),
211 847 293 895 jam
332 846 466 885 laboro
505 852 547 884 ut
585 848 793 897 recipiam3
833 847 907 884 nisi
949 846 1023 886 1100
1059 858 1118 884 1110
1159 847 1396 896 impedierit,
1439 848 1565 887 lucem
1603 849 1750 888 videbit
1781 849 1832 889 ad

38 905 240 944 nundinas.

174 971 391 1007 Absolutum
416 981 508 1015 opus
534 971 717 1015 inscripsit
741 970 919 1015 Keplerus
945 969 1153 1014 imperatori
1179 971 1373 1016 Rudolpho
1401 972 1502 1015 (data
1527 976 1582 1008 est
1600 974 1754 1018 epistola
1773 975 1832 1011 de-

38 1030 210 1066 dicatoria
236 1029 292 1064 die
318 1031 350 1065 5.
374 1029 531 1073 Augusti
558 1030 682 1073 1601),
709 1029 820 1064 refert
845 1039 1018 1064 summam
1044 1039 1183 1075 eorum,
1220 1040 1311 1074 quae
1336 1029 1459 1064 insunt
1483 1029 1585 1074 libro,
1613 1035 1649 1065 et
1673 1031 1762 1067 11300
1787 1033 1831 1068 de

39 1088 428 1133 originelibrinarrat:
464 1084 578 1132 Mihi,
621 1086 688 1132 qui
719 1084 856 1133 optieis
889 1085 1282 1133 contemplationibus
1323 1085 1499 1123 nonnihil
1539 1088 1721 1136 temporis
1754 1088 1828 1125 im-

37 1144 266 1194 penderam,
310 1144 553 1182 occasionem
584 1142 849 1191 suppeditavit
881 1144 1116 1180 astronomia
1148 1143 1395 1193 Tychonica,
1437 1144 1547 1193 cujus
1579 1157 1639 1183 me
1670 1146 1830 1194 partici-

38 1215 124 1252 pem
158 1203 249 1240 vivo
282 1203 492 1240 etiamnum
524 1206 680 1239 auctore
711 1201 802 1239 fecit
839 1200 1153 1249 splendidissima
1196 1202 1293 1240 haec
1323 1201 1543 1250 Majestatis
1575 1203 1684 1242 Tuae
1726 1204 1828 1253 aula,

40 1268 81 1299 ut
113 1260 305 1310 quaedam
338 1262 484 1309 eptices
515 1259 772 1307 theoremata,
812 1260 941 1308 specie
975 1261 1137 1308 exigua,
1170 1260 1236 1298 sed
1269 1272 1394 1299 rerum
1426 1262 1681 1299 maximarum
1712 1264 1831 1301 semi-

36 1321 165 1367 naria,
205 1318 439 1368 percolenda
480 1323 518 1356 et
558 1319 726 1367 penitius
759 1317 998 1356 enucleanda
1038 1329 1244 1356 censerem.
1308 1318 1422 1367 Quod
1454 1331 1579 1357 meum
1611 1321 1830 1358 institutum

35 1383 244 1427 postquam
277 1377 317 1416 C.
348 1377 403 1414 M.
435 1376 521 1414 Tua
552 1376 744 1425 probavit,
778 1388 928 1414 summa
961 1387 1047 1413 cum
1079 1376 1267 1415 industria
1292 1379 1472 1427 persequi
1495 1378 1618 1426 coepi,
1652 1389 1830 1428 compor-

35 1437 126 1474 tatis
146 1438 240 1474 etin
260 1435 421 1473 formam
443 1435 530 1472 libri
552 1434 730 1481 redactis,
754 1446 853 1483 quae
876 1433 938 1472 vel
963 1434 1052 1471 olim
1076 1436 1115 1472 in
1136 1434 1278 1485 Styria,
1310 1436 1615 1473 Provincialium
1635 1436 1830 1486 stipendia

33 1505 195 1541 merenS,
217 1495 453 1540 inveneram,
477 1493 540 1531 vel
560 1495 728 1531 inventis
749 1498 856 1530 erant
877 1492 1199 1542 supperaddenda
1204 1521 1344 1534 .....
1390 1492 1442 1532 Ut
1464 1505 1555 1532 vero
1577 1494 1680 1533 hune
1700 1507 1829 1533 meum

33 1553 206 1591 libellum
238 1554 276 1589 in
307 1556 556 1601 conspectum
587 1550 627 1591 S.
662 1551 704 1590 C.
737 1551 791 1588 M.
824 1551 933 1589 Tuae
965 1550 1194 1590 adducerem
1227 1563 1391 1602 eumque
1422 1552 1494 1590 sub
1525 1552 1641 1601 hujus
1672 1555 1830 1603 augusti

34 1613 201 1649 nominis
232 1611 393 1650 tutelam
427 1609 747 1656 commendarem,
781 1611 911 1647 omnia
941 1621 1092 1647 summa
1122 1609 1340 1649 suadebant
1372 1611 1517 1648 officia:
1559 1616 1602 1648 ut
1633 1613 1724 1660 quia
1754 1612 1829 1650 hoc

34 1675 206 1720 tempore
236 1669 292 1707 M.
323 1669 422 1718 Tua,
455 1668 557 1706 bello
590 1674 723 1706 contra
753 1668 899 1706 Turcas
932 1670 1102 1706 omnium
1133 1670 1302 1706 maximo
1335 1674 1372 1707 et
1404 1670 1715 1707 sumtuosissimo
1747 1669 1829 1708 dis-

34 1731 163 1774 tricta,
205 1739 282 1766 non
324 1734 452 1765 tamen
493 1726 719 1764 indonatam
757 1728 1027 1776 praetermittit
1076 1729 1350 1765 astronomiam
1402 1739 1540 1776 meque
1581 1727 1830 1778 Tychonicae

36 1788 296 1833 astronomiae
319 1786 502 1824 devotum
523 1785 675 1823 liberali
696 1785 851 1832 salarie,
885 1785 995 1834 cujus
1028 1796 1100 1834 ope
1132 1787 1206 1823 ista
1227 1786 1382 1835 perfeci,
1415 1786 1602 1824 hactenus
1624 1791 1827 1834 sustentat,

36 1857 106 1894 ego
138 1840 310 1882 vicissim
343 1855 586 1893 quacumque
626 1855 780 1893 possem
811 1844 961 1881 ratione
992 1843 1269 1892 gratitudinem
1300 1856 1445 1891 meam,
1480 1845 1556 1881 imo
1589 1848 1627 1881 et
1652 1845 1828 1893 Justissi-

34 1915 136 1941 mum
177 1904 407 1952 obsequium
448 1901 688 1940 ostenderem
732 1908 770 1940 et
808 1902 954 1950 regiam
994 1901 1095 1940 hanc
1137 1903 1175 1938 in
1218 1902 1398 1940 liberales
1441 1907 1541 1940 artes
1583 1902 1826 1941 affectionem

34 1973 238 2001 venerarer
267 1973 412 2010 proque
444 1972 530 1998 mea
562 1960 664 1997 virili
693 1965 803 2009 parte
835 1960 885 1998 ad
914 1961 1183 2009 posteritatem
1216 1960 1535 1999 commendarem.

173 2019 322 2067 Quodsi
354 2019 446 2068 quid
476 2024 535 2057 est
566 2020 603 2056 in
634 2019 709 2056 1100
741 2030 867 2067 opere,
901 2018 1005 2067 quod
1036 2018 1129 2056 mihi
1160 2018 1342 2057 fiduciam
1373 2018 1515 2057 addere
1537 2018 1677 2057 debeat
1700 2031 1829 2058 coram

33 2077 87 2116 M.
129 2077 216 2116 Tua
251 2078 459 2127 loquendi,
503 2077 578 2115 hoe
617 2077 790 2126 profecto
829 2081 915 2115 est.
939 2106 948 2114 .
974 2106 982 2114 .
1007 2106 1016 2114 .
1050 2076 1154 2126 quod
1196 2089 1283 2115 eum
1313 2078 1429 2124 11300,
1473 2082 1553 2114 tum
1585 2089 1686 2126 quae
1717 2077 1830 2127 plura

36 2136 260 2185 hujusmodi
293 2138 503 2174 etiamnum
534 2136 606 2173 sub
639 2136 817 2173 manibus
848 2135 996 2182 habe0‚
1039 2137 1193 2184 suscepi
1225 2136 1274 2174 ad
1307 2135 1518 2174 ornandam
1549 2136 1829 2184 professionem

37 2206 177 2242 meam,
197 2207 314 2244 quam
329 2195 514 2233 hactenus
536 2193 590 2231 M.
607 2193 716 2232 Tuae
732 2194 847 2242 jussu
867 2200 905 2231 et
925 2193 1128 2242 stipendiis
1149 2205 1290 2242 sequor
1313 2206 1398 2232 cum
1421 2193 1623 2242 dispendio
1646 2205 1722 2232 non
1741 2200 1829 2232 tan-

36 2259 117 2290 tum
139 2253 384 2300 valetudinis,
399 2252 468 2291 sed
488 2252 704 2290 studiorum
725 2253 841 2290 etiam
862 2251 1036 2299 aliorum,
1055 2252 1195 2301 quibus
1213 2264 1322 2290 meae
1339 2257 1529 2299 senectae,
1554 2253 1587 2289 si
1603 2264 1681 2301 qua
1700 2253 1830 2292 futura

38 2317 107 2358 est,
141 2318 178 2349 et
207 2311 375 2349 familiae
417 2310 653 2360 praesidium
693 2321 917 2359 comparare
949 2315 987 2348 et
1016 2315 1191 2359 poteram
1223 2316 1260 2348 et
1292 2312 1503 2349 amicorum
1531 2310 1678 2359 judicio
1716 2311 1832 2360 plane

38 2369 237 2408 debebam.
291 2369 379 2417 Qua
409 2382 455 2408 cx
486 2381 526 2407 re
557 2370 588 2405 si
619 2368 714 2418 quid
744 2368 794 2406 ad
824 2380 886 2406 me
916 2368 1107 2406 redundat
1138 2369 1382 2416 incommodi,
1415 2368 1452 2405 id
1487 2380 1598 2406 omne
1629 2369 1722 2406 mihi
1744 2369 1832 2408 leve

36 2427 160 2466 reddit
192 2434 230 2466 et
255 2427 471 2477 jucundum
503 2439 580 2465 una
609 2427 706 2465 haec
735 2427 891 2465 homine
924 2425 1117 2465 Germano
1151 2426 1270 2476 digna
1301 2428 1509 2477 cogitatio:
1555 2427 1660 2475 quod
1689 2427 1833 2476 pulch-

37 2497 118 2523 rum
151 2487 202 2524 sit
232 2487 270 2522 in
303 2487 399 2524 tanti
431 2486 615 2535 principis
646 2490 724 2523 tam
755 2485 930 2523 honestis
962 2485 1161 2534 obsequiis
1203 2487 1317 2523 etiam
1348 2486 1444 2523 mori
1475 2496 1601 2534 neque
1634 2485 1695 2523 1110
1727 2487 1830 2523 vinci

37 2546 178 2582 virtute
210 2556 234 2582 a
264 2545 470 2590 militibus,
509 2543 578 2581 sed
609 2555 747 2581 munus
779 2543 1053 2581 demandatum
1086 2555 1155 2581 ceu
1188 2544 1389 2582 castellum
1428 2543 1639 2592 quodpiam
1672 2548 1828 2581 strenue

35 2613 291 2651 propugnare.
345 2601 470 2649 Quam
501 2613 627 2640 meam
647 2602 973 2650 subjectissimam
1004 2602 1247 2640 affectionem
1278 2604 1312 2639 si
1332 2601 1385 2639 M.
1408 2601 1494 2639 Tua
1528 2601 1826 2639 clementissime

36 2661 276 2709 probaverit,
317 2667 377 2697 sat
408 2671 480 2708 ego
513 2672 572 2698 me
603 2659 754 2697 felicem
786 2660 1029 2706 existimabo,
1053 2687 1062 2697 .
1087 2690 1097 2700 ,
1119 2690 1127 2699 .
1151 2689 1160 2698 .
1191 2660 1459 2697 felicissimum
1491 2670 1604 2705 vero,
1647 2660 1680 2695 si
1711 2669 1828 2706 quam

36 2718 222 2756 hactenus
244 2722 422 2767 expertus
453 2729 537 2754 sum
560 2717 694 2756 eadem
724 2729 784 2754 me
816 2717 1020 2756 clementia
1051 2720 1233 2766 prosequi
1254 2722 1402 2767 pergat.
1443 2717 1508 2755 Sic
1529 2717 1629 2754 enim
1650 2721 1830 2754 metuen-

39 2776 127 2814 dum
159 2777 253 2814 mihi
284 2787 530 2824 nequaquam
564 2777 655 2821 erit,
695 2787 741 2813 ne
772 2775 821 2811 ab
852 2775 926 2813 hoc
957 2786 1041 2813 meo
1074 2786 1251 2821 munere,
1297 2786 1366 2812 ceu
1399 2776 1447 2812 ab
1481 2785 1567 2812 arce
1598 2785 1707 2811 meae
1738 2774 1828 2812 fidei

39 2834 217 2883 creditae,
249 2834 599 2884 perniciosissimus
631 2834 772 2870 artium
801 2831 944 2878 hostis,
983 2832 1297 2880 indigentia,
1341 2844 1401 2869 me
1433 2832 1534 2869 same
1567 2837 1831 2880 expugnatum

40 2892 216 2940 dejiciat,
255 2904 380 2941 neque
413 2890 682 2938 dubitandum,
724 2891 815 2938 quin
847 2890 901 2928 M.
935 2890 1021 2927 Tua
1051 2902 1115 2927 eas
1149 2890 1240 2926 mihi
1272 2891 1472 2939 suppetias
1504 2895 1541 2926 et
1573 2895 1830 2928 commeatum

39 2952 202 2989 missura
232 2952 283 2988 sit
312 2953 351 2988 in
383 2957 568 3000 tempore,
600 2960 676 2997 quo
709 2953 863 2996 recepto
896 2947 1136 2986 obsidionem
1168 2947 1332 2986 tolerare
1360 2947 1616 2995 tandemque,
1650 2948 1832 2987 omnibus

39 3011 227 3057 superatis
259 3008 562 3054 difficultatibus,
594 3007 743 3055 reliqua
772 3018 860 3044 mea
890 3005 1019 3044 studia
1049 3005 1098 3043 ad
1129 3005 1292 3054 gloriam
1323 3006 1410 3052 Dei,
1443 3005 1492 3043 ad
1524 3004 1826 3045 celebrationem

39 3064 258 3113 Majestatis
296 3067 404 3105 Tuae
448 3071 484 3105 et
527 3066 685 3103 humani
730 3065 880 3114 generis
927 3063 1133 3102 utilitatem
1175 3065 1410 3113 spectantia,
1458 3063 1662 3102 absolvere
1700 3063 1826 3103 felici-

40 3129 96 3162 ter
125 3127 283 3174 possim.

176 3190 392 3236 Monitione,
426 3201 532 3236 quam
557 3190 644 3227 satis
668 3190 830 3227 modeste
855 3189 1033 3235 Keplerus
1058 3190 1124 3226 sub
1149 3188 1256 3224 finem
1287 3193 1424 3234 movet,
1458 3188 1590 3225 factum
1615 3193 1669 3226 est
1700 3193 1739 3227 ut
1763 3199 1828 3236 pro
