2126 3388
922 187 1023 224 1609.
1779 186 1865 235 787

69 307 173 342 ceret
210 303 315 342 Diva
354 304 599 343 Nummonia.
662 305 743 344 Nec
781 305 917 344 abnuit
961 305 1175 356 Imperator
1216 306 1640 356 magnificentissimus,
1685 308 1864 347 coelestis

68 363 253 400 scientiae
285 363 489 412 famaeque
519 366 699 412 perennis
731 366 957 403 aestimator
987 366 1318 414 sapientissimus,
1362 367 1454 414 quin
1490 368 1627 404 aerarii
1657 367 1865 417 praesectis

68 420 106 456 in
138 420 330 459 mandatis
363 422 489 470 daret,
521 433 597 459 non
631 428 781 461 tantum
812 422 966 460 residua
998 434 1169 460 meorum
1201 422 1502 472 stipendiorum,
1537 436 1636 474 quae
1668 424 1717 463 ad
1751 429 1861 463 2000

66 483 247 517 monetae
279 486 485 528 argenteae
515 481 673 529 majoris
704 486 966 527 excreverant,
1000 481 1092 518 mihi
1126 482 1325 519 confestim
1359 482 1615 530 exsolverent,
1648 483 1717 522 sed
1748 485 1865 521 etiam

66 536 145 574 alia
177 541 287 575 2000
321 537 517 584 adderent,
552 551 651 588 quae
683 539 788 586 mihi,
824 539 995 577 luci-osas
1028 545 1130 577 artes
1165 540 1352 589 obsequio
1386 540 1438 580 M.
1468 541 1570 579 Suae
1601 543 1863 592 postponenti,

66 594 207 632 solatio
240 597 356 644 inque
387 596 598 635 recreanda.
629 597 793 644 familia,
837 597 1028 635 diuturnis
1067 597 1217 636 damnis
1256 598 1422 650 afflicta,
1464 599 1690 648 adjumento
1723 605 1864 638 essent.

65 652 110 690 Id
144 664 221 701 quo
262 656 388 692 minus
424 655 560 704 fieret,
604 656 846 705 sequentium
887 667 1073 694 annorum
1116 656 1360 704 infelicitate,
1404 668 1488 694 cum
1529 669 1605 695 non
1644 658 1864 697 sufficerent

68 713 205 749 aerarii
238 713 421 761 praefecti
454 718 511 750 tot
542 715 661 761 euris,
703 720 741 752 et
774 714 939 762 denique
974 715 1076 752 vitae
1108 714 1357 763 Imperatoris
1399 715 1474 753 fine
1507 717 1665 754 nimium
1704 729 1864 766 propere

67 772 420 819 appropinquante,
452 771 629 809 effectum
662 777 732 810 est.

203 835 552 881 Tengnagelius
578 838 778 882 praemittit
805 837 1076 873 Commentariis
1104 837 1146 872 de
1173 837 1298 872 Martis
1325 838 1480 874 motibus
1506 850 1640 884 pauca,
1668 840 1703 875 in
1729 840 1860 885 quibus

64 899 186 929 monet
209 894 391 937 lectorem,
417 906 461 930 ne
478 902 619 931 moveat
638 907 719 931 eum
738 897 883 941 Kepleri
904 908 945 939 „a
964 896 1106 930 Braheo
1127 896 1372 931 dissentientis
1399 896 1580 940 lil›ertas“,
1608 908 1698 941 quae
1717 898 1864 933 Tabulis

68 951 311 996 Rudolphinis
338 964 410 988 non
436 954 569 999 obstet;
598 955 794 999 Keplerum
818 955 883 990 niti
907 955 943 988 in
972 954 1125 996 7,1’1111(10“
1154 954 1288 988 Brahei
1316 959 1350 988 et
1377 965 1465 998 opus
1492 955 1560 988 hoc
1589 955 1861 999 „prodromum“

64 1020 144 1045 esse
169 1011 388 1047 Tabularum
415 1017 450 1047 et
476 1013 767 1048 observationum
792 1014 1071 1048 Braheanarum.
1122 1012 1285 1047 Excusat
1310 1022 1361 1054 se,
1390 1011 1486 1055 quod
1504 1022 1620 1056 pauca
1645 1013 1864 1059 praemittat,

64 1068 256 1113 impeditus
284 1070 581 1114 occupationibus
607 1072 763 1115 politicis
791 1076 826 1106 et
851 1081 1094 1116 praepropero
1112 1069 1259 1114 Kepleri
1279 1070 1452 1114 discessu,
1482 1070 1570 1112 „hoc
1587 1071 1665 1115 ipso
1683 1075 1863 1106 momento

65 1127 342 1162 Francosurtnm
368 1129 486 1165 ituri.“
529 1129 570 1163 In
587 1130 870 1165 Introductione
888 1132 959 1170 (ΙΙΙ.
981 1132 1175 1168 146-157)
1202 1129 1379 1173 Keplerus
1397 1128 1509 1163 multa
1527 1128 1631 1163 affert
1649 1140 1692 1164 ex
1711 1129 1862 1164 historia

63 1186 313 1228 astronomiae,
340 1192 524 1231 comparat
550 1188 667 1222 varias
696 1189 738 1223 de
763 1187 894 1222 mundo
920 1188 1160 1233 hypotheses,
1187 1188 1344 1232 palmam
1370 1187 1459 1222 dans
1487 1187 1702 1232 Copernico,
1731 1193 1766 1222 et
1783 1187 1866 1223 inde

62 1244 193 1278 transit
218 1244 263 1279 ad
291 1244 509 1287 „doctrinam
535 1245 577 1280 de
610 1246 829 1291 gravitate‘⁴5
865 1256 957 1290 quae
989 1246 1066 1290 ipse
1092 1245 1312 1290 praestiterit
1337 1246 1370 1279 in
1398 1245 1620 1281 restituenda
1651 1245 1868 1281 astronomia

63 1304 130 1338 sibi
155 1304 319 1339 conscius
351 1309 531 1349 recenset,
569 1315 639 1339 non
674 1304 804 1339 oblitus
838 1315 979 1348 eorum,
1022 1315 1113 1349 quae
1147 1305 1270 1349 Tycho
1296 1305 1332 1338 in
1366 1304 1674 1339 observationibus
1710 1304 1866 1338 siderum

59 1362 289 1406 praestiterit.
337 1363 465 1398 Insunt
499 1363 583 1398 huic
609 1362 708 1407 gravi
732 1362 947 1406 praefationi
980 1362 1213 1398 fundamenta
1244 1363 1485 1398 astronomiae
1510 1362 1766 1406 Keplerianae,
1800 1372 1867 1397 nec

62 1420 247 1465 quisquam
275 1431 316 1455 ea
341 1420 434 1457 lecta
463 1421 591 1457 dubius
617 1422 683 1457 erit
711 1422 754 1456 de
781 1421 929 1465 Kepleri
954 1421 1094 1464 ingenio
1129 1432 1251 1456 omnes
1286 1421 1456 1465 aequales
1490 1425 1682 1465 superante
1714 1430 1867 1465 eumque

61 1478 208 1523 dignum
233 1479 394 1514 censebit
419 1480 572 1526 nomine⁷
600 1491 669 1524 quo
694 1479 800 1514 hodie
826 1479 1037 1523 celebratur,
1063 1479 1377 1515 Restitutoris
1403 1480 1738 1514 Astronomiae.

200 1537 388 1581 Epistolae
414 1538 561 1584 Kepleri
596 1539 664 1573 hoc
691 1549 785 1573 anno
812 1537 918 1573 datae
945 1537 988 1572 ad
1015 1538 1146 1572 amicos
1172 1549 1310 1582 paucae
1338 1542 1544 1582 supersunt.
1595 1537 1768 1581 Causam,
1804 1547 1867 1572 cur

62 1594 295 1630 intermiserit
321 1596 364 1631 ab
392 1606 486 1632 anno
514 1597 604 1633 :1608
630 1596 786 1641 colloqui
813 1607 893 1631 cum
919 1596 1140 1631 Fabricio
1167 1606 1231 1640 per
1256 1596 1389 1638 literas,
1416 1596 1450 1629 in
1477 1595 1718 1640 Ephemericle
1743 1596 1779 1629 in
1806 1605 1866 1629 an-

63 1664 148 1688 num
174 1655 268 1689 1617
292 1655 385 1689 113110
421 1654 528 1690 affert
553 1654 751 1699 Keplerus:
786 1651 1052 1690 Succensuisti
1086 1653 1382 1698 conticescenti3
1427 1650 1493 1688 sed
1527 1656 1564 1688 et
1596 1651 1769 1700 fatigasti
1803 1663 1864 1689 re-

62 1715 327 1758 sponsantem,
362 1710 467 1749 Echo
501 1722 586 1748 mea
618 1721 800 1758 germana
807 1739 946 1750 .....
1012 1710 1143 1756 Dolor,
1177 1710 1317 1757 luctus,
1351 1721 1465 1756 mors,
1500 1710 1658 1756 orbitas,
1695 1708 1797 1746 bella
1826 1715 1864 1747 et

62 1766 167 1816 lites,
210 1770 390 1817 migratio
435 1775 472 1807 et
504 1770 656 1807 miseria
699 1781 757 1807 me
798 1768 1071 1818 impedierunt.
1135 1767 1331 1814 Crudelis,
1374 1769 1438 1816 qui
1483 1767 1680 1804 silentium
1723 1779 1864 1814 meum,

62 1827 134 1864 sub
167 1837 243 1875 quo
276 1839 346 1865 ceu
377 1827 589 1877 ligamento
623 1827 792 1876 quodam
826 1829 890 1864 vix
923 1838 1038 1875 aegre
1072 1827 1345 1864 coalescebant
1377 1827 1516 1863 mentis
1550 1825 1728 1872 vulnera,
1761 1826 1863 1874 pub—

65 1883 150 1922 llclS
182 1885 372 1923 machinis
404 1886 570 1923 admotis
602 1887 709 1923 nisus
743 1897 783 1923 eS
816 1896 1049 1934 expugnare.
1102 1890 1288 1927 (Fabricius
1321 1889 1354 1919 in
1380 1889 1602 1930 prognosticis
1637 1890 1704 1918 suis
1729 1887 1865 1929 publico

65 1957 213 1979 sermone
242 1947 419 1988 Keplerum
446 1949 594 1985 adierat.)
626 1967 661 1971 —
691 1946 895 1990 Supersunt
921 1945 1097 1989 epistolae
1131 1945 1176 1980 ad
1207 1945 1468 1980 Harriotum
1509 1944 1552 1978 de
1590 1944 1698 1978 rebus
1737 1944 1865 1988 opticis

63 2007 120 2044 (ΙΙ.
149 2007 221 2047 75),
248 2004 293 2039 3(1
319 2004 513 2039 Calvisium
541 2005 582 2039 de
609 2015 702 2038 anno
730 2003 862 2038 Christi
896 2003 1008 2037 natali
1036 2007 1106 2043 (lv.
1134 2007 1226 2043 401).
1274 2003 1316 2037 In
1351 2002 1464 2037 literis
1489 2002 1734 2046 Herwarti,
1772 2001 1864 2037 datis

65 2062 131 2096 sub
156 2061 264 2097 finem
289 2062 371 2096 anni
404 2062 494 2096 haec
521 2061 837 2106 deprehendimus:
876 2062 943 2096 Mit
974 2062 1054 2096 dem
1080 2062 1199 2096 Herrn
1225 2061 1444 2095 Kurfursten
1477 2072 1546 2095 von
1571 2060 1665 2096 Koln
1696 2061 1785 2095 reist
1811 2059 1864 2095 als

64 2121 227 2155 oberster
245 2121 562 2156 Marscballambts
582 2121 778 2155 Verwalter
796 2119 859 2154 der
876 2120 1044 2154 Freiherr
1062 2131 1131 2154 von
1151 2119 1313 2164 Wenzin,
1329 2129 1434 2153 vnser
1453 2118 1574 2152 Obrist
1591 2119 1863 2163 Jagermaister·

62 2178 176 2213 Deme
210 2178 281 2213 hab
311 2179 370 2213 ich
404 2179 473 2213 den
498 2179 597 2214 Hern
636 2178 820 2214 mundlich
857 2178 927 2213 vnd
954 2178 1148 2213 widerumb
1182 2177 1392 2211 sehrifftlich
1427 2176 1718 2211 rekommandirt.
1770 2175 1864 2210 Wan

63 2247 137 2271 nun
163 2236 226 2272 der
243 2238 336 2272 Herr
352 2237 537 2272 vielleicht
560 2238 595 2272 in
623 2237 746 2272 seinen
765 2237 939 2281 Obliegen
967 2236 1028 2271 des
1049 2235 1384 2271 11011111111111151011
1409 2234 1598 2278 gnadigste
1624 2234 1865 2269 Intercession

63 2294 269 2341 bedurfftig,
294 2296 365 2331 kan
394 2296 456 2330 der
480 2297 574 2330 Herr
599 2295 770 2331 solliches
797 2295 911 2330 durch
937 2294 1196 2340 yetzgemelten
1222 2295 1322 2328 Hern
1348 2293 1502 2328 Wenzin
1527 2303 1571 2326 an
1597 2293 1653 2327 Ire
1678 2292 1866 2327 Kurfurst-

61 2351 155 2387 liehe
172 2353 420 2390 Durchlaucht
447 2355 622 2400 gelangen
648 2354 780 2390 lasseu.
803 2374 844 2378 —
862 2354 943 2389 Non
968 2354 1104 2388 irritam
1130 2353 1242 2388 fuisse
1267 2353 1359 2387 hanc
1387 2351 1747 2395 commendationem,
1774 2351 1864 2385 haec

65 2416 247 2447 testantur
271 2410 418 2457 Kepleri
443 2414 572 2458 verba,
610 2413 744 2456 scripta
770 2423 847 2456 seq.
875 2422 987 2446 anno:
1032 2411 1359 2456 „Archiepiscopus
1387 2410 1630 2453 Coloniensis,
1656 2409 1804 2443 Elector
1830 2414 1864 2442 et

60 2469 235 2505 Bavariae
261 2471 343 2505 Dux
371 2472 560 2516 Ernestus,
587 2471 728 2506 Vienna
752 2471 869 2506 redux
893 2471 1170 2506 instrumentum
1196 2470 1282 2506 mihi
1309 2469 1564 2512 commodavit,
1599 2467 1694 2511 quod
1721 2478 1741 2501 3
1768 2464 1862 2500 Gali-

61 2526 142 2561 1300
168 2528 236 2562 sibi
261 2528 409 2563 missum
434 2529 608 2564 dicebat.“
661 2530 764 2572 Quod
792 2529 877 2564 dicit
905 2529 1242 2573 ‚,instrumentum“,
1276 2533 1352 2563 erat
1378 2527 1519 2562 tubus
1558 2526 1757 2571 opticus,
1793 2524 1861 2557 1100

61 2584 118 2618 vel
142 2584 260 2628 priore
294 2597 386 2621 anno
419 2587 456 2621 in
480 2588 673 2623 Hollandia
707 2588 872 2622 inventus
905 2593 941 2622 et
967 2599 986 2622 a
1019 2587 1227 2623 Galilaeo
1262 2587 1345 2622 usui
1377 2585 1617 2621 astronomieo
1653 2583 1860 2627 adamatus,

63 2653 133 2687 quo
159 2642 219 2676 ille
244 2642 345 2678 Jovis
372 2645 547 2680 satellites
574 2652 640 2681 etc.
667 2647 803 2690 primus
831 2646 1030 2690 conspexit.

201 2702 242 2735 In
267 2701 389 2736 codice
415 2703 641 2738 Pulcoviensi
668 2704 968 2748 deprehendimus
1002 2704 1199 2748 longiorem
1225 2701 1403 2737 calculum
1430 2706 1591 2736 motuum
1624 2699 1861 2743 planetarum,

62 2769 132 2802 quo
159 2758 334 2804 Keplerus
364 2770 422 2804 ea,
450 2771 541 2804 quae
567 2762 602 2796 in
627 2763 744 2796 Marte
771 2762 815 2796 ad
842 2766 964 2796 votum
990 2764 1254 2802 successerant,
1293 2760 1337 2794 ad
1364 2760 1453 2793 alios
1479 2758 1642 2802 planetas
1669 2756 1862 2791 transferre

62 2817 194 2853 studet.
243 2818 382 2862 Incepit
416 2818 510 2853 hunc
543 2819 718 2853 calculum
750 2819 805 2853 die
831 2819 886 2854 20.
912 2819 1093 2861 Octobris,
1131 2819 1194 2852 sed
1227 2818 1369 2861 scriptis
1405 2816 1542 2860 aliquot
1576 2814 1667 2849 foliis
1693 2814 1863 2857 relinquit

62 2875 239 2919 Keplerus
266 2876 377 2920 viam,
400 2886 470 2920 qua
487 2876 671 2920 ingressus
689 2875 824 2917 fuerat,
853 2876 994 2911 dicens:
1025 2877 1135 2918 „haee
1153 2876 1209 2910 via
1227 2875 1378 2908 multum
1398 2884 1418 2908 a
1435 2874 1583 2907 veritate
1609 2871 1755 2916 recedit,
1781 2882 1863 2906 con-

63 2932 260 2968 sideremus
296 2944 396 2979 ergo.
429 2934 515 2977 quid
541 2937 733 2977 sequatur,
766 2943 845 2966 cum
871 2944 1081 2978 usurparem
1107 2932 1395 2977 proportionem,
1430 2940 1521 2974 quae
1547 2929 1711 2964 consistit
1736 2940 1780 2963 ex
1804 2930 1862 2974 ³⁵s4‚

65 2993 122 3036 ¹l2,
141 2992 195 3036 ss„
222 3002 337 3037 usque
363 2992 407 3027 ad
435 2993 600 3037 Terram,
634 2991 668 3026 h.
698 3002 728 3026 e.
762 3002 806 3026 ex
826 2992 910 3035 “lmz
948 2991 1094 3026 nimium
1128 2989 1391 3025 descenderunt
1424 2988 1626 3033 superiores
1656 2986 1858 3031 planetae.“

63 3051 157 3087 Hinc
184 3052 260 3088 abit
285 3051 330 3085 ad
358 3051 621 3096 „harmoniea“,
658 3050 764 3085 simili
794 3050 933 3085 ratione
963 3058 1195 3095 progressuS,
1230 3059 1301 3092 qua
1325 3047 1395 3082 vol.
1422 3047 1463 3082 V.
1498 3058 1530 3090 p.
1557 3046 1626 3082 288
1651 3056 1697 3082 ss.
1727 3064 1768 3071 -
1795 3045 1860 3081 Die

1510 3116 1581 3153 51*
