2157 3398
282 177 366 222 642
686 177 924 213 Summarium
950 177 1130 215 Historiae
1156 178 1408 216 Astronomiae
1435 180 1555 217 seculo
1580 181 1677 219 XVI.

281 291 493 328 observandi
524 293 663 328 ratione
693 292 856 337 pluribus
891 294 1093 339 explicans,
1131 300 1316 341 computat
1348 297 1471 342 Tycho
1506 297 1750 342 longitudines
1789 302 1825 333 et
1860 298 2067 334 latitudines

282 356 452 393 cometae,
476 351 561 385 item
588 350 665 394 ejus
691 351 918 387 ascensiones
944 356 1062 387 rectas
1088 357 1125 388 et
1150 353 1405 391 declinationes
1432 356 1476 391 ad
1496 356 1655 399 singulos
1674 355 1961 391 observationum
1979 357 2066 401 dies,

278 408 407 453 quibus
432 407 577 444 calculis
603 408 765 442 innititur
796 409 979 453 inquisitio
1012 422 1115 446 arcus
1152 412 1291 459 circuli,
1329 424 1435 458 quem
1469 418 1568 448 motu
1603 424 1667 448 suo
1699 413 1889 459 descripsit
1915 420 2066 458 cometa,

280 466 429 511 ejusque
454 466 694 500 inclinationis
721 476 800 501 cum
825 467 869 501 ad
896 468 1097 512 eclipticam
1122 474 1196 504 tum
1223 472 1266 505 ad
1293 477 1535 516 aequatorem,
1565 472 1658 507 sicut
1676 472 1782 507 etiam
1806 473 1874 508 loci
1899 474 2068 508 intersec-

274 523 381 558 tionis
407 523 502 557 illius
529 534 608 557 eum
634 523 699 558 his.
749 525 828 559 Sint
853 526 912 560 BC
938 531 973 561 et
998 527 1050 561 HI
1074 527 1281 564 latitudines
1307 534 1466 565 cometae
1493 529 1630 573 (diebus
1656 530 1711 565 23.
1735 531 1825 565 Nov.
1853 534 1888 566 et
1904 532 1936 566 2.
1957 532 2067 576 Jan.)‚

1035 595 1155 621 earum
1182 587 1440 633 complementa
1461 587 1521 622 GB
1542 592 1576 622 et
1595 587 1670 631 GH,
1698 588 1852 631 angulus
1876 589 1974 623 BGH
2002 588 2067 624 dif-

1033 644 1186 679 ferentia
1203 645 1475 689 longitudinum.
1519 646 1612 680 Hinc
1631 649 1860 690 computatur
1878 657 1982 682 arcus
2002 648 2067 681 BH

1036 708 1072 737 et
1097 704 1248 748 angulus
1275 705 1382 739 BHG.
1432 706 1470 739 In
1498 705 1677 748 triangulo
1704 705 1789 739 AIH
1817 706 1946 740 dantur
1964 716 2066 740 arcus

1035 761 1099 804 HI,
1126 762 1279 806 angulus
1296 762 1381 796 AHI
1402 768 1437 797 et
1455 763 1608 808 angulus
1627 762 1712 797 AIH
1727 763 1835 807 (900),
1860 763 1955 798 unde
1974 774 2067 798 com-

1034 823 1209 863 putantur
1224 821 1308 854 HAI
1337 826 1372 856 et
1389 821 1437 855 AI
1463 832 1578 864 arcus,
1605 821 1665 865 qui
1689 821 1836 856 metitur
1862 821 2066 856 distantiam

1032 879 1156 923 puncti
1181 879 1445 914 intersectionis
1472 890 1617 914 arcuum
1644 879 1710 913 ΑΗ
1729 880 1922 923 (cometae)
1949 884 1985 913 et
2004 880 2066 913 ΑΕ

1034 935 1254 981 (eclipticae)
1282 948 1302 971 a
1327 941 1460 981 puncto
1488 937 1513 971 I.
1566 937 1790 980 Comparatis
1816 937 1910 970 inter
1935 947 1973 971 se
1999 937 2067 971 hac

1033 996 1171 1029 ratione
1203 999 1340 1038 septem
1377 994 1686 1030 observationibus
1722 1005 1915 1039 earumque
1950 995 2066 1029 medio

1033 1056 1149 1086 sumto
1176 1052 1297 1096 prodit
1321 1052 1562 1087 inclinationis
1589 1052 1742 1096 angulus
1770 1053 1833 1088 29⁰
1861 1055 1930 1097 15¹,
1965 1053 2065 1087 locus

1034 1110 1117 1144 nodi
1142 1111 1205 1146 20⁰
1231 1111 1286 1144 55¹
1313 1115 1359 1152 Τ..
1412 1111 1524 1145 Simili
1549 1112 1687 1146 ratione
1714 1116 1942 1156 computatur
1967 1111 2066 1145 ineli-

1033 1168 1131 1203 natio
1166 1170 1201 1203 in
1235 1173 1465 1212 aequatorem
1503 1170 1565 1204 33⁰
1590 1171 1646 1205 45¹
1681 1175 1716 1205 et
1747 1171 1862 1205 nodus
1887 1169 1973 1205 299⁰
1998 1170 2066 1204 50¹.

1034 1228 1170 1270 Quibus
1198 1227 1374 1262 absolutis
1401 1227 1546 1262 exhibet
1569 1228 1691 1272 Tycho
1719 1227 1984 1272 ephemeridem
2010 1237 2066 1261 co-

1033 1290 1148 1320 metae
1174 1297 1194 1320 a
1221 1285 1278 1320 die
1314 1286 1346 1320 9.
1372 1286 1462 1319 Nov.
1500 1286 1585 1321 1577
1619 1286 1654 1320 in
1690 1286 1723 1321 d.
1757 1287 1811 1321 26.
1843 1286 1924 1321 Jan.
1964 1286 2062 1320 1578.

1031 1343 1266 1387 omnibusque
1291 1343 1452 1378 collectis
1478 1344 1569 1379 hanc
1602 1345 1723 1388 prodit
1757 1355 1948 1379 summam:
1987 1355 2066 1386 „co-

1031 1407 1125 1437 meta
1138 1408 1238 1436 motu
1253 1402 1319 1436 sibi
1333 1402 1478 1446 proprio
1498 1402 1697 1446 portionem
1718 1402 1841 1438 circuli
1857 1403 1892 1437 in
1913 1403 2066 1447 sphaera

275 1459 417 1493 maximi
453 1459 662 1502 designavit.
712 1461 876 1503 Angulus
902 1460 1142 1495 inclinationis
1172 1460 1294 1494 circuli
1321 1465 1480 1495 cometae
1508 1461 1552 1495 ad
1578 1461 1779 1505 eclipticam
1807 1472 1948 1505 semper
1973 1461 2066 1505 ejus—

277 1518 355 1551 dem
381 1518 590 1562 quantitatis
617 1519 758 1554 mansit.
809 1520 947 1553 Motum
974 1518 1101 1552 habuit
1126 1518 1293 1552 diurnum
1320 1518 1420 1551 initio
1449 1518 1674 1561 celeriorem,
1701 1519 1856 1563 indeque
1882 1529 1995 1563 usque
2020 1519 2064 1553 ad

275 1576 507 1620 apparitionis
533 1577 639 1610 finem
665 1577 876 1620 regulariter
902 1577 1194 1620 descendentem,
1236 1576 1383 1611 diurnus
1417 1577 1474 1610 hic
1499 1582 1619 1612 motus
1646 1588 1752 1612 eursu
1787 1577 1913 1612 diurno
1939 1578 2065 1613 Lunae

275 1634 330 1668 vel
356 1635 551 1668 lentissimo
579 1634 646 1668 fuit
670 1635 823 1677 tardior,
851 1636 896 1670 ob
922 1635 957 1669 id
984 1634 1090 1678 longe
1115 1634 1341 1669 remotiorem
1368 1645 1387 1668 a
1413 1635 1515 1669 nobis
1540 1634 1662 1679 fuisse,
1690 1646 1796 1678 quam
1820 1636 1944 1671 Lunae
1970 1637 2064 1671 orbis

277 1692 413 1734 existit,
449 1692 662 1726 circulorum
695 1692 903 1728 coelestium
935 1698 970 1727 et
1005 1698 1165 1728 motuum
1198 1693 1360 1737 postulat
1392 1693 1587 1727 harmonia.
1638 1693 1802 1738 Denique
1828 1695 2064 1739 quadrantem

275 1751 397 1785 circuli
422 1751 565 1785 maximi
589 1751 624 1784 in
652 1751 805 1795 sphaera
833 1752 1031 1786 absolvisse
1053 1752 1206 1794 videtur,
1236 1752 1330 1795 quod
1357 1751 1463 1785 etiam
1490 1762 1560 1785 non
1586 1762 1712 1795 parum
1737 1751 1822 1786 facit
1848 1752 1892 1787 ad
1917 1763 2064 1796 persua-

273 1810 438 1854 dendum,
464 1811 666 1853 coelestem,
694 1821 764 1845 non
791 1811 1042 1845 elementarem
1067 1815 1231 1845 naturam
1258 1809 1417 1844 adfuisse
1434 1809 1518 1843 huic
1536 1815 1706 1846 cometae.
1752 1811 1965 1855 Comparate
1984 1812 2063 1846 loco

274 1873 432 1902 cometae
459 1879 537 1902 cum
563 1868 651 1902 locis
677 1867 863 1903 stellarum
888 1868 1050 1912 fixarum,
1077 1868 1155 1911 ejus
1181 1867 1258 1902 viae
1276 1867 1482 1907 vicinarum,
1510 1868 1778 1911 comprobatum
1798 1873 1862 1912 est,
1891 1875 2064 1903 cometam

274 1936 415 1959 cursum
441 1936 544 1959 suum
579 1936 701 1960 versus
728 1926 791 1960 has
817 1925 909 1961 fixas
943 1937 1015 1960 non
1041 1926 1144 1960 aliter
1171 1925 1359 1968 direxisse,
1396 1935 1500 1968 quam
1526 1925 1700 1969 promotio
1735 1926 1862 1960 diurna
1888 1927 2063 1970 exigebat,

277 1983 365 2017 adeo
391 1988 430 2017 ut
456 1988 573 2017 motus
599 1984 703 2027 primi
729 1984 869 2018 mobilis
895 1994 959 2028 per
984 1983 1186 2018 altitudinis
1213 1982 1444 2017 variationem
1472 1988 1533 2017 aut
1550 1983 1684 2017 nullum
1704 1987 1766 2018 aut
1784 1984 1973 2019 admodum
1992 1985 2063 2019 exi-

276 2053 381 2084 guum
402 2042 628 2085 pai-allaxeos
646 2042 833 2085 vestigium
849 2042 1051 2085 reliquerit:
1079 2042 1172 2076 unde
1193 2041 1446 2084 concludimus,
1474 2047 1646 2076 cometam
1665 2044 1761 2078 hunc
1785 2043 1927 2077 minime
1946 2047 2061 2078 ortum

275 2101 386 2133 fuisse
412 2100 504 2135 infra
529 2100 717 2144 sphaeram
743 2101 878 2141 Lunae,
905 2100 967 2134 sed
993 2100 1098 2144 longe
1126 2111 1234 2144 supra
1259 2101 1373 2144 ipsam
1400 2100 1435 2133 in
1463 2100 1609 2135 aethere
1634 2100 1768 2144 liquido
1795 2100 1863 2134 iter
1881 2112 1984 2136 suum
2002 2101 2060 2135 ab—

274 2158 443 2202 solvisse,
477 2159 511 2191 in
538 2163 638 2193 tanta
664 2169 684 2192 a
710 2159 822 2193 Terra
849 2158 1036 2202 distantia,
1071 2163 1110 2193 ut
1141 2158 1252 2191 moles
1286 2158 1417 2193 terreni
1444 2158 1540 2202 globi
1566 2169 1637 2192 non
1669 2158 1863 2193 obtinuerit
1888 2158 1931 2192 ad
1957 2160 2062 2193 istam

272 2216 572 2261 intercapedinem
597 2217 760 2251 sensibus
786 2216 975 2251 admodum
999 2217 1237 2251 incurrentem
1263 2216 1576 2260 magnitudineiii.“

413 2276 468 2310 Ea
494 2286 585 2318 quae
610 2276 756 2319 insuper
781 2275 879 2310 addit
905 2275 1027 2320 Tycho
1055 2276 1096 2310 de
1122 2276 1335 2310 invenienda
1366 2276 1558 2320 parallaxi,
1594 2276 1636 2310 dc
1674 2281 1864 2311 curvatura
1890 2281 1925 2311 et
1950 2276 2060 2310 direc-

275 2332 371 2367 tione
405 2334 555 2378 caudae,
591 2333 634 2368 de
665 2334 815 2368 aliorum
841 2334 1170 2377 observationibus,
1206 2334 1249 2368 de
1274 2334 1585 2369 Aristotelicorum
1613 2335 1811 2371 erroribus.
1838 2333 1991 2377 denique
2018 2333 2061 2366 de

276 2391 388 2435 ipsius
415 2393 458 2427 de
484 2393 614 2427 mundo
641 2394 827 2436 sententia,
853 2404 984 2437 magna
1010 2403 1053 2426 ex
1072 2396 1174 2436 parte
1192 2391 1359 2435 leguntur
1377 2392 1545 2435 adjuncto
1564 2391 1709 2436 Kepleri
1733 2391 1870 2436 judicio
1895 2392 1965 2427 vol.
1983 2392 2061 2426 VII.

279 2454 421 2485 nostrae
448 2450 612 2485 editionis
640 2451 675 2485 in
700 2451 800 2485 libris
820 2451 964 2495 Kepleri
990 2451 1032 2486 de
1054 2449 1208 2485 Cometis
1235 2454 1270 2483 et
1293 2449 1328 2483 in
1346 2450 1604 2494 Hyperaspiste
1623 2450 1815 2494 Tyehonis.
1852 2449 1919 2484 Hic
1935 2449 2060 2493 paucis

276 2511 412 2543 tantum
449 2509 597 2544 dicenda
632 2515 733 2553 sunt,
767 2520 858 2553 quae
884 2510 1006 2554 Tycho
1041 2510 1084 2543 de
1110 2514 1248 2544 cometa
1285 2508 1405 2543 affert:
1441 2513 1613 2543 cometam
1639 2513 1737 2543 motu
1762 2508 1943 2552 inaequali
1969 2508 2061 2542 circa

278 2567 395 2602 Solem
422 2567 515 2612 ferri,
542 2568 676 2602 tardius
703 2567 835 2602 moveri
861 2579 941 2602 cum
959 2568 994 2601 in
1012 2573 1114 2612 parte
1134 2568 1229 2602 orbis
1249 2567 1303 2601 sui
1321 2568 1453 2601 Terrae
1472 2567 1640 2611 propiore
1658 2571 1820 2602 versetur
1844 2570 1912 2606 (cfr.
1933 2570 2061 2599 schema

275 2628 338 2659 vol.
365 2627 439 2660 VII.
467 2638 501 2668 p.
527 2629 621 2669 ⁴286),
659 2625 814 2660 velocius
833 2626 875 2659 'in
901 2626 1085 2670 superiore
1117 2630 1236 2670 partc3
1274 2636 1317 2659 ex
1345 2625 1525 2660 schemate
1559 2626 1620 2660 illo
1654 2630 1820 2670 apparet,
1854 2625 2065 2669 Tychonem

274 2682 433 2726 recipere
460 2686 631 2717 cometam
658 2683 693 2717 in
719 2683 935 2727 hypothesin
961 2693 1060 2717 suam
1088 2682 1130 2717 de
1155 2683 1287 2717 mundo
1314 2683 1417 2727 quasi
1442 2687 1656 2727 perpetuum
1684 2683 1941 2717 ambulatorem
1968 2683 2062 2718 circa

282 2739 411 2776 Solem.
462 2741 618 2775 Caudam
645 2747 803 2776 cometae
829 2752 899 2775 non
927 2752 947 2775 a
973 2741 1054 2776 Sole
1081 2741 1143 2776 sed
1171 2751 1191 2774 a
1216 2742 1354 2776 Venere
1380 2741 1512 2775 directe
1539 2751 1699 2775 aversam
1724 2741 1854 2784 fuisse,
1881 2740 2060 2784 Tychonis

281 2796 547 2831 observationes
572 2803 761 2832 testantur.
812 2799 1033 2834 Diametrum
1059 2798 1185 2844 capitis
1213 2802 1371 2833 cometae
1398 2803 1581 2843 computat
1606 2799 1650 2833 ad
1677 2798 1768 2832 diem
1799 2799 1850 2833 13.
1876 2798 1966 2833 Nov.
1992 2799 2059 2834 368

277 2854 476 2889 milliarium
501 2855 585 2895 fere,
611 2855 867 2901 longitudinem
895 2857 1029 2891 caudae
1056 2857 1098 2891 96
1125 2856 1249 2892 semid.
1276 2857 1419 2893 Terrae.
1474 2857 1550 2899 „Ad
1575 2856 1730 2900 reliquos
1765 2856 1838 2890 dies
1864 2867 1934 2890 non
1960 2857 2060 2892 lubet

278 2911 370 2946 hanc
394 2913 665 2948 calculationem
692 2915 905 2959 producere,
938 2916 1067 2959 partim
1093 2916 1176 2960 quia
1202 2916 1374 2950 diameter
1399 2915 1524 2959 capitis
1552 2914 1677 2948 saltem
1703 2913 1806 2947 unico
1832 2913 1892 2948 illo
1918 2915 1975 2950 13.
2003 2915 2059 2962 die

277 2968 487 3004 Novembris
515 2981 534 3004 a
558 2981 613 3004 me
639 2972 896 3007 observabatur
921 2978 956 3008 et
981 2975 1116 3008 caudae
1143 2984 1321 3017 apparens
1354 2973 1537 3017 longitudo
1568 2983 1632 3017 pro
1665 2972 1803 3007 ratione
1834 2973 1926 3008 aeris
1950 2973 2058 3008 inter-

278 3026 381 3060 medii
406 3027 502 3061 vario
528 3028 632 3062 modo
658 3039 736 3063 sese
763 3031 925 3066 exhibuit
949 3042 1064 3074 neque
1098 3037 1232 3065 certum
1267 3036 1428 3066 tenorem
1454 3041 1665 3067 conservare
1689 3030 1893 3077 videbatur,
1928 3033 2057 3076 partim

280 3084 362 3129 quia
386 3088 500 3118 totum
525 3085 593 3119 hoc
619 3088 799 3129 negotium
825 3099 896 3122 non
922 3089 1009 3123 satis
1035 3095 1149 3125 ratam
1176 3090 1434 3134 praecisionem
1459 3089 1655 3124 admittat.“

416 3143 517 3179 Anno
544 3144 632 3179 ‘1590
659 3144 873 3190 Uraniburgi
896 3147 932 3181 in
957 3149 1070 3183 lucem
1101 3148 1235 3193 prodiit
1258 3148 1865 3193 Epistolarum“vastronomicarum
1890 3150 1997 3198 liber,
2022 3151 2058 3187 in

557 630 621 662 Fig.
642 630 684 655 14.
