2126 3388
238 209 351 254 1010
911 206 994 241 Vita
1018 205 1168 242 Joannis
1191 205 1348 251 Kepleri.

236 326 446 377 mulgando
469 325 631 372 obstet.)
682 322 851 361 Causam
883 334 974 361 vero
1000 322 1308 372 „debilitationis
1341 327 1379 360 et
1410 319 1665 360 intensionis“
1699 326 1828 360 motus
1857 320 2024 360 residere

243 387 382 424 debere
414 386 451 420 in
484 384 568 431 ipso
601 386 781 430 suscepto
813 381 947 419 mundi
978 387 1122 427 centro,
1155 394 1178 419 a
1209 392 1285 429 quo
1319 380 1533 419 distantiae
1558 384 1840 428 computentur.
1897 379 2024 428 „Hinc

235 443 498 490 intelligimus,
531 439 635 488 quod
667 439 847 488 planetae
878 450 976 487 pene
1007 440 1157 477 ratione
1188 443 1353 477 staterae
1386 449 1456 476 seu
1486 439 1609 476 vectis
1631 442 1872 475 moveantur.
1924 437 2023 475 Nam

235 503 268 538 si
298 500 466 549 planeta,
501 509 577 546 quo
610 497 762 545 longior
792 508 816 534 a
847 502 997 543 centro,
1030 496 1104 534 hoc
1136 496 1330 534 difficilius
1363 496 1512 545 (utique
1543 493 1705 545 tardius)
1737 507 1760 532 a
1791 496 1910 532 centri
1942 496 2022 531 vir-

237 562 318 595 tute
349 561 538 603 movetur,
570 554 729 604 perinde
755 559 815 592 est
847 565 892 592 ac
922 555 955 592 si
985 553 1162 601 dicerem,
1195 553 1346 602 pondus
1379 565 1456 602 quo
1487 553 1641 601 longius
1673 557 1786 590 exeat
1816 553 1865 590 ab
1896 552 2024 602 hypo-

233 614 424 661 mochlio,
455 613 529 651 1100
559 612 668 651 reddi
698 611 976 662 ponderosius3
1017 623 1094 650 non
1132 623 1173 650 se
1205 613 1311 660 ipso,
1353 610 1422 649 sed
1464 616 1620 660 propter
1663 611 1845 648 virtutem
1876 610 2024 648 brachii

235 673 487 709 sustentantis
520 672 557 707 in
589 671 660 708 hac
693 670 889 709 distantia.
950 668 1138 718 Utrinque
1169 680 1357 717 namque,
1402 674 1439 706 et
1470 669 1531 706 bic
1561 670 1599 705 in
1640 673 1785 706 statera
1815 679 1883 705 seu
1913 672 2024 705 vecte

237 738 273 768 et
305 730 383 766 illie
415 731 450 765 in
474 738 578 766 motu
602 728 856 777 planetarum,
889 727 983 765 baec
1006 727 1187 765 debilitas
1209 728 1384 775 sequitur
1404 728 1692 776 proportionem
1715 725 2021 778 distantiarum,“

236 789 417 825 Centrum
458 798 549 824 vcro
592 786 724 823 mundi
763 797 846 824 esse
878 785 1007 823 Solem
1049 789 1086 823 et
1118 785 1354 834 Copernicus
1395 790 1433 823 et
1463 784 1599 834 Tycho
1638 783 1865 830 adstruunt,
1911 784 2023 831 eique

235 846 419 894 competit
451 846 571 882 virtus
605 846 755 891 motrix,
788 844 887 880 sicut
908 843 990 881 Soli
1013 843 1238 880 tribuendus
1262 848 1319 881 est
1350 843 1435 880 fons
1460 844 1562 880 vitae
1585 841 1730 891 („quae
1752 842 1835 879 vita
1856 843 1894 878 in
1916 846 2023 878 motu

235 903 402 941 siderum
435 900 677 951 spectatur“)
711 907 748 939 et
778 901 874 938 lucis
908 907 943 938 et
977 901 1127 939 caloris.
1171 899 1224 939 Ut
1255 906 1385 938 autem
1417 901 1475 938 vis
1498 911 1517 938 e
1539 899 1630 938 Sole
1651 899 1812 937 effluens
1834 900 1872 936 in
1894 904 2022 936 motus

236 962 477 1010 planetarum
510 961 714 997 circulares
747 964 856 1007 agat,
897 970 1053 997 necesse
1086 963 1160 1006 est,
1200 963 1243 996 ut
1275 957 1342 996 Sol
1377 959 1442 1010 „in
1472 969 1542 996 suo
1575 959 1702 1007 spatio
1734 957 2021 1004 convertatur“,

235 1031 311 1067 qua
343 1019 594 1056 conversione
630 1014 830 1069 „species“
873 1018 948 1055 ista
993 1016 1054 1054 vel
1095 1018 1155 1054 vis
1196 1016 1461 1054 orbiculariter
1501 1016 1772 1056 circumfertur.
1836 1014 1904 1066 „Si
1936 1016 2022 1064 quis

234 1088 280 1114 ex
311 1088 371 1114 me
406 1082 587 1124 quaerat,
621 1075 735 1124 quale
778 1086 916 1123 corpus
948 1074 1049 1112 Solis
1088 1086 1170 1112 esse
1207 1079 1361 1123 putem,
1396 1087 1418 1112 a
1450 1085 1527 1122 quo
1558 1074 1656 1112 haee
1695 1074 1844 1122 species
1884 1074 2023 1110 motrix

235 1133 451 1180 descendit,
494 1135 529 1170 ei
560 1133 725 1178 suadeo,
764 1138 806 1169 ut
836 1133 1014 1181 inspiciat
1036 1139 1271 1181 magnetem,
1307 1132 1416 1180 cnjus
1447 1134 1569 1169 virtus
1601 1131 1742 1169 residet
1773 1133 1812 1168 in
1843 1132 2022 1168 universo

237 1203 407 1241 corpore,
441 1202 527 1228 cum
560 1191 732 1239 ejusdem
756 1190 856 1227 mole
879 1192 1025 1236 crescit,
1059 1202 1144 1228 cnm
1167 1191 1467 1227 comminutione
1490 1189 1593 1227 illius
1616 1189 1840 1227 diminuitur
1862 1194 1899 1227 et
1918 1190 2018 1237 ipsa.

234 1250 296 1287 Ita
328 1252 364 1286 in
397 1249 488 1287 Sole
521 1251 641 1286 virtus
673 1260 833 1286 movens
866 1254 972 1285 tanto
1007 1248 1158 1285 videtur
1188 1249 1341 1294 fortior,
1382 1248 1485 1296 quod
1527 1247 1734 1285 verisimile
1766 1249 1837 1294 sit,
1880 1258 2019 1295 corpus

235 1308 318 1356 ejus
350 1319 434 1345 esse
466 1308 584 1344 totius
618 1306 748 1343 mundi
781 1304 1090 1343 densissimum.“
1137 1306 1196 1343 Ad
1228 1305 1384 1343 modum
1415 1307 1606 1354 magnetis
1639 1307 1820 1343 virtutem
1843 1304 2022 1353 planetas

235 1370 454 1403 moventem
496 1377 540 1402 ex
571 1364 661 1402 Sole
693 1365 897 1413 propagari
929 1366 966 1400 in
1000 1365 1130 1401 orbem
1169 1370 1206 1401 et
1244 1365 1419 1412 partibus
1462 1364 1731 1401 remotioribus
1770 1362 1873 1404 illius
1917 1363 2020 1400 orbis

235 1435 319 1461 esse
352 1423 653 1460 imbecilliorem.
715 1422 849 1470 Neque
883 1433 971 1460 vcro
1004 1423 1039 1458 in
1073 1421 1163 1459 Sole
1203 1433 1286 1459 esse
1327 1421 1447 1460 ullam
1489 1422 1567 1460 vim
1599 1422 1860 1459 attractoriam
1891 1417 2024 1474 (acce-

238 1481 369 1519 derent
401 1482 502 1517 enim
533 1480 583 1517 ad
619 1479 747 1517 Solem
790 1491 913 1528 usque
954 1479 1003 1517 ad
1044 1479 1195 1528 plenam
1240 1477 1586 1531 conjunctionem),
1618 1479 1687 1516 sed
1718 1483 1867 1516 tantum
1899 1479 2023 1516 direc-

238 1540 397 1584 toriam,
432 1544 469 1575 et
501 1550 584 1576 curn
618 1538 708 1576 Sole
741 1539 912 1576 converti
956 1539 1033 1574 vim
1074 1538 1180 1574 illam
1218 1539 1436 1584 motricem,
1482 1549 1574 1586 „per
1612 1539 1741 1575 omnia
1781 1536 2025 1586 planetarum

237 1596 466 1634 diastemata
499 1596 715 1633 diffusam“.
762 1595 1006 1647 „Perbellum
1041 1595 1218 1643 equidem
1251 1597 1364 1643 attigi
1386 1595 1605 1644 exemplum
1632 1596 1835 1645 magnetis,
1870 1596 2024 1633 omnino

238 1655 293 1693 rei
325 1655 570 1701 conveniens,
606 1665 650 1691 ac
681 1665 818 1702 parum
851 1654 960 1691 abest
992 1655 1083 1702 quin
1116 1665 1175 1692 res
1206 1655 1293 1702 ipsa
1326 1653 1402 1691 dici
1435 1650 1598 1701 possit.“

379 1712 419 1750 Si
451 1712 631 1760 planetae
670 1711 753 1749 sola
790 1711 864 1749 hac
896 1713 933 1748 vi
966 1711 1068 1749 Solis
1100 1716 1366 1758 moverentur,
1405 1716 1533 1748 motus
1573 1722 1703 1749 eorum
1743 1716 1871 1748 essent
1911 1710 2026 1759 plane

238 1769 434 1818 aequales,
469 1769 571 1817 quod
604 1781 680 1806 non
713 1770 894 1807 convenit
925 1781 1011 1807 cum
1043 1770 1298 1818 experientia,
1332 1770 1381 1806 ab
1415 1770 1592 1806 omnibus
1624 1770 1853 1806 astronomis
1885 1770 2026 1806 unani—

238 1830 350 1866 miter
380 1829 557 1876 probata.
620 1827 731 1864 Hanc
763 1833 889 1869 motus
922 1828 1239 1876 inaequalitatem
1272 1827 1360 1864 oriri
1393 1832 1522 1865 censet
1551 1827 1745 1875 Keplerus
1778 1839 1825 1864 ex
1857 1829 1895 1864 vi
1926 1838 2025 1875 qua-

240 1886 326 1923 dam
358 1885 524 1934 planetis
557 1887 684 1931 insita,
717 1897 831 1933 quam
865 1891 1062 1934 comparat
1094 1897 1180 1922 cum
1213 1897 1258 1923 ea
1290 1887 1340 1932 vi,
1375 1897 1450 1933 qua
1482 1887 1593 1922 navis
1627 1896 1693 1933 per
1723 1885 2027 1933 gubernaculum

241 1943 418 1995 „decenti
438 1942 579 1981 modo“
613 1943 776 1991 religato
809 1949 912 1980 trans
942 1944 1085 1981 flumen
1117 1943 1271 1991 trajicit.
1316 1942 1474 1990 „Virtus
1498 1955 1543 1980 ex
1565 1942 1725 1980 Sole-in
1756 1942 1941 1980 mundum
1960 1954 2028 1992 per

238 2003 404 2051 speciem
437 2013 593 2049 egressa
623 2001 778 2049 rapidus
811 2000 967 2049 quidam
998 2007 1145 2039 torrens
1179 2006 1256 2047 est,
1305 2002 1369 2049 qui
1399 2001 1575 2049 planetas
1617 2012 1748 2038 omnes
1793 2001 1842 2038 ab
1874 2005 1958 2038 ortu
1989 2002 2027 2037 in

242 2071 422 2097 occasum
443 2061 555 2108 rapit,
589 2071 629 2096 se
652 2061 735 2107 ipso
758 2070 833 2096 non
856 2066 969 2108 aptus
993 2071 1154 2108 corpora
1185 2058 1234 2096 ad
1255 2058 1384 2096 Solem
1407 2058 1598 2096 adducere
1632 2059 1693 2096 vel
1716 2059 1765 2096 ab
1798 2070 1843 2096 eo
1876 2058 2028 2107 longius

239 2116 467 2167 propellere.
527 2117 693 2155 Necesse
735 2122 810 2165 est,
855 2123 895 2154 nt
933 2117 1113 2166 planetae
1153 2118 1227 2165 ipsi
1268 2128 1336 2154 ceu
1377 2116 1569 2165 quaedam
1609 2117 1770 2166 cymbae
1811 2116 2026 2165 peculiares

241 2177 402 2212 virtutes
434 2177 633 2222 motrices,
680 2177 792 2223 quasi
823 2175 1009 2223 quosdam
1044 2181 1217 2213 vectores
1248 2174 1438 2222 habeant,
1483 2186 1644 2223 quorum
1675 2174 1920 2223 providentia
1949 2186 2025 2212 non

241 2238 390 2270 tantum
423 2244 601 2270 accessus
634 2232 683 2270 ad
714 2233 844 2271 Solem
877 2239 913 2271 et
946 2244 1118 2271 recessus
1150 2245 1173 2270 a
1201 2232 1304 2280 Sole,
1338 2232 1406 2270 scd
1438 2233 1553 2270 etiam
1586 2232 1863 2270 declinationes
1893 2232 2029 2270 latitu-

243 2290 374 2328 dinum
407 2290 674 2328 administrant
707 2296 745 2328 et
776 2293 885 2339 quasi
917 2292 966 2328 ab
999 2302 1076 2328 una
1107 2292 1191 2339 ripa
1221 2292 1260 2326 in
1292 2289 1420 2337 aliam,
1454 2302 1477 2328 a
1509 2292 1769 2339 septentrione
1802 2292 1960 2339 inquam
1991 2291 2029 2327 in

244 2353 415 2386 austrum
459 2354 496 2386 et
538 2354 687 2396 contra,
731 2349 870 2386 flumen
912 2349 985 2386 hoc
1016 2349 1075 2395 (se
1107 2350 1190 2399 ipso
1232 2348 1357 2386 solum
1397 2349 1598 2397 eclipticae
1636 2353 1800 2387 tractum
1840 2346 2024 2398 sequens)

241 2404 477 2454 trajiciunt.“

379 2464 653 2512 Inquisiturus,
697 2464 823 2512 qualis
863 2465 913 2501 sit
951 2466 1010 2501 vis
1043 2463 1109 2501 illa
1144 2463 1309 2512 planetis
1339 2465 1470 2510 insita,
1510 2464 1606 2502 haec
1646 2465 1858 2514 praemittit
1891 2464 2029 2516 „axio-

244 2522 400 2559 mata“:
448 2526 480 2561 1.
512 2521 690 2570 planetae
723 2533 860 2570 corpus
891 2528 1027 2559 natura
1058 2521 1283 2559 inclinatum
1326 2527 1382 2559 est
1423 2522 1470 2560 ad
1504 2524 1671 2571 quietem
1713 2524 1752 2559 in
1795 2523 1897 2560 omni
1928 2521 2028 2568 1000,

243 2581 279 2616 in
312 2590 388 2628 quo
420 2580 632 2617 solitarium
665 2581 829 2628 ponitur,
865 2584 901 2618 Ξ.
923 2582 982 2617 vis
1017 2592 1063 2617 ex
1083 2579 1173 2617 Sole
1201 2579 1397 2628 planetam
1429 2582 1645 2629 transponit
1667 2579 1821 2618 deloco
1844 2580 2028 2617 inlocum

245 2637 455 2675 secundum
498 2637 779 2685 longitudinem
813 2635 1032 2685 „zodiaci⁴‘,
1075 2642 1112 2675 3.
1145 2638 1176 2674 si
1208 2649 1283 2674 non
1325 2642 1534 2675 mutaretur
1577 2638 1759 2676 distantia
1797 2638 1976 2687 planetae
2008 2649 2030 2674 a

243 2694 353 2742 Sole,
387 2696 457 2731 iter
488 2707 533 2732 ex
565 2695 637 2733 hac
669 2697 965 2744 transpositione
999 2697 1067 2733 erit
1100 2695 1302 2741 circulare,
1337 2697 1374 2733 4.
1406 2701 1581 2744 tempora
1611 2695 1806 2744 periodica
1836 2696 2027 2745 planetae,

245 2754 281 2788 in
316 2753 466 2790 duabus
497 2764 563 2801 per
594 2755 697 2790 vices
730 2753 923 2791 distantiis
955 2766 977 2791 a
1009 2753 1098 2791 Sole
1130 2758 1212 2790 toto
1245 2754 1391 2791 ambitu
1423 2755 1692 2802 permanentis,
1725 2758 1815 2791 sunt
1843 2755 1881 2790 in
1914 2752 2031 2801 dupla

245 2812 490 2858 proportione
524 2810 810 2858 distantiarum,
846 2816 882 2851 Ξ).
914 2813 1035 2849 virtus
1068 2811 1171 2848 nuda
1203 2816 1239 2848 et
1271 2810 1443 2850 solitaria
1476 2813 1511 2848 in
1545 2813 1628 2860 ipso
1661 2811 1838 2860 planetae
1870 2821 2028 2859 corpore

245 2868 416 2905 residens
448 2879 524 2905 non
555 2874 613 2906 est
644 2869 837 2908 sufficiens
869 2869 1166 2918 transportando
1201 2868 1247 2907 de
1279 2869 1365 2906 loco
1397 2871 1434 2906 in
1466 2869 1593 2907 locum
1615 2881 1686 2907 suo
1709 2869 1871 2917 corpori,
1905 2873 1940 2907 6.
1961 2879 2029 2906 ac-

249 2937 378 2962 cessus
412 2931 538 2963 tamen
571 2926 751 2974 planetae
783 2927 830 2964 ad
854 2927 982 2965 Solem
1017 2932 1054 2966 et
1086 2927 1134 2965 ab
1167 2938 1211 2964 eo
1244 2938 1418 2964 recessus
1452 2929 1570 2965 oritur
1592 2939 1637 2965 ex
1662 2928 1813 2973 virtute,
1847 2937 1947 2974 quae
1969 2930 2028 2964 est

248 2985 403 3032 propria
434 2983 625 3031 planetae.

382 3040 453 3078 His
486 3042 637 3079 innixus
676 3043 932 3080 axiomatibus
972 3047 1009 3080 et
1041 3042 1355 3080 observationum
1393 3043 1613 3081 testimonio
1656 3041 1890 3078 demonstrat
1920 3041 2030 3090 Kep-

244 3096 356 3143 lems,
388 3098 584 3145 planetam
616 3111 740 3147 neque
773 3100 914 3138 circulo
948 3101 1159 3138 eccentrico
1192 3112 1316 3148 neque
1349 3100 1521 3150 epicyclo
1553 3101 1624 3137 iter
1644 3111 1754 3136 suum
1778 3100 1878 3137 circa
1899 3099 2028 3137 Solem

246 3154 428 3201 perficere
466 3167 594 3204 posse.
658 3156 726 3208 „Si
756 3157 914 3206 planeta
944 3169 1034 3196 suas
1067 3158 1196 3206 justas
1238 3157 1440 3196 distantias
1471 3170 1495 3196 a
1524 3156 1615 3196 Sole
1645 3155 1731 3206 lege
1763 3157 1894 3196 circuli
1925 3157 2030 3196 ordi-
