2126 3388
640 189 696 226 De
721 189 843 226 amicis
868 192 906 226 et
928 188 1131 228 fautoribus
1156 191 1315 238 Kepleri.
1800 198 1883 242 963

79 312 173 350 toris
196 309 388 348 voluntati
409 310 668 358 satisfaceret,
689 310 754 359 qui
774 309 921 360 Judicia
943 310 1060 350 vellet
1078 323 1182 351 mere
1203 312 1459 363 astrologica,
1491 313 1683 365 Keplerus
1705 313 1751 353 de
1773 317 1886 354 certis

77 370 192 408 rebus
215 369 447 407 coelestibus
470 367 668 407 consultus
697 370 865 418 priorum
895 369 1177 418 astrologorum
1199 373 1410 410 sententias
1432 373 1561 419 affert,
1595 378 1636 411 ut
1657 372 1885 423 Ptolemaei,

79 427 367 474 Albumasaris‚
403 427 589 473 Cardani,
622 427 753 466 Lucae
783 426 941 464 Gauriei
961 427 1215 478 aliorumque,
1248 431 1371 479 iisque
1403 431 1498 481 ipsis
1530 433 1742 470 orationem
1773 435 1886 470 attri-

79 487 181 534 buit,
214 487 268 523 ita
291 486 447 535 quidem
479 491 520 523 ut
552 485 658 523 illam
691 484 965 536 interpretandi
996 487 1186 524 rationem
1217 499 1257 526 se
1289 490 1415 538 ipsum
1451 500 1606 539 quoque
1638 495 1886 539 accepturum

79 545 201 582 fuisse
223 543 348 591 dicat,
382 546 414 582 si
435 556 602 593 aequum
626 549 662 582 et
684 544 828 582 bonum
851 543 1019 592 duceret,
1051 544 1118 582 sed
1141 545 1215 583 hoc
1243 558 1283 584 se
1308 547 1504 598 „lusumffl
1537 549 1757 598 opinionem
1779 560 1886 588 com-

80 603 301 640 menticiam
332 602 488 641 habere.
550 601 739 650 Quamvis
771 607 901 640 autem
927 601 1119 652 Keplerus
1153 603 1226 642 hoc
1257 605 1372 642 modo
1404 607 1646 656 imperatoris
1678 613 1887 658 praecepta

84 661 270 709 effugeret
301 663 518 711 partimque
552 660 724 698 eluderet
755 660 921 710 ideoque
955 661 1038 709 ejus
1070 660 1210 699 studiis
1242 674 1438 712 nunquam
1464 676 1617 714 prorsus
1652 665 1883 715 indulgeret,

84 726 213 757 tamen
247 726 434 769 perpetua
465 718 567 768 apud
602 721 870 768 imperatorem
903 731 1025 768 usque
1057 719 1106 756 ad
1141 719 1225 768 ejus
1259 727 1421 759 mortem
1452 725 1577 771 gratia
1610 734 1702 761 usus
1736 731 1806 762 est.

220 777 338 814 Aliud
371 789 527 826 quoque
560 778 760 825 negotium
792 778 868 814 sibi
899 776 1124 814 mandatum
1157 780 1300 828 incepit
1322 779 1514 830 Keplerus
1547 781 1696 819 edendo
1721 784 1882 832 partim-

80 847 154 884 que
202 835 429 883 corrigendo
474 835 670 884 'sychonis
725 846 838 884 opere
885 835 1262 884 „Progymnasmata
1311 839 1582 877 Astronomiae
1628 842 1880 880 instauratae.

81 893 178 930 Pars
211 895 374 943 prima“,
408 895 445 929 in
479 904 555 942 quo
589 893 855 930 additamenta
877 898 913 930 et
936 893 1082 930 indices
1114 895 1197 943 ipse
1229 894 1335 933 solus
1358 896 1586 944 elaboravit,
1620 899 1746 936 sedin
1772 911 1885 949 prae-

80 952 261 1001 parandis
294 951 343 989 ad
376 951 582 989 editionem
616 952 789 1001 proemio
823 956 860 988 et
890 951 1086 988 nonnullis
1118 951 1287 1001 plagulis
1326 954 1523 1003 adjutores
1556 955 1692 994 habuit
1723 956 1883 1005 Longo-

79 1014 318 1057 montanum,
343 1011 506 1059 priorem
530 1009 727 1059 Tychonis
749 1011 964 1047 ministrum
989 1012 1145 1059 (postea
1167 1010 1349 1050 Havniae
1379 1013 1659 1065 professorem),
1694 1019 1731 1052 et
1752 1015 1884 1064 Teng-

78 1067 275 1116 nagelium
307 1068 505 1118 Tychonis
542 1079 746 1117 generum,
791 1073 928 1118 postea
970 1068 1202 1106 Archiducis
1237 1069 1429 1109 Matthiae
1473 1072 1747 1111 consiliarium.
1808 1073 1886 1111 Hic

82 1128 255 1177 inprimis
287 1127 498 1177 Keplerum
540 1128 666 1176 operis
699 1128 846 1164 socium
881 1138 964 1164 esse
997 1129 1209 1175 aegerrime
1242 1128 1347 1176 tulit,
1393 1131 1428 1166 in
1466 1131 1581 1168 rebus
1613 1133 1882 1169 astronomicis

79 1197 120 1222 se
151 1185 321 1235 Keplero
355 1197 429 1222 non
463 1185 681 1222 inferiorem
724 1197 807 1222 esse
850 1190 968 1222 ratus.
1031 1185 1119 1234 Ipse
1162 1187 1262 1223 enim
1306 1193 1342 1224 et
1384 1193 1466 1225 tota
1498 1188 1695 1238 Tychonis
1735 1190 1885 1228 familia

79 1243 302 1293 (praecipue
325 1244 407 1292 ejus
432 1243 568 1287 vidua)
601 1243 811 1293 Keplerum
846 1244 1034 1293 putabant
1056 1244 1250 1282 hominem
1273 1246 1344 1282 sibi
1370 1245 1658 1295 alienissimum,
1693 1250 1756 1297 qui
1780 1258 1885 1286 mor-

80 1303 135 1339 tui
167 1304 319 1351 scriptis
352 1314 419 1352 per
450 1303 629 1351 iujuriam
669 1303 815 1351 potitus
848 1301 1053 1339 utilitatem
1088 1313 1134 1339 ex
1166 1302 1325 1341 edendis
1370 1304 1444 1342 illis
1485 1306 1768 1355 percipiendam
1811 1307 1884 1344 sibi

78 1359 312 1398 haeredibus
346 1362 600 1398 imminueret.
665 1359 790 1408 Quam
825 1360 873 1397 ob
905 1371 983 1396 rem
1015 1359 1306 1410 Tengnagelius
1342 1374 1384 1400 se
1416 1364 1498 1401 sine
1530 1364 1700 1413 Keplero
1732 1364 1885 1402 tabulas

80 1418 266 1456 conficere
300 1430 413 1469 posse
447 1425 564 1466 ratus,
597 1417 754 1468 Kepleri
787 1419 953 1467 negotiis
985 1429 1062 1456 non
1094 1419 1209 1457 modo
1244 1420 1405 1469 obstitit,
1446 1421 1514 1459 sed
1547 1424 1662 1460 etiam
1705 1423 1741 1460 id
1775 1434 1885 1461 asse-

80 1482 191 1514 cutus
224 1482 292 1524 est,
326 1484 368 1515 ut
398 1477 591 1527 Keplerus
625 1477 747 1514 invito
780 1476 1047 1525 Tengnagelio
1070 1476 1382 1527 Tychonicorum
1413 1481 1641 1530 scriptorum
1673 1480 1885 1530 quidquam

80 1535 191 1573 edere
225 1540 431 1574 vetaretur.
488 1534 613 1583 Quam
652 1547 731 1573 rem
765 1534 970 1572 multarum
1011 1536 1298 1574 inimicitiarum
1331 1549 1488 1575 causam
1527 1540 1645 1576 fuisse
1678 1539 1792 1577 saeile
1825 1541 1886 1576 in-

80 1593 286 1643 telligetur.
328 1594 520 1643 Keplerus
543 1595 661 1640 enim,
691 1595 757 1642 qui
779 1593 851 1631 hoc
872 1593 946 1630 sibi
969 1593 1018 1631 ab
1041 1594 1270 1643 imperatore
1294 1597 1519 1634 mandatum
1554 1597 1709 1645 diceret,
1743 1599 1886 1647 scripta

79 1664 121 1689 se
154 1651 384 1689 traditurum
417 1664 501 1690 csse
534 1657 754 1690 constanter
776 1653 948 1700 negavit,
981 1651 1050 1689 sed
1082 1658 1209 1690 tamen
1233 1653 1500 1704 Tengnagelio
1534 1657 1705 1704 contigit,
1737 1661 1780 1693 ut
1812 1657 1886 1693 sibi

79 1709 279 1760 Tychonis
312 1712 569 1748 instrumenta
601 1710 856 1748 custodienda
888 1710 1081 1757 darentur,
1115 1722 1192 1759 qua
1223 1723 1262 1749 re
1284 1712 1477 1762 Keplerus
1509 1714 1750 1763 aliquantum
1784 1719 1885 1751 tem-

79 1770 183 1818 poris
217 1770 265 1806 ab
299 1769 640 1807 observationibus
672 1769 942 1807 astronomicis
984 1769 1202 1818 prohibitus
1235 1775 1306 1808 est.

218 1826 295 1865 Sed
327 1839 372 1865 eo
405 1828 629 1865 inimicitiae
652 1827 849 1877 Tychonis
882 1826 1067 1864 haeredes
1098 1830 1292 1877 progressi
1323 1834 1424 1876 sunt,
1460 1834 1500 1867 ut
1532 1830 1580 1868 ad
1613 1831 1884 1880 imperatorem

81 1884 270 1922 deferrent
302 1885 520 1935 querelam,
564 1886 775 1935 Keplerum
809 1887 846 1921 in
878 1885 1016 1923 studiis
1049 1886 1227 1924 inanibus
1260 1892 1411 1936 tempus
1445 1893 1564 1927 terere
1597 1894 1634 1926 et
1674 1889 1748 1926 hac
1778 1900 1886 1927 mora

81 1943 288 1981 editionem
331 1947 450 1993 patris
491 1946 550 1982 sui
592 1956 749 1994 operum
790 1944 988 1982 retardari.
1054 1943 1197 1982 Contra
1228 1944 1421 1995 Keplerus
1457 1947 1544 1995 jure
1583 1947 1697 1994 dixit,
1740 1959 1885 1985 meram

81 2001 237 2050 quidem
279 2003 597 2040 observationum
630 2002 941 2052 Tychonicarum
984 2001 1192 2040 editionem
1233 2004 1381 2042 futilem
1417 2016 1522 2052 esse,
1566 2007 1883 2043 ratiocinatiOnes

80 2065 231 2108 autem,
266 2062 407 2110 quibus
438 2061 532 2099 solis
565 2063 736 2098 omnium
770 2065 1078 2098 astronomorum
1110 2062 1195 2098 usui
1228 2067 1342 2111 aptae
1375 2063 1532 2109 fierent,
1572 2063 1682 2100 multi
1724 2063 1882 2110 laboris,

83 2130 239 2169 operae,
273 2121 458 2170 temporis
491 2131 574 2157 esse
607 2131 698 2158 rem.
759 2118 847 2156 Hoc
879 2119 1035 2168 quidem
1067 2120 1177 2156 initio
1211 2120 1365 2167 celavit,
1400 2133 1440 2159 se
1473 2123 1630 2171 insuper
1660 2133 1731 2159 sua
1753 2121 1884 2159 studia

81 2181 309 2215 tractantem
343 2184 380 2215 et
402 2178 567 2228 Opticen
599 2182 636 2215 et
667 2189 780 2215 suum
813 2177 859 2215 de
890 2176 1014 2215 Marte
1046 2177 1185 2214 librum
1218 2190 1460 2228 praeparare.
1513 2180 1713 2217 Postremo
1737 2180 1785 2217 ab
1808 2181 1883 2217 im-

81 2240 258 2285 peratore
291 2238 537 2286 impetratum
569 2241 639 2281 est,
672 2241 714 2273 ut
744 2235 938 2286 Keplerus
965 2236 1078 2284 jussu
1111 2237 1356 2286 imperatorio
1391 2250 1507 2288 opera
1537 2250 1608 2275 sua
1638 2243 1881 2288 proponeret.

84 2293 155 2331 Cui
187 2294 372 2332 mandato
405 2306 490 2332 cum
523 2295 705 2332 cessisset-
736 2299 774 2332 et
805 2293 995 2343 quidquid
1027 2294 1247 2332 tabularum
1281 2294 1550 2334 elaboraverat
1581 2298 1618 2332 in
1650 2296 1778 2334 medio
1809 2307 1884 2346 po-

85 2354 247 2399 suisset,
290 2352 503 2390 adversarii
536 2354 590 2390 rei
624 2354 743 2401 ipsius
776 2353 1052 2402 imperitissimi
1084 2351 1446 2404 (Longomontanus
1480 2356 1580 2392 enim
1614 2354 1696 2403 jam
1737 2354 1882 2392 diutius

83 2410 217 2460 procul
250 2422 273 2448 a
303 2411 430 2461 Praga
463 2409 576 2461 erat),
621 2410 780 2460 Kepleri
816 2411 983 2459 negotiis
1016 2411 1170 2448 minIme
1204 2414 1373 2450 contenti
1405 2413 1454 2450 ab
1488 2414 1716 2462 imperatore
1758 2414 1883 2462 impe-

46 2508 49 2509 ⁷
84 2474 294 2516 traverunt,
328 2475 369 2506 ut
398 2469 453 2506 illi
487 2472 680 2519 inspector
713 2470 824 2517 quasi
856 2469 1069 2506 studiorum
1109 2470 1382 2508 nominaretur.
1448 2472 1518 2508 Cui
1551 2473 1698 2508 muneri
1731 2470 1883 2508 Joan-

84 2539 170 2564 nes
202 2527 464 2565 Pistorius
499 2527 643 2565 electus
665 2533 734 2574 est,
769 2529 924 2564 natione
949 2526 1098 2577 cattus,
1130 2527 1178 2564 ad
1210 2527 1323 2565 fidem
1358 2528 1587 2567 catholicam
1620 2537 1883 2576 transgressus

84 2589 121 2622 et
152 2584 350 2635 Rndolphi
382 2587 623 2635 imperatoris
657 2586 693 2621 in
726 2586 839 2623 rebus
870 2586 988 2622 sacris
1022 2585 1191 2633 adjutor,
1235 2587 1301 2634 qui
1334 2587 1502 2624 osticium
1546 2588 1619 2625 sibi
1660 2587 1883 2636 impositum

82 2642 381 2692 prudentissime
414 2645 607 2682 tractavit.
669 2643 787 2681 Brevi
821 2645 920 2680 enim
954 2645 1148 2693 perspexit
1180 2644 1251 2679 viri
1282 2656 1464 2693 magnum
1506 2646 1726 2693 ingenium,
1772 2644 1882 2692 cujus

82 2700 211 2738 studia
242 2702 324 2750 ipse
355 2702 572 2750 inspiceret,
607 2708 644 2740 et
677 2701 783 2738 haud
816 2701 931 2738 dubie
965 2701 1012 2738 ob
1046 2713 1130 2738 eam
1163 2703 1285 2750 ipsam
1318 2714 1396 2740 rem
1429 2703 1478 2740 ab
1510 2704 1740 2752 imperatore
1773 2701 1882 2739 dele-

87 2767 202 2807 gatus
235 2764 304 2806 est,
339 2760 424 2807 qui,
458 2771 694 2808 quamquam
727 2761 870 2796 inimici
904 2760 1033 2795 omnia
1065 2759 1190 2796 moliti
1222 2764 1328 2806 suut,
1363 2765 1490 2798 tamen
1524 2759 1732 2809 Keplerum
1766 2771 1879 2796 suum

83 2817 239 2867 plurimi
271 2818 496 2854 aestimaret
527 2829 652 2865 neque
686 2829 771 2855 eum
803 2822 954 2866 praeter
985 2828 1064 2853 rem
1104 2817 1237 2853 vexari
1269 2821 1306 2854 et
1338 2818 1484 2854 turbari
1522 2817 1652 2855 vellet.
1713 2818 1881 2855 Pistorio

84 2880 214 2912 autem
248 2875 440 2925 Keplerus
472 2875 607 2912 libenti
647 2877 776 2912 animo
820 2876 949 2911 onmia
988 2874 1149 2911 consilia
1180 2885 1251 2910 sua
1292 2874 1454 2923 detexit,
1498 2876 1565 2924 qui
1596 2875 1808 2924 Keplerum
1841 2880 1882 2912 ut

83 2934 250 2970 amicum
290 2938 460 2971 tractans
502 2938 635 2983 aperta
674 2932 929 2970 admiratione
968 2933 1136 2968 maxima
1178 2932 1249 2968 viri
1292 2943 1408 2981 opera
1449 2935 1614 2971 ornavit.
1676 2932 1752 2970 Sed
1795 2944 1880 2970 cum

86 2991 291 3041 Keplerus,
326 2996 366 3028 ut
397 2991 561 3036 solebat,
595 2990 790 3040 quondam
823 2995 954 3039 aperte
987 2990 1033 3026 de
1066 2991 1338 3027 controversiis
1370 2989 1419 3028 ad
1450 3002 1509 3028 res
1531 3002 1659 3029 sacras
1689 2992 1882 3041 pertinen-

85 3050 189 3086 tibus
222 3050 259 3086 in
293 3049 457 3099 epistola
489 3050 724 3099 scripsisset,
765 3059 864 3097 quae
907 3049 1044 3097 prioris
1087 3048 1274 3084 sermonis
1316 3050 1556 3086 continuatio
1599 3060 1684 3087 esse
1718 3049 1879 3096 videtur,

86 3108 380 3157 potentissimus
412 3107 476 3144 ille
509 3106 689 3145 sacerdos
722 3106 935 3144 catholicus
966 3105 1040 3143 hoc
1070 3105 1279 3155 Keplerum
1312 3107 1508 3156 rescripsit
1545 3118 1621 3145 non
1654 3106 1881 3157 intelligere,

92 3164 194 3205 velle
225 3177 266 3204 se
301 3171 341 3203 ut
370 3165 565 3216 Keplerus
597 3164 835 3215 theologiam
866 3165 1022 3202 missam
1054 3163 1210 3202 faceret.
1261 3165 1344 3212 (Cfr.
1371 3165 1439 3202 vol.
1465 3166 1526 3203 IV.
1553 3178 1588 3212 p.
1618 3166 1683 3203 114
1709 3168 1769 3208 ss.)

1540 3230 1605 3266 62*
