2126 3388
239 155 323 200 700
911 158 995 194 Vita
1017 157 1041 192 J
1043 157 1168 194 oannis
1191 157 1349 204 Kepleri.

239 282 301 314 tae
333 288 465 315 omnes
497 275 676 314 cadentes
709 278 757 316 ab
789 279 941 327 angulis
983 278 1200 327 significant
1237 277 1450 329 jucundum
1490 279 1613 328 magis
1655 289 1771 327 quam
1811 277 1902 317 felix
1933 289 2027 316 con-

236 336 400 384 jugium,
433 333 499 372 sed
531 346 711 381 amorem,
745 336 992 385 elegantiam.

378 400 616 444 Calamitates,
643 412 731 445 quas
751 413 844 437 anno
866 404 954 438 1597
970 404 1195 447 praeviderat
1211 404 1400 448 chlcrus,
1427 402 1495 436 hoc
1516 413 1608 436 anno
1626 402 1661 436 in
1680 402 1860 446 Styriacos
1877 401 2029 436 Lutheri

239 459 321 493 fidei
357 457 518 492 addictos
555 466 760 502 eruperunt.
819 461 976 503 Pergens
1009 460 1045 494 111
1081 460 1193 494 literis
1225 461 1257 496 (1.
1293 461 1322 495 d.
1360 462 1412 495 11.
1448 459 1546 494 Junii
1583 460 1673 495 haec
1712 461 1755 495 de
1788 460 1843 494 his
1883 459 2030 494 nunciat

240 509 498 544 §.Iaostlinoz
527 508 823 547 Zimmermanni
847 515 1007 548 mortem
1029 516 1240 559 sequuntur
1261 511 1384 547 tristia
1405 514 1590 559 tempora..
1633 510 1899 548 Ferdinandus
1923 511 2030 558 prin-

241 577 328 612 ceps
370 565 405 600 in
445 565 597 603 Italiam
646 568 753 605 abiit.
829 569 1026 606 Ferrariae
1064 570 1191 617 ipsum
1234 568 1388 617 Jupiter
1428 568 1626 605 Romanus
1672 580 1803 605 mensa
1850 567 2030 617 dignatus

240 628 308 661 est.
359 622 402 659 In
445 625 607 661 transitu
648 628 825 664 torrentis
865 627 1028 675 alicujus
1069 639 1202 676 parum
1240 627 1383 671 abfuit,
1428 627 1518 674 quin
1551 627 1729 675 princeps
1769 626 2030 671 suffocaretur,

241 685 373 716 votum
404 680 552 719 Mariae
586 682 828 722 Lauretanae
861 686 1083 733 concepisse
1115 685 1251 723 dicitnr
1291 685 1499 733 statimque
1532 685 1570 720 111
1603 684 1704 721 vado
1736 684 1899 721 stetisse.
1950 683 2032 720 Nec

241 739 365 774 minus
405 740 442 775 in
484 741 578 777 mari
620 742 770 780 Veneto
810 743 1050 791 periclitatus
1089 748 1158 781 est.
1236 743 1431 780 Ferrariae
1478 741 1703 779 adventanti
1746 740 1839 779 ,Jovi
1883 745 1920 778 et
1958 752 2032 778 no-

239 797 339 833 mine
372 797 454 844 ejus
487 798 614 836 clienti
646 801 867 849 spectacula
901 801 1073 839 exhibita
1104 802 1225 850 ignita
1254 801 1324 838 sub
1355 812 1570 849 vesperam,
1604 801 1669 837 ubi
1698 799 1834 837 domus
1875 799 2029 836 flamma

241 866 286 890 ex
308 855 396 901 igne
420 855 575 894 volante
597 864 794 908 concepta,
828 871 913 897 cum
935 871 1003 908 pro
1025 859 1171 897 ludicro
1194 863 1431 908 spectaretur
1452 857 1670 896 incendium
1699 862 1737 896 et
1757 857 2030 905 negligeretur,

241 913 495 961 conilagravit
525 919 605 953 tota
637 922 673 954 et
705 916 824 968 (quod
856 917 976 956 semel
1007 922 1155 954 tantum
1179 918 1364 963 auditum,
1399 917 1448 953 ab
1470 916 1625 954 homine
1656 920 1783 953 tamen
1807 914 1880 963 fide
1904 914 2032 962 digno,

242 971 304 1007 vix
337 971 476 1009 imitari
509 973 652 1021 audeo)
685 975 830 1024 periere
852 976 1015 1013 flammis
1040 975 1301 1023 251101nines,
1338 979 1360 1012 4
1384 979 1518 1022 turres,
1554 975 1674 1024 ipsius
1695 973 1811 1012 Jovis
1841 973 2031 1022 palatium

241 1033 343 1067 metu
376 1030 535 1078 periculi
566 1044 677 1069 suum
710 1033 857 1083 expulit
885 1033 1156 1072 habitatorem.

383 1086 525 1126 Omnes
569 1090 733 1128 reditum
775 1091 963 1140 Principis
1005 1091 1208 1141 trepidant.
1277 1091 1427 1128 Dicitur
1469 1089 1601 1127 italica
1639 1088 1786 1127 auxilia
1828 1088 2032 1127 adducere.

243 1144 403 1183 Senatui
442 1147 563 1184 civico
605 1155 759 1187 nostrae
800 1150 1052 1187 confessionis
1090 1151 1337 1198 magistratus
1379 1149 1588 1197 abrogatus
1630 1152 1698 1185 est.
1759 1147 1963 1185 Portarum
1996 1151 2035 1185 et

243 1206 461 1241 armentarii
483 1206 605 1243 urbici
627 1207 826 1245 custodiae
847 1220 971 1257 papae
1005 1208 1287 1245 confessoribus
1310 1206 1488 1245 creditae.
1542 1206 1735 1243 Minarum
1757 1207 1887 1243 omnia
1906 1205 2034 1254 plena.

240 1289 283 1294 —-
309 1269 348 1302 111
375 1270 536 1314 epistolis
567 1271 662 1307 hanc
695 1275 929 1317 sequentibus
962 1274 1139 1318 Keplerus
1172 1274 1249 1318 (per
1280 1278 1489 1308 autumnum
1523 1272 1605 1307 anni
1632 1272 1687 1315 98)
1718 1273 1845 1307 turbas
1871 1272 1936 1306 has
1961 1283 2032 1307 non

240 1327 365 1369 tangit,
393 1327 550 1363 referens
577 1330 619 1363 dc
645 1330 865 1366 conficiendo
894 1342 1023 1376 „opere
1050 1334 1239 1375 argente&
1269 1335 1303 1366 et
1330 1332 1372 1366 de
1398 1330 1594 1365 Prodromo
1620 1329 1700 1374 (cfr.
1718 1330 1748 1365 Ι.
1765 1330 1839 1375 89),
1866 1330 1923 1365 (116
1948 1340 2031 1365 vero

240 1385 272 1420 9.
299 1386 386 1420 Dec.
414 1386 503 1420 haec
529 1388 676 1423 nunciat
701 1389 912 1424 Maestlino:

376 1447 540 1486 Pandite
571 1461 672 1487 nunc
704 1450 896 1489 Helicona
914 1451 1023 1489 Deae
1055 1455 1267 1499 cantusque
1297 1455 1465 1488 movete.
1517 1448 1594 1488 Sed
1626 1449 1719 1498 quid
1741 1454 1877 1487 cantus
1898 1460 2032 1500 posco,

240 1505 301 1541 cui
332 1505 443 1543 fletus
482 1518 579 1555 opus
622 1508 708 1546 est?
758 1509 854 1547 Rem
898 1509 1064 1546 breviter
1107 1509 1251 1557 accipe.
1305 1509 1382 1546 Vix
1413 1507 1579 1547 redierat
1611 1519 1657 1545 ex
1688 1507 1804 1546 Italia
1841 1509 2030 1557 princeps,

241 1574 325 1599 cum
358 1563 519 1611 accidit,
566 1570 608 1602 ut
645 1568 817 1615 picturae
858 1567 1049 1616 quaedam
1089 1578 1234 1605 aeneae
1265 1568 1303 1603 in
1334 1578 1460 1615 papae
1492 1566 1766 1603 contumeliam
1796 1566 1859 1604 hic
1890 1564 2032 1604 distra-

227 1621 431 1670 herentur.
494 1623 676 1673 Princeps
716 1631 856 1662 vocato
897 1626 1173 1663 ordinariorum
1213 1625 1409 1674 praeside,
1442 1635 1579 1673 pacem
1620 1625 1746 1672 inquit
1776 1625 1849 1661 etsi
1888 1623 2029 1669 darem,

242 1680 314 1727 ipsi
346 1682 538 1728 respuitis.
593 1682 646 1718 Ex
680 1694 724 1719 eo
758 1683 985 1732 bibliopola,
1019 1683 1196 1731 quamvis
1227 1683 1522 1731 provincialium
1554 1683 1745 1728 minister,
1781 1683 1895 1730 jussu
1927 1683 2033 1731 prin-

241 1738 336 1785 cipis
368 1738 405 1773 in
439 1750 628 1777 carcerem
673 1741 745 1777 fuit
784 1742 991 1789 conjectus.
1054 1741 1100 1778 Id
1130 1742 1273 1779 factum
1315 1753 1445 1778 mense
1477 1740 1598 1778 Julio.
1661 1739 1808 1778 Eodem
1846 1746 2030 1789 tempore,

242 1808 325 1832 cum
359 1802 511 1834 nostrae
545 1799 795 1836 consessionis
827 1799 1109 1848 Elemosynarii
1139 1804 1402 1849 premerentur
1435 1799 1495 1836 vel
1526 1799 1825 1847 praeterirentur
1854 1799 1892 1834 in
1925 1809 2033 1835 com-

242 1856 343 1890 muni
376 1853 582 1903 hospitali,
628 1861 664 1894 et
695 1865 931 1894 mortuorum
973 1869 1133 1906 corpora
1174 1869 1242 1906 pro
1275 1857 1475 1906 sepultura
1504 1858 1617 1894 nimis
1649 1868 1832 1905 magnum
1863 1856 2031 1905 vectigal

241 1912 405 1960 pendere
438 1913 673 1962 viderentur,
707 1915 999 1963 promulgarunt
1030 1917 1150 1953 nostri
1174 1915 1219 1952 de
1242 1922 1440 1964 suggestu,
1476 1926 1620 1952 novum
1642 1915 1928 1962 coemeterium,
1960 1925 2033 1952 no-

243 1982 332 2006 vum
364 1969 556 2018 hospitale
589 1985 657 2021 pro
688 1974 946 2017 nostratibus,
979 1975 1283 2011 contributiones
1316 1973 1534 2011 Christiano
1567 1984 1671 2010 more
1702 1978 1919 2011 suaserunt.
1980 1972 2033 2009 At

243 2039 327 2065 cum
360 2035 595 2076 praestemus
628 2043 808 2077 numero,
848 2044 1028 2080 magnum
1070 2031 1161 2080 quid
1194 2031 1401 2079 pontificiis
1434 2030 1681 2069 decessurum
1714 2036 1807 2068 erat.
1869 2030 2034 2068 Sublata

244 2087 372 2133 itaque
416 2093 472 2124 est
513 2091 743 2126 auctoritate
790 2091 971 2138 principis
1013 2090 1081 2127 illa
1123 2089 1284 2127 molitio.
1346 2089 1479 2127 Mense
1520 2090 1698 2136 Augusto
1741 2088 2033 2137 praeambulum

240 2144 461 2191 tragoediae
492 2146 574 2183 fuit.
617 2147 938 2197 Archipresbyter
960 2149 1063 2185 urbis
1097 2160 1163 2197 pro
1197 2147 1311 2185 officii
1342 2148 1490 2185 ratione
1521 2147 1662 2183 nostris
1694 2147 2033 2184 concionatoribus

241 2204 342 2238 omni
386 2205 567 2241 exercitio
606 2205 802 2252 religionis
835 2211 871 2242 et
904 2205 1237 2243 administratione
1283 2210 1608 2242 sacramentorum
1641 2204 2032 2253 benedictionumque

241 2260 516 2308 eonjugialium
549 2262 760 2309 interdixit,
806 2270 1008 2310 praetenso
1037 2264 1142 2311 jure,
1182 2262 1285 2310 quod
1317 2263 1461 2300 habeat
1499 2263 1730 2310 antiquitus,
1772 2264 1837 2310 qui
1868 2261 1945 2300 loci
1976 2268 2035 2300 est

241 2318 567 2368 archipresbyter,
620 2321 729 2368 cujus
773 2321 978 2369 vectigalia
1021 2323 1253 2368 minuantur,
1295 2320 1477 2358 aliorsum
1519 2321 1723 2358 abstractis
1767 2320 1874 2358 hisce
1915 2322 2033 2358 sacris

239 2377 581 2425 negotiationibus.
643 2378 892 2427 Respondere
924 2390 992 2427 pro
1024 2380 1208 2416 ministris
1239 2380 1381 2415 nostris
1414 2378 1610 2417 ordinarii.
1662 2378 1884 2427 Replicavit
1913 2378 2033 2416 semel

240 2442 356 2483 atque
390 2436 549 2481 iterum,
589 2441 626 2472 et
659 2436 823 2484 denique
864 2436 1063 2474 brachium
1103 2436 1277 2474 seculare
1308 2437 1520 2475 invocavit.
1582 2436 1785 2485 Princeps:
1821 2436 1960 2474 debere
1993 2448 2032 2474 56

240 2493 401 2531 tutelam
432 2504 508 2529 non
540 2494 651 2530 nobis
683 2500 832 2531 tantum
874 2494 941 2532 sed
974 2500 1011 2531 et
1042 2496 1121 2531 suis
1161 2494 1370 2543 religiosis,
1415 2496 1546 2542 itaque
1578 2494 1682 2542 quod
1713 2499 1830 2532 antea
1861 2495 2034 2532 facturus

240 2557 320 2589 erat
351 2552 505 2599 propria
536 2550 764 2598 devotione,
810 2551 846 2588 id
878 2564 978 2590 nunc
1010 2552 1253 2601 imploratum
1295 2553 1419 2589 facere
1452 2560 1489 2589 et
1520 2551 1723 2599 mandare,
1766 2557 1808 2590 ut
1851 2551 2034 2589 ordinarii

241 2614 339 2647 intra
374 2614 423 2647 14
457 2608 538 2646 dies
570 2612 724 2647 mittant
756 2621 886 2647 omnes
920 2611 1107 2648 ecclesiae
1151 2617 1186 2648 et
1217 2610 1375 2648 scholae
1408 2609 1531 2647 Gratii
1564 2615 1601 2647 et
1631 2609 1885 2658 Judeburgae
1916 2611 2033 2647 mini·
2060 2645 2061 2649 ,

241 2674 338 2705 stros
380 2679 524 2715 eosque
564 2669 602 2704 in
645 2673 843 2706 aeternum
885 2668 1150 2706 haereditariis
1193 2670 1272 2705 suis
1313 2669 1519 2716 provinciis
1561 2669 1754 2706 abstinere
1794 2668 1866 2705 sub
1907 2679 2034 2717 poena

243 2728 378 2774 capitis
405 2726 581 2774 jubeant.
644 2726 805 2763 Factum
842 2731 906 2766 10.
942 2731 1008 2765 20.
1041 2727 1146 2775 Sept.
1193 2725 1506 2775 Responderunt,
1550 2738 1661 2763 suum
1693 2737 1777 2763 esse
1813 2727 1912 2764 tueri
1943 2737 2033 2774 per-

243 2796 358 2820 sonas
389 2783 459 2820 has
493 2789 624 2821 contra
658 2785 757 2831 vim,
799 2786 949 2822 mittere
981 2796 1056 2822 non
1089 2797 1199 2822 suum
1232 2795 1339 2830 esse,
1380 2783 1447 2821 sed
1479 2786 1596 2821 totius
1629 2788 1853 2822 conventus.
1914 2783 2035 2821 Erant

244 2847 323 2878 tum
362 2841 423 2878 hic
455 2841 642 2890 Hispani,
684 2853 866 2890 sponsam
906 2844 1007 2890 regis
1052 2843 1267 2880 comitaturi
1311 2847 1348 2879 et
1386 2848 1472 2891 post
1513 2841 1671 2879 biduum
1710 2841 1915 2879 discessuri
1947 2853 2033 2879 cum

244 2899 417 2948 Styriaco
451 2901 634 2937 comitatu
667 2901 749 2949 (qui
781 2906 884 2937 totus
916 2913 962 2938 ex
993 2902 1200 2950 pontificiis
1232 2900 1364 2937 debuit
1396 2901 1590 2948 constare)
1622 2899 1868 2948 putabantur.
1920 2898 2034 2935 Prin-

247 2968 334 3004 ceps
379 2961 441 2995 14.
483 2961 548 2995 24.
583 2958 687 3006 Sept.
732 2959 844 2996 nobis
884 2961 976 3007 ipsis
1017 2961 1196 3008 imperat,
1239 2963 1280 2995 ut
1323 2947 1421 2995 infra
1462 2962 1642 2995 octavum
1683 2956 1783 2994 diem
1823 2957 2033 3005 provinciis

245 3015 323 3050 suis
363 3015 555 3052 abiremus
594 3017 664 3053 sub
704 3028 829 3064 poena
870 3018 1019 3065 capitis.
1082 3018 1156 3054 Diu
1197 3017 1349 3064 scriptis
1389 3020 1649 3053 concertatum
1686 3015 1896 3064 principem
1937 3015 2034 3051 inter

244 3076 282 3109 et
313 3071 524 3110 ordinarios
568 3071 649 3123 (qui
691 3075 838 3112 vicinos
870 3086 1045 3124 proceres
1077 3079 1411 3121 convocaverant,
1455 3073 1524 3111 sed
1555 3083 1742 3122 aquarum
1774 3073 1951 3111 maximis
1994 3077 2033 3110 et
