2126 3388
261 165 344 212 716
935 161 1019 198 Vita
1042 160 1065 197 J
1067 158 1193 196 oannis
1217 158 1376 206 Kepleri.

258 288 395 320 remota
420 281 675 318 mathematum
700 279 819 316 studia
845 287 1038 323 eorumque
1064 276 1226 313 'alumnos
1253 276 1445 322 singularis
1471 279 1507 311 et
1523 285 1704 320 nunquam
1730 276 1816 311 satis
1842 274 2046 312 laudandus

261 343 362 379 favor
387 347 421 378 et
443 340 656 385 benignitas,
683 339 728 374 ab
754 338 917 374 omnibus
942 336 1040 371 hisce
1066 334 1380 370 excellentioribus
1398 334 1560 369 scientiis
1577 333 1728 369 addictis
1754 333 1879 369 merito
1906 344 2047 378 semper

261 399 555 446 depraedicanda.
604 399 815 433 Intercessit
845 395 931 431 mihi
963 405 1043 430 cum
1077 393 1139 428 illo
1171 393 1263 438 viro,
1298 397 1492 438 postquam
1516 392 1634 427 Dauia
1658 392 1843 436 emigravi,
1874 391 2047 428 nonnulla

260 471 324 505 per
349 460 470 494 literas
504 456 699 500 eademque
731 458 900 501 pergrata
933 452 1174 498 familiaritaS,
1209 462 1301 497 quae
1336 462 1380 486 ex
1404 455 1530 487 mutua
1559 451 1781 496 praesentia,
1815 461 1922 495 quam
1946 450 2047 486 brevi

260 518 415 552 futuram
439 515 526 550 mihi
550 513 769 560 persuadeo,
797 512 919 557 augeri
943 511 1088 556 poterit.
1132 510 1312 556 Quidquid
1337 520 1421 545 vero
1447 509 1643 554 voluptatis
1670 513 1706 545 et
1723 509 1899 545 commodi
1917 519 1962 543 ex
1978 509 2048 543 hoc

259 579 379 609 nostro
406 583 598 616 congressu
622 581 835 617 promanare
859 569 1001 614 poterit,
1026 568 1082 602 Ill.
1109 568 1157 602 Di
1174 569 1273 604 Tuae
1297 578 1425 611 magna
1450 578 1494 601 ex
1518 572 1621 612 parte
1647 571 1835 611 acceptum
1860 566 2048 602 ferendum

259 635 360 676 grata
385 634 503 665 mente
529 640 697 675 agnosco.
732 631 937 671 (Inscriptioz
972 628 1025 661 111.
1052 628 1132 659 Gen.
1158 629 1205 659 Do
1233 629 1282 659 D⁰
1305 628 1428 659 Joanni
1453 627 1624 658 Friderico
1651 627 1851 668 Hoffmann,
1883 627 1924 658 L.
1947 628 1988 660 B.
2010 628 2047 658 111

261 691 490 733 Griienpuchel
517 695 548 722 et
573 692 756 730 Strechaw‚
788 688 956 731 praefecto
989 688 1178 728 provinciae
1213 687 1359 718 Ducatus
1394 686 1522 725 styriae
1554 689 1585 716 et
1617 685 1857 716 Archiducatus
1883 686 2046 726 Austriae,

259 743 460 774 Marescalco
487 745 611 784 ubique
636 741 878 782 haereditareo,
911 741 1092 778 Burgravio
1118 740 1153 769 in
1178 739 1308 781 Steyer,
1340 749 1400 770 nec
1426 748 1492 769 non
1518 739 1552 773 S,
1579 737 1616 772 C.
1643 738 1688 771 Μ.
1715 736 1824 770 Aulae
1857 738 2046 769 consiliario

259 800 290 827 et
315 796 523 828 Serenissimi
549 795 745 826 Archiducis
771 793 994 824 Maximiliani
1021 791 1256 830 Cubicularia)

395 852 532 886 Eodem
559 851 614 886 die
640 850 784 894 scripsit
808 849 930 894 Tycho
958 848 1131 892 Keplero:
1164 848 1312 882 Reversi
1337 848 1415 882 heri
1440 848 1580 892 vesperi
1607 857 1686 883 sero
1713 846 1758 881 ad
1782 857 1839 881 me
1864 846 2050 882 domestici

259 909 309 944 illi
334 910 413 951 mei,
439 920 529 953 quos
554 910 706 952 Pragam
731 908 912 948 miseram,
945 910 1026 941 tuas
1053 905 1290 941 eruditissime
1317 910 1351 941 et
1377 906 1620 940 amantissime
1645 905 1796 940 Domine
1822 905 1978 950 Keplere
2004 916 2049 940 ex

258 969 440 1013 insperato
467 967 620 1002 attulere
638 965 915 1001 humanissimas
940 964 1074 1005 literas,
1103 963 1230 1008 quibus
1255 963 1358 998 lectis
1383 968 1419 998 te
1436 963 1572 1007 Pragae
1596 974 1690 998 nunc
1716 973 1794 998 esse
1818 963 2050 1007 perlubenter

259 1026 429 1071 comperi.
460 1025 573 1060 Invite
590 1029 710 1059 tamen
729 1024 924 1067 0111511010
943 1023 1164 1066 colligebam,
1190 1027 1226 1057 te
1244 1022 1394 1057 necdum
1412 1032 1509 1057 meas
1522 1050 1530 1066 ,
1565 1032 1653 1066 quas
1671 1021 1808 1057 ultimis
1825 1022 1896 1057 tuis
1913 1021 2049 1056 affatim

256 1085 514 1130 respondentes
539 1089 622 1120 ante
647 1094 804 1119 mensem
830 1083 1004 1117 Viennam
1031 1081 1161 1126 direxi,
1198 1081 1397 1126 accepisse.
1447 1080 1547 1124 Quae
1582 1080 1610 1114 si
1642 1080 1779 1115 interea
1810 1079 1874 1114 tibi
1897 1079 2049 1115 traditae

255 1143 416 1190 fuissent,
442 1143 510 1179 hac
534 1142 705 1178 reiterata
722 1140 980 1186 protestatione
999 1142 1034 1174 et
1056 1139 1289 1175 excusatione
1315 1138 1581 1183 supersedisses
1611 1142 1719 1183 atque
1744 1138 1815 1173 huc
1832 1137 2050 1173 advolasses.

258 1206 338 1243 (Hae
354 1204 470 1235 literae
488 1205 640 1242 leguntur
656 1213 736 1244 pag.
754 1211 825 1243 seq.
842 1202 876 1231 in
894 1204 981 1243 nota,
1000 1199 1136 1241 Kepleri
1154 1200 1407 1235 desiderantur.)
1452 1196 1555 1240 Quod
1582 1200 1621 1231 ut
1647 1197 1839 1231 etiamnum
1863 1196 1988 1241 facias,
2013 1201 2049 1231 te

256 1262 362 1296 etiam
380 1265 485 1304 atque
507 1259 612 1294 etiam
629 1269 728 1302 rogo.
771 1257 910 1292 Poteris
935 1256 971 1290 in
989 1256 1115 1291 eodem
1132 1256 1295 1292 vehiculo
1322 1255 1491 1291 comitare
1516 1254 1788 1300 Tengnaglium,
1815 1255 2051 1290 domesticum

258 1324 418 1354 nostrum
444 1323 479 1353 et
504 1318 617 1353 filium
642 1327 761 1352 meum
785 1320 873 1350 natu
906 1314 1097 1359 majorem,
1130 1324 1219 1358 quos
1246 1314 1400 1358 Pragam
1432 1323 1528 1347 nunc
1560 1312 1700 1356 ableg0.
1748 1313 1804 1348 De
1829 1323 1907 1348 meo
1932 1312 2052 1348 isthuc

259 1379 415 1413 adventu
440 1377 594 1413 necdum
620 1375 706 1410 certi
733 1374 819 1419 quid
845 1373 1059 1408 concludere
1084 1382 1243 1416 possum,
1271 1375 1463 1415 antequam
1491 1372 1592 1407 Caes.
1611 1371 1841 1415 Majestatem
1868 1382 1909 1406 eo
1935 1382 2050 1406 rever-

257 1447 333 1471 sum
359 1446 437 1472 esse
454 1434 678 1470 intellexero.
720 1433 846 1477 Neque
866 1431 958 1466 enim
977 1431 1062 1475 quid
1087 1429 1176 1464 alias
1200 1428 1308 1464 isthic
1333 1438 1551 1473 magnopere
1576 1439 1678 1472 agam
1703 1429 1830 1475 habeo,
1855 1440 1922 1465 nec
1939 1429 2050 1465 liben-

257 1501 312 1529 ter
345 1494 494 1537 accedo,
528 1493 596 1528 nisi
622 1502 642 1526 a
669 1492 769 1526 Caes.
795 1489 989 1533 Majestate
1024 1487 1299 1524 clementissime
1329 1497 1456 1530 vocor,
1492 1486 1667 1531 siquidem
1690 1487 1727 1522 id
1758 1488 1847 1523 citra
1878 1488 2050 1533 temporis

259 1552 446 1598 aliqualem
463 1551 651 1596 jacturam,
672 1552 707 1584 et
725 1548 937 1592 studiorum,
958 1557 1050 1591 quae
1067 1556 1154 1590 prae
1171 1545 1335 1581 manibus
1354 1545 1481 1588 habeO,
1506 1544 1682 1580 remoram
1700 1545 1780 1580 fieri
1796 1547 1934 1591 nequit.

394 1609 620 1654 Explorandi
647 1597 853 1651 aoron‘yehii
879 1605 969 1640 situs
996 1604 1125 1639 Martis
1153 1608 1188 1639 et
1213 1604 1325 1647 Jovis,
1352 1606 1427 1638 tum
1453 1613 1596 1648 quoque
1621 1604 1666 1640 ad
1690 1604 1918 1651 Mercurium,
1945 1617 2050 1651 quem

259 1670 413 1705 discrete
440 1671 675 1713 apparentem
702 1663 982 1707 observavimus,
1009 1667 1084 1697 tum
1111 1672 1254 1706 quoque
1279 1662 1325 1696 ad
1350 1662 1526 1697 Venerem
1553 1671 1665 1707 eoam,
1691 1672 1783 1707 quae
1808 1663 1963 1698 interdiu
1981 1674 2052 1698 una

258 1739 337 1765 cum
363 1726 446 1762 Sole
471 1727 507 1761 111
532 1723 728 1760 meridiano
756 1722 913 1756 existens
941 1724 1146 1765 spectatur,
1173 1719 1444 1756 advertendum.
1494 1720 1611 1755 Taceo
1636 1720 1732 1764 quod
1760 1720 1954 1766 Saturnus,
1979 1732 2051 1756 non

258 1788 361 1830 longe
386 1797 406 1821 a
436 1789 470 1824 Ε]
493 1785 537 1829 Θ
562 1792 665 1817 1110110
687 1781 796 1825 juxta
821 1779 1055 1814 meridianum
1081 1788 1271 1824 apparens,
1297 1789 1361 1822 pro
1387 1777 1565 1823 parallaxi
1592 1777 1688 1812 orbis
1716 1778 1772 1821 (ut
1796 1783 1901 1814 vocat
1919 1779 2050 1824 Coper-

259 1846 374 1888 nicus)
402 1848 437 1878 et
462 1840 652 1877 latitudine
688 1850 755 1874 sua
785 1836 948 1872 rimanda
977 1847 1050 1871 non
1075 1836 1385 1872 inconvenientem
1413 1835 1583 1870 exhibeat
1615 1837 1852 1871 occasionem.
1901 1837 2052 1873 Accedit

260 1909 294 1939 et
318 1904 397 1948 1100,
425 1900 520 1946 quod
544 1898 708 1945 proxime
732 1897 838 1932 Luna
863 1895 1013 1939 eclipsin
1039 1894 1217 1939 patietur,
1245 1895 1303 1930 cui
1329 1895 1436 1930 etiam
1463 1893 1733 1930 attendendum.
1782 1895 1892 1930 Vides
1917 1895 2050 1942 itaque,

258 1962 305 1997 mi
330 1961 502 2005 Keplere,
538 1962 625 2003 quot
651 1962 687 1992 et
712 1960 847 2002 quauta
880 1954 1052 1989 exercitia
1082 1957 1207 1989 nostra
1240 1952 1483 1989 astronomica
1515 1953 1682 1997 ingerant
1706 1953 1914 1998 obstacula,
1948 1953 2051 1990 nobis

258 2025 378 2055 tamen
402 2018 500 2052 haud
526 2018 678 2061 ingrata,
706 2025 775 2060 quo
802 2013 919 2048 minus
945 2012 1097 2055 Pragam
1122 2016 1195 2046 tam
1222 2011 1314 2055 cito,
1341 2011 1393 2046 uti
1419 2012 1586 2055 opinatus
1612 2021 1669 2055 es,
1696 2020 1886 2046 excurrere
1912 2021 2049 2055 queam.

260 2079 374 2114 Tuum
400 2078 524 2120 itaque
551 2076 618 2110 erit
642 2073 852 2119 praevenire
877 2081 1005 2114 meque
1039 2070 1098 2105 hic
1123 2074 1261 2105 mature
1293 2070 1460 2106 invisere.
1509 2069 1685 2104 Advenies
1711 2080 1783 2104 non
1807 2074 1879 2104 tam
1905 2070 2050 2114 hospes,

262 2148 368 2182 quam
394 2135 528 2171 amicus
555 2132 777 2178 gratissimus
810 2135 1087 2173 nostrarumque
1113 2128 1149 2162 in
1181 2127 1398 2162 coelestibus
1435 2126 1777 2171 contemplationum
1808 2131 1991 2172 spectator
2016 2133 2052 2162 et

261 2195 380 2230 socius
406 2193 689 2237 acceptissimus.
739 2190 860 2231 Tunc,
894 2186 1039 2222 volente
1065 2185 1236 2228 Numine,
1272 2195 1391 2220 coram
1425 2184 1468 2219 de
1499 2184 1674 2228 pluribus.
1724 2184 1814 2219 Vale
1840 2190 1876 2219 et
1900 2196 1980 2229 geu.
2005 2185 2051 2220 D.

261 2253 439 2288 Baronem
470 2249 739 2291 Hoffmannum,
774 2246 830 2281 cui
862 2245 970 2281 etiam
1002 2243 1176 2279 nonnulla
1208 2242 1529 2288 congratulationis
1562 2250 1672 2277 causa
1704 2252 1769 2286 pro
1803 2242 1900 2278 felici
1932 2243 2051 2279 reditu

262 2310 400 2356 scripsi,
427 2319 470 2343 ex
495 2319 551 2342 me
578 2305 838 2342 officiosissime
864 2302 1034 2338 resaluta.

398 2368 586 2403 Dabantur
610 2367 847 2411 properanter
873 2372 917 2396 ex
942 2371 1023 2397 arce
1051 2360 1276 2395 Caesareana
1300 2358 1474 2394 Benatica
1499 2359 1532 2395 d.
1557 2359 1613 2395 26.
1638 2358 1721 2396 Jan.
1751 2360 1850 2396 1600.

973 2420 1040 2456 Tui
1066 2418 1332 2456 amantissimus

1636 2464 1759 2510 Tycho
1784 2464 1902 2500 Brahe

1689 2523 1792 2568 Mpp.
1812 2533 1861 2559 sc.

401 2601 706 2637 Hoffmannus
731 2596 918 2643 respondit
943 2596 988 2631 ad
1006 2595 1188 2641 Tychonis
1205 2594 1328 2630 literas
1352 2594 1449 2628 hunc
1465 2594 1501 2628 in
1520 2594 1664 2630 modum
1683 2595 1836 2639 (Pragae
1855 2594 1888 2630 d.
1908 2595 1940 2629 3.
1958 2594 2049 2629 Feb-

262 2662 405 2706 mariti:
441 2661 582 2695 Literas
619 2659 736 2702 Tuas,
770 2656 900 2702 quibus
933 2665 989 2690 me
1011 2659 1083 2689 tam
1117 2653 1305 2699 splendide
1329 2663 1395 2697 per
1420 2655 1580 2698 egregios
1606 2654 1773 2697 juvenes,
1805 2653 2049 2689 internuncios

263 2727 356 2764 tuos,
382 2718 527 2761 salutas,
554 2716 623 2751 mei
647 2725 767 2750 amore
793 2718 828 2749 et
854 2712 1161 2748 commendatione
1180 2711 1323 2756 plenas,
1350 2711 1470 2755 accepi
1477 2737 1594 2750 .....
1637 2711 1741 2755 Quod
1757 2712 1803 2746 D.
1820 2711 2053 2756 Tengnagelii

264 2778 430 2812 virtutem
456 2780 491 2810 et
516 2775 690 2819 valorem,
725 2783 831 2818 quem
862 2771 941 2816 ipsa
966 2771 1075 2805 facies
1101 2774 1136 2805 et
1160 2781 1278 2805 mores
1315 2770 1535 2814 exprimunt,
1571 2771 1677 2806 etiam
1702 2771 1883 2806 literarum
1907 2774 2050 2806 tuarum

265 2834 467 2870 testimonio
493 2832 590 2878 apud
615 2842 670 2867 me
695 2834 828 2876 augere
854 2831 919 2866 tibi
942 2830 1139 2875 placuerit,
1176 2829 1225 2864 nil
1251 2829 1376 2873 miror;
1415 2832 1470 2864 est
1492 2833 1612 2865 tamen
1643 2829 1730 2864 mihi
1760 2830 1855 2873 quod
1879 2830 2049 2874 gratuler,

266 2898 300 2927 et
325 2893 405 2935 tibi,
433 2891 493 2935 qui
518 2894 656 2925 tantum
681 2889 945 2925 adolescentem
971 2887 1257 2933 cognoscendum
1285 2887 1442 2932 dederis,
1476 2888 1626 2931 gratiam
1651 2891 1690 2922 ut
1713 2886 1878 2923 referam.
1926 2888 2048 2923 Ratio-

267 2961 345 2984 nem
371 2948 510 2984 consilii
535 2947 613 2991 ejus
640 2947 683 2982 de
707 2947 901 2982 Bohemica
934 2947 1001 2981 hac
1034 2956 1096 2982 ora
1120 2946 1173 2981 tui
1197 2945 1323 2991 procul
1356 2946 1462 2981 dubio
1488 2957 1596 2981 causa
1619 2957 1690 2982 non
1720 2950 1794 2981 tam
1818 2945 1918 2980 brevi
1942 2945 2049 2980 reliu-

269 3006 418 3051 quenda,
443 3006 634 3050 plurimum
659 3006 766 3041 etiam
790 3009 993 3040 nostrorum
1010 3005 1196 3049 interesse,
1224 3003 1464 3049 approbamus
1483 3008 1519 3040 et
1534 3006 1717 3047 laetamur,
1743 3013 1784 3038 ac
1800 3003 1870 3048 ipsi
1895 3007 1930 3039 et
1945 3012 2049 3047 prae-

268 3064 372 3108 cipue
396 3064 467 3098 11110
492 3068 554 3098 tuo
580 3074 688 3108 quam
711 3063 870 3100 valemus
895 3067 932 3099 et
955 3063 1128 3100 habemus
1154 3062 1350 3098 exilitatem
1373 3062 1411 3098 in
1434 3062 1504 3098 hac
1528 3062 1610 3098 aula
1641 3064 1801 3096 nostram
1833 3060 1989 3096 fideliter
2012 3064 2049 3096 et

268 3131 347 3157 cum
371 3120 538 3156 libertate
563 3121 687 3158 offero.
