2177 3408
478 161 715 199 Summarium
741 159 922 198 Historiae
945 158 1196 196 Astronomiae
1223 157 1344 194 seculo
1369 158 1467 196 XVI.
1792 152 1876 200 635

383 282 428 325 (ι)
454 283 554 324 simpl
559 303 1237 317 .............
1286 280 1322 310 2⁸
1363 279 1402 310 6⁰
1429 278 1486 310 32¹
1513 276 1591 312 56¹‘.

396 332 427 371 2)
450 340 467 360 a
487 331 524 368 (ο)
588 350 1232 361 ............
1282 328 1312 358 4.
1338 328 1395 357 42.
1423 327 1478 357 39.
1531 327 1563 356 3.

385 378 522 418 duplum
583 397 1234 409 ............
1284 374 1315 405 3.
1342 375 1397 406 25.
1426 374 1480 405 18.
1534 373 1565 405 6.

385 424 503 455 Anom.
531 424 562 463 D
586 422 695 453 media
763 445 1232 456 .........
1283 421 1317 453 0.
1343 421 1400 451 31.
1428 420 1481 450 58.
1532 420 1564 450 3.

383 472 426 502 Et
454 472 529 501 hinc
553 467 863 510 prosthaphaeresis
889 469 1027 500 secundi
1053 468 1194 512 epieycli
1232 490 1240 499 .
1287 469 1320 500 0.
1370 469 1402 498 4.
1431 468 1488 499 24.
1517 467 1560 497 33
1579 466 1614 497 S.

385 518 504 557 Scrup.
529 525 613 557 prop
618 536 1241 550 ,,,,,,,,,,,,
1429 515 1484 546 57.
1511 514 1566 545 37.

385 567 504 595 Anom,
533 572 609 593 vera
635 564 665 603 D
697 585 1237 597 ..........
1287 562 1318 592 Ο.
1345 562 1402 594 27.
1430 562 1485 592 33.
1512 561 1568 592 30.

382 611 582 651 Prosthaph.
610 610 710 650 primi
735 610 876 650 epicycli
934 633 1238 644 ......
1287 609 1320 640 O.
1369 609 1401 638 2.
1453 608 1485 639 7.
1538 608 1557 637 0
1579 607 1612 637 S.

383 659 547 688 Excessus
584 679 1237 691 ............
1371 657 1400 686 1.
1450 656 1482 687 2.
1512 655 1566 685 23.

384 705 433 735 De
460 713 596 734 excessu
638 725 1238 737 ...........
1429 702 1486 732 59.
1512 702 1564 731 54.

381 751 577 791 Prosthaph.
603 751 703 790 primi
730 750 869 790 epicycli
896 750 1052 781 absoluta
1108 776 1116 783 .
1170 773 1178 782 .
1225 774 1236 784 .
1284 750 1317 780 0.
1368 750 1400 782 3.
1451 749 1483 779 7.
1535 749 1554 778 3
1573 747 1606 778 S.

381 798 468 828 Dist.
505 798 535 837 3)
557 806 578 827 a
597 797 636 835 Θ
691 821 1237 831 ..........
1286 797 1319 829 4.
1346 796 1401 826 42.
1429 796 1485 827 39.
1537 796 1568 827 3.

383 860 488 888 Verus
522 859 553 897 D
576 867 597 887 a
617 857 656 895 Θ
695 880 1236 892 ..........
1284 858 1320 889 4.
1347 857 1400 887 39.
1429 856 1484 888 32.
1536 856 1568 885 0.

380 905 489 935 Motus
515 904 643 934 medius
671 904 710 943 Θ
751 927 1233 938 .........
1286 904 1316 933 2.
1368 904 1398 933 6.
1425 903 1484 933 32.
1513 903 1570 932 56.

381 953 468 982 Vera
492 951 677 992 praecessio
703 952 821 992 aequin
827 974 1235 985 ........
1348 950 1403 980 27.
1431 949 1484 980 57.
1513 950 1569 981 26.

381 1011 488 1041 Verus
524 1012 555 1050 3)
584 1034 1238 1044 ............
1293 1011 1325 1040 2.
1356 1010 1407 1040 14.
1458 1009 1488 1039 2.
1518 1009 1573 1039 22.

222 1067 319 1111 Ergo
347 1067 543 1110 Copernico
571 1069 602 1109 2)
627 1066 693 1101 fuit
711 1066 746 1100 in
766 1066 828 1100 14⁰
846 1067 877 1101 2¹
899 1066 956 1100 ‘22‘
972 1071 1031 1107 Π.
1080 1066 1156 1100 Hoc
1179 1076 1263 1100 vero
1290 1077 1310 1100 a
1327 1064 1508 1108 Tychonis
1535 1067 1634 1096 motu
1652 1061 1759 1096 effato
1779 1060 1883 1104 quasi

80 1126 185 1161 unius
210 1124 278 1160 diei
297 1129 397 1160 motu
414 1125 527 1160 abest.
562 1125 610 1159 Et
637 1125 667 1159 si
691 1125 727 1158 in
752 1135 823 1159 uno
851 1125 907 1159 die
933 1125 1138 1160 aberratum
1157 1123 1412 1158 existimamus.
1438 1127 1556 1157 tamen
1575 1119 1682 1154 verba
1700 1118 1880 1165 Tychonis

83 1195 152 1219 non
179 1187 383 1228 congruunt
411 1181 549 1217 calculo
577 1182 766 1227 Copernici
792 1183 887 1227 (242).

221 1242 301 1276 VII.
328 1241 459 1275 Attulit
483 1240 570 1276 mihi
588 1241 733 1285 quidam
758 1240 936 1276 calculum
962 1240 1106 1285 eclipsis
1131 1239 1278 1283 lunaris,
1305 1250 1349 1274 ex
1368 1238 1549 1282 Tychonis
1569 1235 1721 1272 decretis
1741 1235 1881 1270 desum-

83 1304 170 1345 tum,
197 1300 281 1335 anni
307 1310 402 1334 eurr.
427 1299 515 1334 1602
541 1309 663 1333 mense
689 1299 874 1343 Augusto,
909 1299 938 1333 si
963 1298 992 1332 is
1019 1309 1089 1332 non
1116 1298 1246 1332 errarit
1272 1297 1307 1332 in
1334 1296 1471 1331 calculo
1506 1296 1584 1340 25),
1611 1299 1696 1329 tunc
1722 1292 1885 1328 similiter

80 1369 151 1392 uno
179 1357 281 1402 quasi
307 1357 363 1392 die
389 1357 491 1392 abest
516 1362 659 1401 tempus
685 1356 775 1392 illud
808 1357 854 1388 σθ
884 1369 904 1391 a
930 1357 1018 1391 Tab.
1045 1356 1259 1391 Prutenicis.

220 1416 320 1451 VIII.
348 1416 421 1451 Sub
447 1415 549 1450 initio
574 1415 639 1449 fol.
664 1416 708 1450 56
734 1415 876 1450 videtur
894 1415 1017 1460 Tycho
1046 1415 1087 1453 (si
1112 1414 1217 1449 modo
1243 1419 1339 1450 recte
1357 1412 1471 1458 ipsius.
1489 1413 1598 1447 verba
1616 1409 1776 1445 intellexi
1795 1409 1885 1449 (26.))

82 1474 257 1519 epocham
283 1479 446 1508 motuum
472 1478 631 1508 statuere
656 1472 841 1507 meridiem
868 1474 973 1517 primi
1000 1472 1069 1507 diei
1096 1473 1269 1516 ‚lanum-ii,
1297 1483 1316 1506 a
1343 1483 1413 1517 quo
1439 1475 1522 1506 ante
1548 1474 1584 1504 et
1608 1474 1703 1503 retro
1730 1467 1887 1511 reliquas

85 1532 274 1567 ordinavit.
322 1532 457 1567 Notum
484 1536 548 1576 est,
577 1536 815 1575 astronomos,
844 1531 906 1575 qui
923 1542 943 1565 a
961 1531 1108 1565 meridie
1136 1531 1212 1565 dies
1230 1535 1430 1570 numerant,
1455 1527 1654 1571 intelligere
1679 1526 1715 1560 in
1741 1524 1887 1560 meridie

83 1592 113 1625 1.
139 1591 220 1625 Jan.
248 1591 401 1625 eundem
429 1591 520 1625 diem
545 1590 699 1635 primum
726 1589 897 1634 compleri
923 1595 957 1624 et
984 1589 1123 1624 initium
1150 1600 1228 1625 esse
1255 1588 1404 1624 secundi
1430 1587 1499 1622 diei
1526 1586 1618 1624 (27.).
1669 1584 1887 1629 Copernicus

84 1649 175 1684 diem
200 1659 299 1683 more
324 1649 487 1683 Romano
522 1648 616 1683 civili
646 1648 794 1683 inchoat
818 1660 839 1683 a
864 1647 981 1682 media
1006 1654 1112 1682 nocte
1143 1647 1383 1692 praecedente
1418 1645 1523 1684 (diem
1555 1654 1606 1679 sc.
1633 1641 1884 1683 artificialem).

83 1708 120 1742 Si
146 1707 270 1753 Tycho
296 1707 433 1741 initium
461 1707 490 1741 1.
519 1707 598 1741 Jan.
625 1706 701 1742 vult
727 1717 806 1741 esse
832 1705 1016 1740 meridiem
1041 1705 1202 1750 ejusdem
1222 1705 1300 1748 diei,
1327 1704 1469 1739 videtur
1487 1715 1507 1738 a
1527 1701 1704 1737 communi
1731 1700 1886 1734 omnium

83 1770 368 1800 astronomorum
386 1775 484 1799 more
503 1764 684 1801 recedere.
727 1764 864 1798 Vellem
883 1774 985 1808 erg0,
1011 1768 1051 1798 ut
1068 1763 1295 1808 explicentur
1319 1762 1381 1796 illa
1406 1761 1516 1795 verba
1542 1760 1638 1794 citati
1665 1759 1747 1795 loci.
1794 1759 1888 1792 Puto

81 1829 222 1867 tamen,
258 1823 442 1857 evidenter
467 1833 511 1856 ex
536 1823 650 1867 ipsius
677 1823 909 1858 citationibus
944 1833 1026 1856 eum
1058 1822 1221 1857 convinci
1254 1830 1379 1866 posse,
1415 1819 1510 1864 quod
1534 1819 1570 1853 in
1604 1817 1766 1863 plurimis
1800 1815 1888 1852 locis

84 1880 264 1916 communi
289 1887 576 1916 astronomorum
602 1891 702 1915 more
727 1881 899 1925 loquatur
923 1880 1017 1921 (252).

131 2003 461 2040 Annotationes
492 2004 678 2048 Kepleri
709 2003 769 2040 ad.
802 1996 1180 2047 „Dubitationes“
1213 2001 1271 2037 de
1302 1999 1561 2037 Lunaribus
1593 1999 1838 2044 Tyehonjs.

226 2093 264 2143 1)
297 2094 385 2132 Hoc
416 2094 519 2141 dicit,
551 2107 593 2132 se
625 2094 756 2131 multis
790 2094 1129 2132 observationibus
1152 2092 1342 2140 edoctum,
1378 2091 1513 2129 Lunae
1545 2096 1672 2128 motus
1703 2101 1780 2127 non
1812 2090 1884 2127 ob-

90 2158 303 2202 temperare
336 2155 560 2202 aequatioui
591 2154 770 2199 usitatae,
803 2154 876 2189 nisi
910 2158 1101 2201 quatenus
1134 2165 1157 2189 a
1188 2151 1291 2188 Solis
1323 2161 1416 2188 vero
1448 2155 1555 2186 motu
1588 2148 1843 2197 dependeant.

229 2211 270 2261 2)
303 2211 437 2261 Tycho
470 2211 748 2249 absurditatem
782 2210 893 2248 diluit
925 2211 1090 2248 obscura
1122 2211 1322 2259 opinione,
1364 2208 1464 2245 hane
1497 2207 1706 2245 secundam
1738 2218 1887 2255 aequa-

87 2271 204 2306 tionis
235 2275 384 2319 partem
415 2270 591 2307 fortassis
631 2269 830 2307 absorberi
862 2282 884 2306 a
916 2268 1018 2307 Solis
1051 2280 1142 2306 voro
1174 2274 1293 2305 motu.
1354 2266 1493 2315 Itaque
1533 2277 1608 2302 non
1641 2265 1729 2302 huic
1761 2276 1887 2313 oppo-

86 2329 192 2365 nenti
224 2328 368 2375 solum,
409 2328 476 2366 sed
508 2328 620 2376 longe
652 2329 757 2377 prius
788 2328 860 2375 ipsi
894 2327 1070 2377 Tychoni
1104 2329 1187 2364 visa
1220 2332 1277 2364 est
1314 2337 1374 2363 res
1405 2323 1641 2374 perabsurda
1679 2330 1717 2361 et
1757 2323 1884 2372 digna,

89 2387 127 2422 in
161 2386 269 2434 cujus
301 2397 440 2424 causas
473 2389 708 2434 inquiratur:
741 2385 845 2434 quod
878 2385 951 2423 hac
983 2387 1068 2422 vice
1101 2397 1176 2422 non
1207 2390 1386 2422 accurate
1419 2389 1612 2431 praestare
1644 2383 1781 2431 potuit,
1815 2382 1886 2418 ob-

87 2445 270 2482 scuritate
301 2446 355 2481 rei
387 2445 649 2494 praepeditus,
712 2444 851 2492 Itaque
883 2444 1096 2481 uberiorem
1132 2448 1336 2480 tractatum
1359 2441 1554 2490 pollicitus
1588 2446 1645 2478 est
1677 2439 1754 2477 alio
1786 2444 1886 2476 tem-

87 2513 192 2550 pore.
255 2501 354 2539 Nam
386 2505 425 2538 in
457 2509 538 2540 tota
568 2503 642 2539 liae
674 2503 889 2551 pragmatia
922 2513 1014 2538 usus
1037 2508 1095 2539 est
1116 2513 1232 2550 opera
1256 2500 1463 2538 Christiani
1487 2499 1674 2544 Severini,
1708 2509 1753 2536 ex
1776 2497 1885 2546 cujus

89 2571 153 2597 ore
186 2559 367 2608 loquitur,
400 2561 482 2609 ipse
512 2562 697 2608 gravibus
730 2561 829 2597 euris
861 2560 1068 2608 impeditus
1101 2561 1184 2598 suit.

228 2620 271 2665 3)
303 2618 464 2656 Fecerat
502 2619 540 2655 id
572 2619 833 2666 Witebergae.
894 2618 1030 2655 Exstat
1072 2618 1199 2655 adhuc
1236 2618 1423 2665 impressa
1460 2615 1528 2651 illa
1560 2614 1777 2659 restitutio,
1820 2612 1884 2649 ubi

89 2675 264 2714 circellus
296 2687 447 2713 annuus
479 2676 552 2713 hac
584 2676 629 2713 de
662 2687 781 2714 eausa
811 2682 963 2724 praeter
984 2687 1061 2722 εοε,
1096 2687 1193 2724 quos
1214 2675 1348 2711 ultimo
1371 2674 1538 2717 retinuit,
1572 2672 1642 2708 suit
1672 2671 1882 2708 adhibitus.

228 2736 272 2782 4)
306 2733 407 2781 Quia
439 2740 626 2782 quantum
657 2740 747 2771 tune
779 2733 899 2771 altera
930 2745 1020 2782 pars
1052 2734 1298 2782 aequationis
1321 2730 1453 2781 (quam
1477 2730 1612 2765 ultimo
1636 2727 1781 2779 omisit)
1812 2728 1884 2766 ad-

90 2791 226 2839 debat,
270 2797 419 2830 tantum
458 2792 535 2829 fere
577 2791 753 2829 circellus
785 2802 936 2828 annuus
969 2793 1137 2828 vicissim
1170 2790 1381 2827 auferebat.
1445 2788 1552 2824 Fecit
1585 2788 1699 2834 igitur
1730 2798 1882 2836 operae,

90 2850 228 2888 calculi
272 2855 485 2899 captusque
525 2848 817 2898 compendium3
860 2855 897 2886 et
934 2850 972 2884 in
1015 2850 1199 2886 obscuras
1239 2848 1480 2895 suspiciones
1522 2844 1568 2882 de
1609 2855 1727 2882 causa
1767 2845 1883 2894 hujus

89 2915 245 2946 mutuae
279 2909 606 2957 compensationis
639 2907 816 2944 inductus
847 2907 930 2943 fuit.

231 2967 271 3015 5)
303 2966 439 3016 Tyeho
474 2972 574 3004 certe
607 2977 683 3002 non
705 2966 881 3011 nescivit,
916 2963 1008 3012 quid
1042 2967 1142 2999 esset
1173 2962 1355 3010 aequatio
1377 2961 1573 3010 temporis.
1625 2959 1760 2997 Posuit
1783 2963 1883 2998 enim

90 3022 172 3061 Soli
208 3023 353 3073 justam
394 3026 578 3073 temporis
616 3025 907 3072 aequationem,
953 3020 1107 3069 qualem
1149 3021 1246 3056 ratio
1288 3018 1418 3056 dictat.
1486 3018 1734 3067 Experientia
1780 3024 1882 3057 certe

90 3083 218 3130 ipsum
257 3094 333 3119 non
379 3084 523 3131 coegit,
567 3083 603 3118 in
636 3081 725 3119 Sole
767 3080 951 3118 adhibere
990 3084 1137 3128 partem
1174 3079 1418 3127 aequationis
1458 3079 1496 3114 in
1529 3076 1639 3113 Luna
1679 3078 1880 3124 omissam3

91 3141 249 3178 nimium
280 3140 422 3181 subtile
454 3145 529 3189 est,
575 3139 679 3190 quod
711 3141 748 3178 in
780 3139 871 3179 Sole
902 3149 970 3188 per
1000 3148 1085 3176 eam
1123 3135 1297 3176 efficitur.
1359 3134 1507 3186 Quodsi
1543 3135 1747 3184 nescisset,
1789 3134 1882 3185 quid
