2126 3388
229 149 313 194 750
902 149 986 186 Vita
1010 149 1161 186 Joannis
1186 150 1348 197 Kepleri.

229 268 438 315 circularis,
472 276 548 304 non
579 267 646 315 qui
676 268 726 305 sit
757 279 803 306 ex
836 266 987 306 duobus
1020 269 1359 308 intermittentibus
1390 269 1647 319 compositus,
1691 269 1760 309 sed
1791 282 1890 310 unus
1921 283 2015 310 con-

227 328 367 364 tinuus.
427 325 471 362 In
509 323 648 362 fodinis
689 337 764 363 non
802 331 896 375 puto
927 338 1068 376 magno
1107 329 1194 365 usui
1225 328 1403 366 futuram.
1465 331 1497 365 J.
1516 331 1669 375 Byrgius
1685 331 1872 368 machinae
1897 343 2014 367 exem-

226 386 305 430 plar
329 385 492 428 confecit,
519 394 598 418 cum
623 384 754 419 artifex
771 385 1004 430 Augustanus
1030 387 1215 430 promissis
1242 399 1312 422 non
1339 392 1467 433 staret3
1493 389 1672 433 Keplerus
1697 400 1771 424 rem
1795 394 1878 434 post
1902 401 2014 425 annos

225 444 361 486 aliquot
385 441 558 485 abjecisse
582 442 741 486 videtur,
776 454 856 478 cnm
888 443 971 477 inde
1003 445 1048 479 ab
1074 453 1166 479 anno
1192 446 1282 481 1605
1310 445 1387 489 ejtis
1412 446 1576 490 nuspiam
1601 447 1734 482 mentio
1764 447 1861 483 facta
1886 449 1933 483 sit
1955 459 2016 484 us-

226 511 294 544 que
318 500 362 534 ad
387 510 518 534 annum
546 500 653 544 1625,
678 510 750 544 quo
775 511 795 534 a
819 500 1044 545 Berneggero
1069 503 1170 547 petit,
1200 508 1240 538 ut
1265 504 1308 539 ab
1334 503 1599 548 horologiorum
1625 505 1761 541 artifice
1788 506 2015 548 „Maetthaeo

224 557 437 600 Loschero“,
463 557 525 601 qui
548 557 737 592 artificium
762 567 866 592 suum
892 559 1076 604 Tubingae
1100 561 1258 597 imitatus
1280 562 1326 596 sit
1354 565 1390 596 et
1413 561 1496 597 inde
1520 563 1799 606 Argentoratum
1821 564 2015 609 transierit,

224 619 388 659 quaerat,
424 626 507 650 num
545 615 632 649 illud
668 616 713 650 ad
737 626 841 651 usum
866 618 1043 660 quendam
1077 620 1311 655 transtulerit.
1360 620 1563 665 Respondit
1588 622 1857 667 Berneggerus,
1894 623 2014 657 venire

222 677 386 717 paratum
412 683 490 707 esse
507 673 768 718 Loescherum‚
794 675 900 710 modo
926 680 1063 712 sumtus
1087 676 1206 712 itineri
1231 677 1518 722 suppeditentur.
1567 679 1691 715 Virum
1717 690 1796 716 esse
1820 680 1954 716 bonum
1979 683 2016 716 et

222 742 454 776 ingeniosum.

360 788 500 826 1603.
525 789 613 825 Inde
639 790 683 825 ab
701 790 769 825 1100
794 801 886 826 anno
905 803 1019 836 usque
1044 793 1089 828 ad
1108 804 1240 828 annum
1259 794 1351 829 1610
1375 798 1505 830 vacant
1529 794 1778 829 annotationes
1795 794 1943 840 Kepleri
1967 794 2013 829 ad

222 847 406 883 schemata
432 848 752 890 „1·ev0111tionum“.
802 850 992 885 Schemata
1022 855 1161 886 tantum
1193 857 1338 887 exstant
1373 852 1561 896 diligenter
1592 851 1773 887 delineata
1799 852 1843 887 ad
1869 852 2013 887 modum

222 906 484 949 astrologorum
510 907 701 951 usitatum,
735 906 926 952 adscriptis
957 908 1183 953 planetarum
1218 909 1305 944 10013
1339 910 1384 944 1111
1419 910 1511 945 diem
1537 911 1570 945 5.
1594 910 1758 945 Januarii
1792 910 2013 954 singulorum

223 975 407 999 annorum.
457 965 534 1000 Hoc
559 964 748 999 deficiente
773 965 986 1002 adminiculo
1013 978 1072 1012 ea,
1099 977 1191 1012 quae
1215 967 1270 1002 his
1296 967 1399 1002 annis
1424 967 1582 1012 Keplero
1609 977 1769 1013 evenere,
1796 967 2014 1003 desumenda

222 1026 305 1057 sunt
330 1033 373 1057 ex
400 1021 561 1066 epistolis
587 1022 633 1056 ad
651 1021 783 1057 amicos
802 1022 894 1058 datis
914 1028 949 1059 et
966 1025 1134 1070 acceptis,
1159 1025 1252 1060 iuter
1270 1035 1359 1069 quas
1376 1025 1522 1070 majoris
1539 1025 1710 1061 momenti
1734 1030 1817 1062 311111
1836 1025 2011 1070 epistolae

220 1083 264 1118 ad
289 1083 514 1118 Herwartum
540 1082 690 1126 ejusque
714 1082 979 1127 responsiones.

358 1139 550 1175 Novembri
583 1139 666 1174 anni
700 1139 803 1175 1602.
829 1141 1039 1177 Herwartus
1072 1141 1211 1177 duobus
1246 1152 1285 1177 se
1315 1141 1478 1187 proxime
1512 1140 1815 1184 subsequentibus
1850 1140 2012 1185 epistolis

223 1200 315 1234 haec
340 1198 570 1234 nunciaverat
594 1197 772 1242 Keplero:
802 1198 886 1239 „Ich
911 1198 982 1234 hab
1010 1200 1078 1235 den
1102 1201 1218 1235 Herrn
1245 1200 1323 1235 dem
1349 1199 1471 1234 Andre
1488 1198 1692 1243 Hanniball,
1719 1198 2009 1245 Reicbshofrath,

222 1258 257 1292 J.
284 1258 374 1302 Kay.
393 1257 459 1291 Mt.
481 1256 697 1300 Gesandten,
725 1256 787 1291 der
810 1256 868 1290 bei
887 1257 953 1291 mir
970 1268 1144 1303 gewesen,
1172 1257 1390 1303 empfohlen.
1431 1257 1506 1291 Der
1529 1256 1593 1291 hat
1619 1256 1695 1290 sich
1722 1256 1881 1301 erboten,
1908 1267 2011 1293 wann

219 1315 294 1349 Ime
319 1315 381 1349 der
405 1314 497 1348 Herr
520 1313 721 1349 vermelden
747 1314 876 1358 werde,
903 1315 958 1356 ob,
984 1326 1056 1350 was
1084 1315 1224 1350 Gestalt
1249 1316 1319 1351 vnd
1345 1316 1381 1350 111
1406 1315 1494 1350 Was
1514 1314 1655 1349 Sachen
1681 1325 1720 1350 er
1743 1315 1797 1349 Im
1824 1314 1914 1351 liebs
1939 1316 2010 1350 vnd

218 1376 320 1415 guets
338 1373 500 1417 erzeigen
518 1372 638 1416 konte,
658 1372 801 1407 dasselb
819 1373 973 1409 treulich
991 1375 1061 1410 vnd
1080 1375 1216 1419 fleissig
1232 1387 1275 1410 zu
1294 1375 1530 1409 verrichten.“
1564 1374 1676 1408 Porro
1691 1387 1698 1408 z
1728 1374 1813 1416 „Als
1832 1376 1875 1410 D.
1893 1374 2009 1410 Pisto-

217 1430 291 1465 rius
318 1430 395 1464 hier
420 1430 677 1474 durchgeraist,
703 1430 772 1465 hab
798 1431 855 1466 ich
881 1432 933 1467 nit
957 1432 1202 1479 vnderlassen,
1230 1432 1434 1477 gebtirende
1459 1431 1577 1467 officia
1601 1432 1671 1467 vnd
1696 1432 1948 1478 Erklarungen
1965 1445 2010 1468 zu

218 1488 324 1530 thun,
350 1499 388 1523 so
415 1489 531 1523 seiner
555 1489 635 1524 Zeit
668 1488 720 1523 nit
745 1489 838 1523 ohne
863 1490 982 1525 frucht
1019 1491 1183 1535 abgehen
1215 1490 1368 1526 werden.
1416 1490 1556 1535 Wegen
1590 1491 1651 1526 des
1677 1491 1793 1526 Herrn
1824 1491 2011 1527 bestimter

217 1545 425 1590 Beseldung
449 1546 510 1581 bin
534 1547 610 1589 ich,
645 1547 824 1582 vielleicht
850 1548 943 1584 ohne
970 1559 1186 1593 genugsame
1211 1549 1367 1591 Vrsach,
1392 1548 1456 1582 der
1481 1548 1726 1594 Entrichtung
1751 1549 1884 1585 halben
1910 1560 2008 1594 sorg—

217 1603 319 1648 feltig
343 1615 518 1647 gewesen.
568 1606 619 1640 Es
646 1605 693 1640 ist
717 1607 784 1640 mir
810 1606 894 1641 aber
919 1606 1045 1641 disfals
1072 1607 1285 1642 nochmalen
1317 1607 1369 1642 nit
1403 1606 1526 1651 gering
1551 1606 1715 1652 Zweifel,
1749 1607 1819 1641 vnd
1843 1607 1927 1642 wolt
1950 1607 2008 1642 ich

218 1661 296 1696 dem
322 1662 438 1697 Herrn
462 1664 674 1708 wtinschen,
710 1664 792 1699 dass
826 1674 863 1699 es
900 1664 975 1699 also
1010 1664 1174 1700 dennoch
1198 1663 1550 1700 zimblichermassen
1584 1664 1730 1710 richtig,
1765 1665 1831 1701 wie
1861 1676 1943 1700 man
1969 1674 2007 1700 es

216 1720 366 1755 machet.
417 1721 479 1756 Ich
504 1726 583 1765 trag
608 1722 693 1756 aber
719 1723 894 1768 Beysorg,
933 1723 1067 1758 aulicos
1103 1727 1138 1757 et
1162 1733 1219 1757 res
1246 1722 1380 1758 aulicas
1406 1722 1648 1758 verursachen
1680 1722 1743 1757 vill
1769 1723 1825 1757 ein
1850 1723 2007 1765 anderst,

216 1779 371 1814 bevorab
397 1779 532 1814 mittler
552 1780 631 1816 Zeit
655 1780 725 1815 vnd
749 1791 827 1816 wan
852 1792 934 1817 man
961 1792 998 1817 es
1023 1782 1171 1825 wenigst
1196 1781 1354 1825 besorgt.
1406 1781 1475 1816 Sed
1501 1781 1643 1823 tacebo,
1670 1791 1715 1815 ne
1741 1780 1883 1816 audiam
1908 1794 2006 1823 μανι-ι

216 1851 334 1879 naum,
361 1837 401 1872 οὐ
426 1849 560 1873 minore
584 1853 641 1881 μοι
665 1853 702 1872 το
730 1853 877 1884 κρηγυον
903 1839 1013 1880 εἶπας,
1040 1839 1156 1873 11101110
1183 1849 1220 1874 03
1246 1839 1351 1874 allein
1378 1839 1522 1882 darum,
1549 1839 1718 1884 quoniam
1743 1840 1909 1884 praevisa
1932 1838 2006 1874 tela

215 1897 331 1932 minus
356 1902 498 1942 nocent,
526 1899 589 1933 das
614 1897 892 1932 verhoffentlich
918 1897 981 1931 der
1006 1896 1147 1931 Sachen
1173 1896 1208 1931 in
1233 1896 1343 1932 ander
1362 1898 1474 1941 Wecg
1501 1897 1650 1932 etlicher
1674 1909 1828 1941 massen,
1856 1898 1901 1932 da
1923 1908 2005 1932 man

216 1955 291 1990 sich
319 1956 545 2000 dei-gleichen
569 1968 614 1991 zu
638 1957 831 2001 besorgen,
866 1956 949 1990 rath
980 1955 1051 1989 11111
1084 1955 1198 1990 mittel
1223 1967 1267 1990 zu
1300 1955 1470 1991 suchen.“
1520 1955 1586 1990 His
1612 1956 1711 1991 addit
1735 1954 2003 1990 Herwartus-d.

215 2012 273 2050 31.
298 2014 505 2049 Decembri:
536 2014 637 2057 „Wie
663 2025 700 2050 es
727 2015 806 2049 dem
833 2014 950 2048 Herrn
975 2013 1070 2057 geht,
1096 2013 1259 2056 verlangt
1281 2013 1377 2048 mich
1401 2025 1446 2048 zu
1471 2014 1599 2048 wissen
1625 2013 1696 2048 vnd
1720 2013 1814 2048 bleib
1832 2013 1907 2047 Ime
1926 2013 2004 2048 dar-

215 2072 330 2106 neben
357 2083 552 2117 angeneme
578 2073 746 2117 gesallige
771 2071 889 2107 dienst
913 2083 957 2106 zu
983 2071 1154 2106 erweisen
1179 2070 1291 2116 willig
1316 2071 1386 2106 vnd
1412 2071 1574 2116 genaigt,
1607 2071 1672 2105 mit
1695 2070 1916 2115 wunschung
1941 2070 2004 2105 des

216 2130 461 2174 eingehenden
486 2131 556 2166 vnd
582 2131 642 2165 vill
667 2129 956 2173 nachfolgenden
981 2129 1226 2175 gluckseligen
1251 2131 1396 2165 .]111011.“

353 2188 410 2222 Ad
435 2188 526 2223 haec
550 2188 738 2234 respondit
762 2188 994 2232 Keplerus
1028 2188 1060 2223 d.
1088 2189 1141 2222 12.
1167 2189 1248 2223 Jan.
1278 2188 1386 2223 1603:
1425 2184 1464 2223 S.
1495 2184 1541 2222 P.
1573 2189 1611 2223 et
1640 2184 1769 2223 felicia
1807 2184 1898 2222 anni
1929 2195 2002 2222 au-

216 2244 349 2293 spicia.
410 2244 528 2281 Binas
559 2246 628 2282 abs
661 2250 709 2291 te,
743 2243 952 2293 Magnifice
984 2243 1071 2291 Vir,
1104 2245 1234 2293 accepi
1268 2243 1415 2290 literas,
1448 2243 1633 2292 proximis
1664 2245 1762 2281 inter
1792 2254 1833 2280 30
1865 2242 2002 2280 diebus

217 2303 392 2351 scriptas.
454 2302 656 2340 Beneficiis
688 2314 748 2340 me
781 2302 966 2348 cumulas,
1002 2306 1043 2338 ut
1075 2313 1120 2339 ex
1152 2303 1324 2350 utrisque
1356 2301 1550 2348 intellexi,
1582 2312 1687 2339 more
1719 2305 1799 2339 tuo.
1853 2300 1901 2337 Et
1931 2301 2001 2338 tibi

219 2360 373 2408 quidem
415 2361 527 2408 copia
568 2366 625 2398 est
656 2360 909 2398 inveniendae
940 2359 1101 2397 subinde
1133 2371 1259 2397 novae
1297 2361 1457 2397 rationis
1498 2371 1558 2397 me
1589 2358 1860 2408 promovendi,
1905 2358 2000 2395 mihi

218 2430 309 2456 vero
354 2429 480 2455 novae
521 2418 685 2456 subinde
727 2419 935 2467 gratiarum
978 2419 1141 2455 actionis
1184 2417 1530 2456 comminiscendae
1572 2428 1647 2454 non
1690 2416 1847 2466 perinde
1888 2417 2001 2465 copia

216 2477 400 2525 suppetit.
463 2475 661 2514 Accedant
699 2477 830 2525 itaque
869 2477 942 2513 ista
980 2487 1134 2524 quoque
1178 2475 1228 2513 ad
1259 2477 1464 2524 pristinum
1501 2475 1715 2523 cumulum,
1756 2486 1825 2524 pro
1859 2475 2000 2523 quibus

216 2534 308 2571 nihil
351 2533 456 2572 aliud
497 2534 622 2573 dicere
653 2545 833 2584 possum,
877 2545 992 2583 quam
1032 2546 1092 2572 1110
1135 2533 1339 2583 diligenter
1375 2534 1473 2573 haec
1513 2545 1667 2583 quoque
1709 2535 1747 2570 in
1779 2532 2000 2582 catalogum

215 2592 364 2632 referre.

355 2650 462 2699 Quae
493 2651 531 2687 in
562 2651 753 2699 prioribus
785 2649 854 2687 abs
876 2648 930 2688 M.
954 2649 1040 2687 Tua
1071 2649 1117 2687 de
1148 2661 1234 2688 meo
1266 2654 1369 2688 statu
1390 2654 1574 2699 suggesta
1604 2649 1696 2687 mihi
1721 2653 1822 2696 sunt,
1854 2653 1999 2687 attente

216 2708 316 2757 legi:
349 2715 487 2756 cetera,
522 2720 621 2757 quae
653 2720 729 2747 non
762 2707 902 2745 debent
933 2719 955 2745 a
986 2719 1046 2745 me
1079 2710 1293 2758 exspectari
1324 2713 1366 2745 ut
1397 2720 1420 2746 a
1450 2713 1488 2747 te
1521 2708 1698 2746 dicantur
1728 2708 1916 2757 apertius,
1951 2718 1997 2745 ex

216 2778 276 2803 me
314 2767 398 2815 ipso
441 2767 629 2815 conjicere
670 2766 792 2816 potui.
862 2765 966 2804 Vera
1007 2777 1140 2804 mones
1180 2773 1218 2804 et
1256 2778 1355 2815 quae
1394 2778 1454 2804 me
1494 2778 1580 2804 cum
1619 2766 1738 2814 alias,
1780 2770 1861 2802 tum
1904 2776 1995 2802 vero

217 2825 381 2862 maxime
412 2829 617 2874 postquam
649 2837 672 2863 a
701 2831 738 2863 te
770 2823 962 2862 inculcata
993 2829 1093 2872 suut,
1126 2826 1292 2863 maxime
1324 2823 1532 2863 sollicitum
1564 2828 1713 2869 tenent3
1744 2823 1812 2861 sed
1844 2823 1996 2861 frustra.

217 2880 319 2928 Quid
359 2883 515 2931 prodest
557 2884 659 2921 enim
698 2882 918 2920 sollicitudo
959 2883 1042 2920 sine
1082 2882 1276 2920 consilio?
1338 2882 1439 2921 Sane
1481 2894 1526 2921 eo
1570 2884 1654 2932 ipso
1686 2886 1878 2930 tempore,
1918 2892 1995 2929 quo

215 2937 344 2977 literas
375 2942 520 2990 accepi,
552 2942 590 2977 in
623 2941 843 2978 difficilibus
875 2941 1057 2978 versabar
1088 2941 1400 2990 cogitationibus,
1433 2946 1652 2991 suspectam
1673 2940 1820 2977 babens
1844 2949 1994 2977 omnem

217 2995 316 3034 hanc
345 3000 654 3047 promissionem,
699 2998 802 3048 quod
840 3009 917 3036 non
948 3005 1210 3037 numeraretur
1241 3010 1260 3036 e
1292 3000 1470 3047 vestigio.
1530 2999 1740 3037 Numerata
1770 3003 1898 3036 tamen
1937 3002 1996 3034 est

219 3063 264 3091 ex
296 3053 452 3094 dimidio
494 3068 540 3095 ea
580 3068 749 3106 summa,
791 3055 836 3095 de
875 3056 1023 3107 reliquo
1069 3062 1172 3096 certa
1209 3056 1302 3094 mihi
1339 3068 1428 3106 spes
1459 3058 1499 3094 in
1529 3058 1720 3106 proximos
1760 3055 1840 3094 dies
1879 3055 1992 3094 sacta.
