2126 3388
862 171 962 209 1598.
989 171 1091 210 1599.
1788 180 1871 226 705

77 291 197 327 uicum
221 289 395 335 scriptum
420 288 464 324 de
489 288 599 333 signis
623 287 767 324 fut-urae
791 289 999 324 mutationis
1024 289 1117 324 aeris
1143 291 1229 334 etc„
1262 289 1352 326 alius
1385 293 1542 329 auctoris
1575 294 1737 342 nomine,
1775 297 1872 342 quod

77 353 197 384 tamen
223 347 404 393 T5chonis
430 357 509 382 esse
530 346 652 382 multis
677 346 763 380 mihi
787 347 1002 390 persuadeo,
1031 368 1074 372 -—

215 408 328 451 1599.
360 409 570 448 Revolutio
610 409 719 447 anni:
765 408 834 446 Sol
875 409 1058 448 obsessus
1090 422 1113 447 a
1143 409 1328 448 maleficis
1367 413 1432 450 vix
1471 425 1586 464 aegre
1617 426 1658 454 se
1690 420 1819 454 tuetur
1851 430 1873 456 a

77 469 249 521 periculo
282 468 349 506 illo
374 479 420 510 00
451 465 521 521 ‘213
563 467 631 506 alii
662 472 842 516 aspectus
874 469 1054 517 mitigant
1084 469 1201 507 mala.
1262 469 1328 507 Sic
1360 482 1490 509 omnes
1522 485 1631 512 meae
1663 474 1871 524 dignitates

76 528 170 567 mihi
204 539 290 565 cum
323 525 527 576 dispendio
560 525 796 564 valetudinis
819 527 1014 566 eveniunt.
1055 526 1228 564 Medium
1250 527 1357 566 Coeli
1382 530 1476 569 bene
1501 530 1732 581 dispositum
1750 535 1874 583 signi-

76 587 166 626 ficat
197 586 375 632 honores,
412 584 460 633 Ω,
495 586 533 621 in
564 584 618 622 M.
651 584 692 622 C.
726 586 798 622 iter
829 584 1069 633 honoratum,
1101 581 1130 635 T)
1168 597 1252 623 cum
1284 586 1401 636 Spica
1432 599 1589 628 causam
1622 591 1834 641 religionis.

215 644 326 682 Haec
356 645 490 692 scripsi
513 654 614 680 anno
641 646 706 680 95.
748 642 834 680 Hoc
865 655 965 680 anno
998 644 1144 681 nullum
1177 645 1248 682 iter
1269 648 1434 696 suscepi,
1468 648 1534 685 sed
1557 651 1644 687 veni
1667 652 1704 688 in
1726 639 1873 689 mult'o-

79 716 162 742 rum
185 705 371 741 notitiam.
424 701 541 739 ,Jacta
562 700 812 739 fundamenta
836 701 884 738 ad
908 705 1264 751 compensationem
1284 711 1479 743 sumtuum
1500 718 1569 755 pro
1595 712 1675 746 200
1699 708 1872 749 thaleris,

215 761 319 799 Nata
349 760 429 798 filia
461 760 690 797 Susanna
734 771 864 797 mense
904 759 1038 798 Junio.
1101 761 1305 809 Baptisata
1343 765 1380 799 in
1422 765 1644 803 suburbano
1683 767 1879 806 Bairdorff

80 819 206 859 Paulo
240 818 410 857 Odontio
444 819 729 858 concionatore.
791 817 975 855 Patrimi:
1017 818 1066 855 D.
1101 818 1239 867 Craus,
1283 832 1482 869 procerum
1516 823 1691 862 officialis
1725 826 1875 876 (Zeug-

79 878 399 925 commissarius),
433 888 518 914 cum
551 887 682 916 uxore.
742 875 899 913 Mortua
931 881 987 914 est
1019 881 1260 925 apostemate
1292 881 1429 928 capitis
1465 881 1525 919 die
1557 884 1696 920 aetatis
1730 887 1796 922 35.

215 938 273 974 Ad
304 937 604 972 Maestlinum
637 936 781 981 scripsit
804 937 984 982 Keplerus
1019 937 1052 971 d.
1080 938 1136 973 26.
1163 939 1287 975 Febr.:
1314 938 1415 976 Mira
1435 939 1588 978 fortuna
1607 941 1874 992 meiMysterii

79 994 410 1044 Cosmographici.
472 992 578 1031 Nihil
609 993 758 1042 accipio
790 1004 858 1042 pro
881 995 1197 1042 compensatione
1220 996 1354 1044 etJam
1377 996 1592 1047 desperavi.
1643 999 1687 1037 In
1711 1003 1874 1039 comitiis

77 1054 295 1104 praeteritis
326 1052 420 1090 mihi
452 1050 663 1101 petendum
695 1053 842 1098 suisset,
876 1053 951 1088 nisi
981 1064 1123 1102 magna
1156 1065 1242 1090 cum
1273 1054 1535 1095 sollicitudine
1566 1069 1635 1107 pro
1668 1069 1713 1096 eo
1744 1061 1874 1107 potius

76 1112 169 1149 mihi
202 1110 458 1149 laborandum
489 1111 549 1157 sit,
582 1114 625 1146 ut
656 1109 839 1147 salarium
870 1112 1068 1148 retineam.
1126 1110 1252 1159 Quare
1275 1124 1360 1150 cum
1393 1114 1538 1153 diutius
1569 1122 1606 1154 te
1638 1117 1872 1166 suspendere

76 1182 280 1219 nequeam,
312 1181 407 1219 rogo
439 1169 513 1206 hoc
545 1169 727 1217 exiguum
758 1168 1029 1206 munusculum
1061 1181 1186 1218 aequo
1219 1172 1347 1209 animo
1370 1174 1551 1223 accipias.
1603 1175 1792 1213 Poculum
1815 1181 1874 1214 est

79 1228 307 1267 deauratum
338 1227 508 1278 pondere
544 1230 593 1264 10
627 1226 719 1264 Lott
750 1232 787 1264 et
817 1226 934 1275 paulo
967 1227 1144 1277 amplius.
1201 1228 1247 1265 Id
1278 1230 1370 1267 mihi
1403 1243 1471 1280 pro
1505 1232 1653 1282 aliquot
1684 1235 1874 1272 nativita-

77 1287 179 1325 tibus
212 1286 318 1325 dedit
348 1288 400 1334 is,
445 1285 555 1334 cujus
587 1286 624 1321 in
659 1284 902 1324 dedicatione
943 1297 1081 1324 nomen
1115 1298 1338 1335 expressum
1371 1296 1428 1328 est
1461 1296 1732 1336 (Herbersteuius
1758 1307 1789 1331 v.
1817 1295 1874 1339 s.).

76 1347 257 1395 Accipies
279 1345 381 1383 ultra
405 1349 425 1382 6
452 1343 755 1382 Ferdinandicos
778 1355 915 1391 novos,
948 1346 1004 1382 uti
1038 1356 1103 1383 eos
1127 1345 1220 1382 mihi
1242 1358 1398 1395 praeses
1433 1349 1724 1399 ordinariorum,
1756 1352 1874 1390 frater

75 1404 181 1442 illius
214 1404 405 1453 capitanei
448 1401 548 1439 dono
582 1401 747 1442 dedit..
773 1431 780 1439 .
806 1431 815 1440 .
880 1402 921 1440 Si
952 1403 1060 1441 Deus
1093 1402 1251 1443 cuilibet
1292 1407 1451 1444 animali
1485 1408 1589 1446 dedit
1621 1411 1875 1449 instrumenta

74 1464 178 1500 vitae
212 1460 522 1508 conservandae,
566 1471 665 1509 quae
710 1460 858 1497 invidia
890 1466 967 1509 est,
1008 1463 1040 1499 si
1074 1461 1210 1500 eodem
1243 1465 1403 1503 consilio
1442 1471 1662 1505 astronomo
1695 1468 1875 1518 adjungit

75 1520 360 1570 astrologiam?
383 1549 391 1558 .
416 1548 425 1557 .
449 1548 457 1557 .
481 1548 489 1557 .
551 1518 662 1556 Nitor
683 1530 743 1557 me
764 1519 974 1568 adjungere
1005 1519 1192 1568 legationi
1225 1522 1411 1570 ordinum,
1446 1530 1488 1562 ut
1515 1528 1684 1575 gratuito
1707 1527 1873 1576 Pragam

75 1581 313 1629 perveniam.
370 1578 465 1616 Inde
497 1577 763 1627 Witebergam
793 1583 883 1615 sunt
916 1582 967 1616 30
1002 1578 1203 1628 milliaria,
1244 1593 1343 1630 quae
1383 1594 1468 1621 meo
1511 1592 1639 1622 sumtu
1672 1586 1873 1624 conficiam

77 1645 120 1677 ut
150 1638 378 1689 Tyehonem
411 1636 577 1675 videam.

212 1706 373 1741 Herwa
386 1715 402 1739 r
416 1708 482 1749 to,
510 1703 570 1748 qui
596 1703 828 1738 nunciaverat
848 1703 985 1748 (mense
1005 1704 1200 1750 Augusto),
1228 1705 1435 1750 Tyehonem
1455 1718 1626 1751 quaerere
1645 1709 1680 1743 in
1698 1710 1873 1745 Bohemia

73 1767 194 1802 locum
211 1763 447 1807 commodum,
473 1762 535 1798 ubi
555 1761 862 1797 observationibus
890 1762 1106 1799 coelestibus
1125 1768 1237 1808 vacet,
1265 1763 1394 1800 salario
1416 1766 1506 1802 3000
1524 1765 1648 1812 floren.
1674 1777 1874 1803 annuorum

75 1825 119 1861 ab
143 1824 358 1869 imperatore
384 1826 570 1866 receptum
595 1831 683 1865 esse,
711 1825 746 1855 et
770 1821 820 1855 sie
844 1820 952 1856 finem
978 1821 1163 1857 literar-um
1189 1822 1340 1858 fecerat:
1371 1823 1500 1865 „talem
1527 1834 1592 1868 ego
1618 1824 1684 1859 tibi
1702 1825 1874 1860 conditio·

12 1918 13 1923 ,
75 1894 156 1918 nem
182 1887 354 1927 optarem,
381 1885 416 1916 et
442 1880 521 1924 quis
547 1880 655 1923 novit,
682 1879 767 1924 quid
794 1879 840 1913 sit
865 1880 900 1913 in
926 1879 1056 1914 fatis?“
1084 1881 1272 1926 respondit
1298 1881 1476 1926 Keplerus
1502 1892 1624 1917 mense
1652 1883 1873 1927 Septembri:

13 1959 15 1994 3
73 1945 263 1995 Equidem
295 1945 459 1993 optarim
490 1948 527 1981 te
558 1942 723 1979 satorum
755 1941 908 1979 illorum
932 1940 1140 1989 dominum,
1174 1947 1240 1980 aut
1272 1948 1372 1981 certe
1406 1944 1649 1993 interpretem
1684 1950 1720 1982 et
1751 1946 1873 1984 inter-

13 1996 16 2005 '
75 2005 257 2042 nuncium
300 2014 361 2040 me
403 2003 500 2039 inter
539 2006 575 2038 ct
613 2001 680 2037 fati
724 2000 932 2038 dominum.
996 2000 1241 2039 Moderatum
1275 2007 1312 2040 et
1343 2001 1655 2051 philosophicum
1698 2005 1735 2039 in
1767 2005 1872 2042 acci-

73 2061 214 2113 piendo
247 2063 416 2099 animum
450 2058 762 2109 deprehenderet,
796 2059 971 2108 quisquis
1005 2071 1120 2108 quam
1142 2061 1471 2109 speciosissimam
1492 2073 1666 2099 exercere
1698 2061 1872 2099 liberali-

74 2126 195 2159 tatem
231 2121 386 2169 satagit.
448 2118 578 2155 Prima
616 2117 709 2154 mihi
747 2129 859 2163 cura,
905 2123 946 2154 ut
979 2123 1165 2166 quantum
1209 2118 1290 2156 fieri
1330 2124 1458 2168 potest
1491 2131 1586 2157 uxor
1619 2131 1707 2158 mea
1740 2125 1869 2159 teneat

77 2191 176 2229 quae
218 2178 338 2216 habet
378 2176 494 2226 idque
532 2177 806 2226 patrimonium
845 2174 894 2213 ad
936 2187 1157 2214 communes
1209 2176 1351 2215 liberos
1398 2180 1646 2217 transmittat.
1719 2178 1871 2217 Etenim

76 2237 361 2288 speculationes
404 2236 561 2272 interitu
602 2234 772 2272 familiae
813 2233 998 2272 redimere
1041 2246 1167 2284 neque
1199 2236 1237 2271 in
1268 2235 1517 2285 philosophia
1557 2236 1761 2275 honestum
1800 2243 1869 2285 est,

76 2308 202 2345 neque
234 2297 340 2345 pium
372 2295 409 2331 in
440 2293 638 2342 religione.
688 2292 782 2330 Inde
814 2298 1008 2342 peteretur
1039 2304 1160 2331 coena
1189 2293 1385 2342 platonica
1409 2295 1641 2343 habitusque
1664 2297 1729 2344 qui
1751 2297 1870 2333 mari-

77 2359 157 2392 tum
190 2353 311 2392 decet.
371 2353 470 2390 Nam
502 2354 540 2388 in
571 2351 631 2388 his
665 2350 815 2388 duobus
855 2352 1047 2400 capitibus
1090 2354 1265 2390 consistit
1304 2353 1518 2390 studiorum
1558 2353 1729 2391 libertas.
1794 2353 1870 2402 Qui

76 2418 164 2462 eget
204 2414 342 2458 servit,
387 2415 426 2448 at
467 2412 532 2448 vix
571 2410 776 2459 quisquam
817 2415 955 2458 sponte
996 2411 1115 2448 servit
1155 2421 1338 2459 unquam.
1415 2410 1529 2460 Quod
1568 2413 1791 2449 nativitates
1833 2417 1871 2449 et

77 2470 310 2508 Calendaria
340 2468 532 2507 interdum
563 2469 702 2514 scribo,
737 2479 782 2505 ea
813 2480 872 2505 me
896 2468 1046 2506 Christe
1072 2468 1344 2507 molestissima
1375 2470 1475 2506 mihi'
1502 2471 1667 2508 servitus
1701 2476 1769 2516 est,
1803 2468 1870 2506 sed

75 2530 314 2575 necessaria,
357 2539 405 2565 ne
436 2527 584 2565 seilicet
622 2526 671 2563 ad
701 2526 819 2563 breve
851 2531 1002 2575 tempus
1034 2527 1149 2573 liber,
1188 2532 1276 2576 post
1307 2529 1456 2577 turpius
1488 2529 1667 2566 serviam.
1728 2527 1866 2575 Itaque

75 2592 118 2624 ut
149 2586 332 2624 salarium
364 2597 551 2630 aunuum,
585 2590 627 2621 ut
658 2583 812 2621 titulum
844 2590 881 2621 et
913 2584 1040 2621 locum
1073 2585 1293 2633 defendam,
1329 2586 1671 2624 obsecundandum
1705 2590 1762 2622 est
1794 2586 1868 2621 im-

76 2646 222 2695 peritae
255 2644 480 2681 curiositati.
542 2641 739 2690 Quidquid
770 2642 863 2679 mihi
894 2649 1124 2691 superesset,
1156 2643 1405 2692 jurejurando
1438 2646 1637 2690 sancirem,
1670 2644 1708 2679 in
1740 2641 1869 2679 studia

76 2702 347 2753 philosophiae
378 2703 652 2749 impensurum.
715 2699 896 2738 Lectores
928 2700 1088 2748 alerem,
1128 2706 1170 2738 ut
1203 2702 1325 2739 oculis
1352 2702 1434 2750 jam
1466 2701 1781 2747 hebescentibus,
1826 2705 1868 2737 ut

77 2766 116 2799 et
146 2762 308 2810 tempori
339 2764 570 2809 parceretur.
623 2757 793 2794 Nuneios
825 2758 914 2795 hinc
945 2758 1032 2796 inde
1064 2760 1255 2796 mitterem
1276 2771 1343 2808 pro
1375 2760 1494 2806 libris,
1527 2769 1595 2808 pro
1619 2757 1866 2795 consulendis

79 2818 223 2868 doctis3
256 2820 509 2856 instrumenta
539 2815 788 2860 machinarer,
822 2816 1159 2854 observationibus
1192 2816 1289 2854 alios
1311 2816 1545 2864 adhiberem,
1577 2817 1608 2853 si
1636 2817 1762 2853 miuus
1794 2827 1866 2864 ego

77 2877 303 2924 sufficerem,
337 2878 392 2914 sie
423 2881 459 2913 et
490 2873 842 2922 computationibus
876 2873 996 2921 aliqui
1019 2873 1312 2912 destinarentur.
1363 2875 1461 2912 Nam
1493 2872 1670 2924 legendo,
1705 2885 1867 2924 eompu-

77 2935 194 2974 tando
226 2935 434 2984 plurimum
465 2931 618 2971 effundo
650 2931 864 2979 spirituum,
898 2931 1134 2979 speculando
1166 2943 1313 2980 parum.

217 2993 295 3032 Sed
326 2994 422 3031 haec
453 3003 545 3029 sane
579 2991 615 3026 in
646 2994 838 3038 potestate
870 2990 1037 3037 supremi
1069 2990 1234 3026 fatorum
1267 2990 1411 3027 domini
1442 2991 1515 3027 sita
1547 2995 1657 3038 sunt,
1700 2991 1765 3040 qui
1797 2990 1868 3028 etsi

79 3062 155 3089 non
186 3063 247 3090 me
280 3051 424 3089 attollit
454 3050 587 3096 altius,
620 3048 712 3085 facit
741 3046 781 3084 id
812 3046 946 3096 procul
979 3046 1096 3085 dubio
1128 3048 1166 3083 in
1197 3059 1326 3086 meum
1357 3048 1622 3097 commodum,
1661 3060 1708 3088 ne
1740 3049 1867 3099 inepte

79 3120 139 3148 me
170 3121 239 3160 pro
271 3111 524 3159 antesignano
556 3107 687 3155 aliquo
718 3104 913 3144 literarum
945 3105 1041 3144 ferre
1071 3107 1263 3156 incipiam.

148 3176 273 3209 Kepleri
289 3175 390 3211 Opera
407 3175 491 3202 vm.
1547 3173 1593 3210 46
