2126 3388
870 184 972 222 1605.
1002 185 1104 222 1606.
1776 184 1877 244 2769

86 302 252 342 Caesare
271 302 374 342 lente
398 302 606 342 admodum
628 303 848 342 satisfieret.
887 303 1063 343 Tandem
1085 303 1226 354 puduit
1247 303 1358 352 belli,
1392 306 1452 342 cui
1475 304 1711 344 adhaerebat
1733 306 1880 344 calum-

85 361 151 399 nia
180 361 438 413 spoliationis,
471 363 603 411 itaque
635 363 768 412 iniqua
798 364 989 412 pactione,
1023 375 1070 401 ne
1102 362 1194 412 quid
1227 373 1313 400 meo
1345 362 1475 402 labore
1499 364 1588 403 inde
1610 366 1881 403 concinnatum

86 421 181 457 citra
213 431 442 458 consensum
474 419 681 458 haeredum
713 421 889 468 ederem,
921 421 1077 459 tandem
1109 433 1187 459 rem
1220 432 1264 458 eo
1297 420 1460 468 adduxi,
1492 427 1535 460 ut
1566 423 1879 461 observationum

85 476 177 514 mihi
211 480 322 528 copia
353 478 533 517 secundis
563 480 734 528 ipsorum
766 479 1034 517 voluntatibus
1065 479 1355 529 relinqueretur.
1418 480 1475 517 Ex
1507 492 1552 518 eo
1584 482 1714 530 itaque
1746 486 1880 532 patro-

86 537 226 573 cinium
258 536 569 575 lucubrationum
599 537 796 587 Tychonis
839 538 932 575 mihi
964 549 1041 576 non
1072 548 1231 586 arrogo,
1273 537 1340 575 sed
1372 537 1411 575 id
1440 538 1577 577 lubens
1616 539 1786 578 humeris
1817 540 1879 577 Fr.

86 593 270 632 Gansneb
315 594 406 633 dicti
437 595 639 644 Tengnagl
688 597 853 633 remitto.
916 595 1024 644 Quae
1069 596 1232 645 quisque
1271 596 1455 644 effecerit,
1499 602 1649 646 tempus
1691 598 1879 637 ostendet.

87 651 201 700 Quod
233 655 365 702 itaque
396 653 593 702 pollicitus
624 665 709 691 sum
742 655 1018 692 commentaria
1049 653 1094 692 de
1127 654 1296 692 motibus
1327 653 1485 701 Martis,
1528 655 1567 692 id
1609 657 1751 694 factum
1792 661 1880 694 ante

83 712 285 760 pactiones
316 718 492 760 nostras;
520 713 602 760 jam
635 723 679 749 eo
712 724 772 750 res
805 712 981 758 deducta,
1016 717 1057 749 ut
1089 713 1162 749 nisi
1193 714 1275 762 ipse
1307 725 1526 761 assensum,
1561 713 1703 752 Caesar
1732 722 1879 753 sumtus

83 769 324 818 praebuerit,
366 770 427 808 edi
468 781 542 807 non
574 771 724 820 possint
728 798 868 810 .....
931 769 982 808 Ut
1013 770 1265 807 fundamenta
1295 772 1493 809 restitutae
1533 772 1705 811 theoriae
1736 773 1881 810 lunaris

84 826 214 873 edam,
256 839 383 865 meum
423 839 500 865 non
532 834 612 874 cst,
653 827 721 865 sed
754 827 984 876 haeredum,
1027 839 1124 876 quos
1158 833 1200 865 ut
1231 828 1374 866 faciant
1413 841 1567 867 monere
1606 842 1681 867 non
1714 831 1880 879 desisto;

84 896 191 935 spem
223 886 261 922 in
293 886 509 936 propinquo
540 885 689 923 nullam
722 885 834 924 video
841 914 984 925 .....
1048 885 1162 934 Quod
1194 886 1290 923 fixas
1321 889 1469 933 attinet,
1503 892 1627 925 exstat
1659 890 1761 939 apud
1784 889 1881 926 hae-

81 943 191 982 redes
223 955 320 994 opus
357 948 465 982 1000
497 944 672 982 fixarum.
733 943 959 982 Haerednm
990 944 1190 981 arbitrium
1222 950 1279 982 est
1317 945 1411 982 illud
1444 945 1569 984 edere.
1599 968 1652 973 —
1675 948 1734 985 De
1768 947 1881 984 stella

80 1013 183 1040 nova
215 1002 318 1041 edidi
349 1002 600 1040 tumultuaria
630 1014 748 1053 opera
780 1004 897 1040 breve
919 1004 1102 1052 scriptum
1126 1004 1410 1052 germanicum3
1445 1006 1481 1040 in
1513 1004 1633 1042 latino
1657 1005 1880 1044 adornando

80 1060 243 1110 pleniori
275 1060 376 1098 lente
407 1061 642 1111 progredior.
704 1063 808 1107 (Dies
834 1073 905 1107 qua
932 1063 1022 1098 haec
1049 1062 1182 1106 scripta
1208 1067 1292 1097 sunt
1318 1063 1449 1107 deest.)

218 1127 260 1161 In
285 1127 517 1161 annotatione
535 1129 583 1172 (p.
602 1127 682 1170 766)
710 1126 873 1169 diximus,
902 1126 1147 1161 Odontium
1174 1127 1331 1171 Keplero
1358 1129 1393 1163 in
1413 1129 1566 1174 styriam
1587 1130 1752 1174 profecto
1770 1130 1881 1174 scrip-

81 1185 190 1230 sisse3
217 1185 337 1231 refert,
364 1186 548 1230 accepisse
568 1195 606 1220 se
623 1185 812 1230 Moguntia
830 1184 953 1219 literas
972 1185 1002 1219 N
1015 1185 1157 1219 icolai
1184 1185 1205 1219 S
1218 1186 1369 1229 erarii,
1397 1192 1432 1221 et
1450 1188 1602 1231 quaerit,
1631 1188 1714 1232 quid
1732 1198 1881 1232 respon-

84 1244 239 1280 (lendum
264 1243 319 1278 sit.
369 1243 435 1278 His
462 1243 580 1278 addit:
610 1243 736 1287 „Quod
762 1243 890 1278 attinet
916 1243 1090 1287 supplicis
1115 1242 1229 1277 libelli
1255 1245 1308 1279 tui
1333 1245 1500 1280 tradendi
1525 1247 1711 1290 rationem,
1742 1257 1819 1281 eam
1837 1257 1883 1281 ex

80 1303 305 1348 praescripto
331 1302 474 1336 Domini
500 1306 645 1337 secutus
672 1302 736 1344 fui,
765 1300 862 1345 quod
879 1301 973 1335 tradi
998 1302 1098 1336 illum
1118 1308 1300 1346 oporteret
1323 1305 1464 1339 domino
1487 1305 1634 1349 janitori
1653 1305 1880 1340 Schoenfelch

81 1361 141 1407 qui
166 1365 248 1406 post
282 1371 353 1396 una
379 1359 674 1396 convenientibus
700 1360 743 1393 D.
770 1358 938 1393 Barwitio
975 1364 1011 1394 et
1042 1360 1177 1394 Jacobo
1215 1361 1258 1396 de
1290 1362 1426 1397 Mor-lar
1458 1368 1519 1398 tuo
1552 1363 1693 1398 nomine
1726 1363 1881 1407 supplex

81 1418 236 1463 offerret,
268 1429 373 1463 quem
399 1423 518 1453 tamen
545 1430 565 1453 a
590 1428 645 1452 me
671 1417 834 1462 accipere
867 1417 1076 1460 recusabat,
1112 1419 1376 1463 superaddens,
1411 1431 1569 1456 mearum
1602 1431 1681 1456 esse
1714 1421 1880 1466 partium,

79 1487 251 1522 praesens
283 1478 361 1522 ipse
400 1482 440 1512 ut
466 1477 570 1512 dictis
603 1476 754 1511 dominis
787 1474 887 1510 illum
915 1475 1097 1520 offerrem,
1133 1487 1238 1521 quem
1265 1477 1371 1512 etiam
1397 1479 1504 1512 tertio
1537 1483 1620 1522 post
1646 1478 1702 1512 die
1728 1489 1749 1513 a
1773 1483 1834 1513 tuo
1862 1489 1882 1513 a

81 1537 183 1572 nobis
209 1536 293 1571 hinc
318 1540 520 1571 commeatu
552 1535 681 1570 offerre
712 1534 799 1568 mihi
824 1534 965 1570 licebat.
1014 1535 1102 1570 Post
1134 1536 1266 1570 multas
1292 1547 1336 1571 ex
1361 1536 1527 1571 Barwitio
1560 1546 1657 1571 meas
1688 1541 1878 1580 perconta-

81 1594 199 1629 tiones
226 1598 288 1630 aut
312 1594 587 1630 sollicitationes
614 1593 657 1628 de
682 1593 794 1628 libelli
818 1593 872 1627 tui
898 1593 1087 1635 sententia,
1113 1594 1181 1628 hoc
1207 1594 1348 1628 demum
1374 1604 1566 1638 responso,
1601 1595 1705 1629 nimis
1730 1605 1768 1630 re
1793 1605 1877 1629 vera

81 1662 242 1696 moroso,
275 1664 296 1687 a
330 1653 425 1688 dicto
458 1652 533 1687 viro
561 1651 727 1687 dimissus
753 1650 821 1686 fui:
856 1651 1030 1687 Dominus
1062 1656 1147 1687 tuus
1180 1651 1339 1687 libellum
1374 1653 1574 1698 supplicem
1609 1653 1738 1698 dirigat
1771 1651 1816 1686 ad
1843 1652 1874 1687 S.

84 1711 183 1745 Caes.
210 1710 476 1754 Majestatem.“

222 1768 404 1813 Keplerus
429 1768 465 1803 iu
496 1768 732 1813 responsione
768 1778 832 1803 sua
858 1768 910 1812 (d.
938 1768 1053 1803 Gratii
1079 1767 1219 1813 Styriae
1254 1769 1357 1804 nonis
1390 1769 1564 1814 Augusti)
1599 1768 1756 1804 libellum
1789 1768 1883 1803 hunc

82 1827 280 1872 supplicem
304 1838 376 1862 non
402 1827 556 1871 attingit,
585 1826 650 1861 sed
674 1825 867 1861 Odontium
892 1827 1048 1872 instruit,
1077 1827 1162 1871 quid
1189 1827 1329 1862 serario
1357 1828 1402 1863 sit
1427 1827 1730 1872 respondendum.
1752 1825 1880 1863 Velim

85 1890 127 1921 ut
157 1884 330 1922 Serarius
363 1884 436 1921 hoc
466 1885 670 1930 resciscat,
715 1882 763 1919 D.
796 1883 1005 1921 Pistorium
1037 1894 1082 1921 eo
1114 1883 1200 1920 loco
1232 1883 1326 1920 mibi
1358 1896 1381 1921 a
1413 1883 1578 1921 Caesare
1619 1886 1880 1929 constitutum,

85 1948 128 1979 ut
158 1944 340 1993 temporis
374 1943 561 1979 rationem
593 1943 666 1990 ipsi
698 1940 881 1989 debeam,
929 1953 1005 1991 quo
1044 1942 1199 1979 nomine
1240 1941 1365 1980 celare
1407 1944 1532 1992 ipsum
1563 1941 1657 1978 nihil
1688 1953 1802 1992 posse
1834 1941 1880 1980 de

86 2012 195 2039 meae
215 2001 465 2051 professionis
487 2000 638 2048 studiis,
670 2011 737 2037 seu
760 2000 958 2049 publicum
990 2000 1027 2037 id
1051 2001 1100 2037 sit
1121 2011 1189 2037 seu
1224 2001 1429 2049 privatum.
1463 2003 1552 2048 (Cfr.
1572 2002 1638 2036 vol.
1653 2003 1716 2038 III.
1735 2003 1880 2047 p.444.)

87 2058 372 2097 Commentaria
403 2056 488 2097 mea
521 2058 566 2096 de
598 2058 766 2095 motibus
789 2058 926 2096 Martis
958 2070 1003 2096 eo
1034 2058 1120 2095 loco
1143 2062 1243 2105 sunt,
1279 2063 1319 2096 ut
1342 2060 1501 2109 primum
1526 2064 1642 2108 atque
1667 2058 1727 2096 vel
1751 2058 1881 2106 Teng-

86 2118 240 2167 naglius
273 2118 503 2156 concesserit
535 2116 595 2154 vel
620 2116 763 2154 Caesar
790 2116 962 2164 jusserit,
997 2118 1159 2166 pecunia
1192 2117 1460 2166 suppeditata,
1494 2117 1583 2154 dum
1617 2118 1884 2167 imprimuntur

85 2176 212 2214 limari
245 2181 281 2213 et
312 2176 466 2213 absolvi
498 2176 661 2225 possint.
722 2173 920 2224 Tychonis
953 2175 1018 2213 alii
1051 2176 1427 2225 tomicpistolarum
1460 2175 1609 2227 prodire
1641 2180 1817 2225 possent,
1850 2175 1882 2211 si

84 2233 122 2272 id
153 2234 384 2272 haeredibus
415 2234 584 2284 placeret
616 2238 686 2271 etc.

221 2300 320 2344 Quae
346 2300 525 2345 Keplerus
550 2300 619 2334 hoc
643 2310 737 2334 anno
763 2311 843 2334 cum
861 2300 1026 2335 Fabricio
1051 2311 1117 2345 per
1140 2299 1264 2335 literas
1291 2299 1374 2345 egit,
1405 2310 1513 2344 supra
1530 2310 1564 2343 p.
1585 2300 1652 2334 762
1677 2299 1876 2344 retulimus,

83 2358 198 2402 iisque
213 2359 387 2402 addimus,
402 2358 596 2403 Keplerum
610 2358 781 2402 scriptum
795 2357 949 2393 Fabricii
965 2358 1006 2392 de
1022 2369 1114 2402 noya
1128 2358 1232 2393 stella
1246 2359 1395 2393 vertisse
1414 2358 1449 2392 in
1468 2363 1684 2399 „maternam
1700 2357 1877 2401 linguam·-

85 2417 146 2461 (ΙΙ.
175 2418 270 2460 600).
312 2417 353 2452 A.
372 2417 578 2452 Rhodius
604 2416 639 2451 d.
657 2419 690 2454 3.
710 2417 810 2462 Sept.
835 2418 970 2461 gratias
997 2418 1070 2461 agit
1087 2417 1244 2462 Keplero
1262 2428 1328 2462 pro
1349 2422 1441 2458 „tam
1461 2416 1572 2460 gratis
1591 2426 1695 2460 quam
1709 2416 1879 2459 jucundis

84 2475 256 2518 proximis
278 2475 356 2518 ejus
375 2475 523 2520 literis“,
542 2475 594 2510 sic
611 2475 846 2510 Wenzeslaus
865 2476 893 2509 B
907 2474 1100 2509 udowitz
1125 2486 1146 2509 a
1171 2476 1363 2510 Budowa
1388 2486 1453 2520 pro
1472 2474 1596 2518 literis,
1617 2475 1769 2518 „quibus
1788 2473 1877 2508 adeo

87 2533 199 2568 amice
226 2538 261 2567 et
285 2533 491 2568 humaniter
512 2533 687 2577 judicium
714 2533 756 2567 de
781 2533 954 2577 parheliis
979 2543 1119 2568 mecum
1144 2534 1420 2569 communicas“.

221 2590 365 2628 1806.
393 2591 518 2627 Studia
535 2596 728 2627 occurrunt
746 2592 814 2627 hoc
833 2603 924 2626 anno
944 2592 1210 2637 chronologica,
1230 2592 1272 2626 de
1289 2592 1404 2635 Luna,
1432 2591 1474 2625 de
1494 2590 1652 2624 cometis.
1687 2590 1740 2623 De
1760 2587 1882 2623 Calen-

87 2649 194 2684 dariis
221 2650 414 2694 scripserat
432 2652 478 2693 (a.
499 2652 598 2694 1605)
617 2652 799 2686 Rhodius:
830 2651 1055 2694 „Bibliopola
1075 2650 1270 2693 Helwigius
1296 2649 1476 2683 intellexit
1495 2649 1538 2681 de
1562 2648 1632 2682 tuis
1653 2645 1882 2686 Calendariis,

87 2719 180 2752 quae
198 2707 243 2742 ad
261 2708 420 2751 singulos
447 2719 558 2743 annos
577 2719 597 2742 a
614 2712 650 2744 te
668 2709 916 2743 conficiuntur.
958 2710 1076 2752 Rogat
1102 2714 1142 2742 ut
1166 2719 1230 2752 per
1255 2712 1289 2741 te
1315 2708 1392 2751 ipse
1417 2706 1479 2741 fiat
1504 2706 1681 2749 particeps
1706 2704 1883 2748 privilegii

88 2766 158 2800 ista
181 2766 439 2810 imprimendi.“
484 2767 640 2801 Posthac
658 2766 778 2810 refert,
804 2766 1026 2810 respondens
1051 2767 1096 2800 ad
1114 2766 1260 2810 Kepleri
1285 2765 1409 2799 literas
1429 2763 1654 2808 deperditas:
1682 2761 1802 2805 „Quae
1820 2772 1886 2805 per

89 2825 353 2869 typographum
378 2836 399 2859 a
423 2835 478 2859 me
506 2825 667 2868 expediri
690 2824 846 2867 voluisti,
873 2824 942 2859 hoc
967 2823 1073 2858 modo
1100 2828 1184 2857 sunt
1210 2822 1388 2865 expedita,
1414 2825 1455 2855 ut
1478 2821 1538 2854 ille
1564 2824 1661 2854 totus
1681 2819 1883 2854 consentiat

91 2883 127 2917 in
152 2888 253 2917 tuum
278 2884 512 2928 propositum,
539 2883 607 2917 nisi
632 2882 729 2926 quod
755 2881 876 2915 mallet
901 2881 1054 2924 pretium
1081 2879 1261 2914 aestimari
1289 2890 1332 2914 ex
1359 2878 1599 2913 distractionis
1625 2877 1883 2922 exemplarium

91 2940 279 2976 velocitate
311 2941 367 2977 vel
401 2941 583 2975 tarditate.
631 2939 834 2974 Honestum
860 2948 880 2972 a
905 2945 942 2972 te
967 2938 1188 2972 nominatum
1222 2948 1293 2970 non
1324 2935 1504 2970 recusabit
1529 2936 1744 2979 praemium,
1777 2935 1882 2969 modo

93 3003 132 3032 ut
157 2999 287 3043 videat,
314 3009 352 3034 se
378 2999 460 3033 inde
486 3009 556 3033 non
581 2997 664 3042 plus
683 2996 801 3046 damni
827 2998 932 3039 quam
949 2995 1040 3029 lucri
1058 3005 1202 3038 sperare
1221 2994 1313 3038 cogi.
1352 2994 1471 3028 Etiam
1489 2994 1663 3038 concedit,
1689 2998 1727 3028 ut
1745 2993 1882 3037 priores

93 3056 256 3101 pagellae
280 3056 528 3100 imprimantur
552 3056 699 3099 Pragae.
749 3055 804 3089 Tu
830 3052 914 3097 quid
940 3052 1017 3087 fieri
1041 3052 1129 3086 velis
1153 3051 1327 3085 videbis.“
1377 3052 1625 3086 Intermissum
1649 3052 1790 3086 videtur
1814 3051 1883 3085 hoc

94 3114 293 3158 negotium,
326 3125 406 3149 cum
436 3113 636 3159 posteriore
666 3118 826 3157 tempore
851 3110 1015 3145 Rhodius
1048 3120 1124 3144 rem
1148 3120 1219 3144 non
1244 3108 1396 3154 amplius
1422 3109 1588 3154 tetigerit.
1617 3129 1659 3133 ——
1684 3109 1883 3145 Absolutus

34 3218 35 3222 Ἰ
95 3176 151 3206 est
173 3172 263 3206 liber
286 3171 343 3207 De
368 3171 484 3208 Stella
506 3172 617 3209 Nova
642 3176 678 3207 et
701 3168 884 3216 appendix
908 3168 1012 3206 Silva
1039 3167 1313 3214 Glzronozoqica.

34 3227 35 3236 ¹
166 3229 267 3264 Opera
284 3229 413 3263 Kepleri
431 3229 516 3257 VIII.
1565 3225 1611 3264 50
