2157 3398
258 161 340 210 666
665 164 901 203 Summarium
924 167 1104 204 Historiae
1127 159 1376 206 Astronomiae
1403 169 1523 206 seculo
1549 170 1640 207 XVI.

570 282 773 318 Pulsaruut
796 288 960 321 nostram
985 290 1124 321 teneros
1147 292 1378 323 monumenta
1396 298 1465 332 per
1490 294 1608 323 armos

570 340 738 384 Mentem,
765 353 844 377 cum
867 354 974 378 seusu
998 354 1040 379 ac
1063 344 1208 379 ratione
1232 346 1351 381 aliena
1370 350 1551 390 putarem,

573 398 671 443 Quae
695 401 862 436 mambus
886 413 982 436 nuuc
1007 406 1158 439 attrecto
1182 407 1352 449 teneoque
1375 408 1528 448 reperta,

566 455 814 502 Posteaquam
839 460 879 494 in
903 460 1052 495 dubium
1075 461 1206 496 sensim
1229 473 1322 506 vaqa
1349 462 1473 506 opinio
1497 463 1596 507 vulyi

569 513 696 558 Lapsa
721 521 771 552 est
797 522 829 553 et
852 519 970 564 riqido
996 522 1167 563 reputata
1190 520 1355 554 examine
1380 520 1504 564 eliqua,

573 571 810 617 Quantumvis
836 575 1029 622 Staqyrita
1053 588 1168 612 meum
1192 579 1395 622 nocteisque
1420 578 1563 622 diesque

569 629 856 678 Graecorumque
883 635 1010 670 cohors
1034 635 1243 680 Italumque
1268 636 1502 681 Arabumque
1527 636 1724 680 sophorum

577 688 761 725 Viucz'reut
785 692 956 735 (ocimum,
983 704 1199 739 concorsque
1223 695 1366 738 familia
1391 698 1508 730 tauta.

566 745 661 781 Inde
685 749 758 792 ubi,
776 749 959 792 judicium
983 752 1127 797 inqeuio
1152 753 1361 797 iustiyaute,
1389 752 1527 796 aperiri

571 803 771 848 Coeperunt
794 809 869 842 veri
891 809 1011 852 fontes
1028 810 1342 854 pulcherrimaque
1366 810 1430 844 illa

568 861 729 898 Emicuit
752 875 872 900 rerum
897 868 1030 910 species
1056 869 1158 911 (uam
1181 879 1236 903 me
1260 868 1361 903 Deus
1385 869 1481 903 altus

576 919 754 956 Verteutis
777 924 861 958 secli
885 925 1043 960 melioris
1068 938 1143 961 uon
1166 927 1380 961 mediocrem

570 976 742 1014 Destinat
767 1000 809 1004 -
835 981 935 1017 leand
958 984 1068 1018 veluti
1091 984 1210 1018 media
1234 985 1276 1019 ole
1296 985 1399 1028 plebe
1426 1002 1463 1007 -
1489 983 1722 1025 ministrum),

566 1035 684 1080 Atque
707 1038 770 1072 ubi
793 1045 993 1076 sanxerant
1016 1042 1202 1076 rationum
1226 1041 1341 1076 millia
1365 1041 1440 1075 veri

569 1093 781 1139 Conceptam
807 1099 967 1142 speciem,
991 1099 1114 1142 facilis
1138 1103 1274 1134 natura
1298 1102 1452 1143 reperta,

571 1151 659 1186 Tum
684 1154 824 1190 demum
848 1157 949 1191 licuit
974 1168 1112 1202 quoque
1130 1168 1239 1201 posse
1261 1157 1387 1200 favore
1412 1155 1591 1191 Matlzesis

569 1210 722 1255 Iuyeuio
742 1215 932 1259 partisque
958 1219 1020 1249 tuo
1045 1214 1252 1250 rationibus
1275 1215 1341 1249 uti.

581 1269 627 1304 Ut
650 1270 717 1305 tibi
743 1272 881 1307 Timaei
904 1283 1046 1308 sensum
1066 1273 1248 1316 placuisse
1272 1273 1421 1308 libenter

569 1326 711 1372 Accepi,
737 1329 921 1374 Aeyesiae,
947 1331 1137 1374 Nicaetae,
1163 1329 1480 1376 Pythaqoraeque.

567 1384 656 1419 Jam
680 1387 746 1422 tibi
771 1399 846 1423 uon
873 1389 990 1424 Tellus
1015 1393 1158 1425 tautum
1182 1389 1301 1423 media
1325 1398 1399 1423 esse
1423 1391 1590 1432 ueqatur,

570 1441 674 1486 Quod
698 1446 827 1490 reliqui
846 1451 1000 1491 potuere
1024 1447 1115 1482 satis
1138 1448 1251 1481 multo
1276 1451 1360 1481 aute
1383 1446 1515 1488 viclere,

573 1499 703 1535 Verum
728 1503 835 1538 etiam
861 1504 990 1538 anuali
1012 1515 1104 1549 qyro
1131 1505 1265 1539 circum
1290 1504 1390 1538 atria
1415 1502 1512 1538 Solis

567 1558 718 1599 (Citima
741 1572 804 1596 eeu
827 1563 966 1607 reliqua
990 1562 1078 1598 haec
1101 1567 1233 1607 septem
1257 1563 1499 1604 couceutrica)
1525 1562 1624 1605 ferri,

567 1615 666 1651 Dum
690 1620 827 1662 raptim
851 1621 949 1654 circa
968 1622 1163 1665 proprium
1189 1632 1328 1666 quoque
1353 1621 1496 1656 concita
1520 1624 1681 1655 centrum

568 1675 755 1711 Effundam
778 1679 893 1722 specie
918 1683 1035 1714 motus
1057 1680 1224 1724 fallitque
1249 1680 1384 1719 diurni,

570 1732 769 1769 Tantorum
793 1737 888 1771 uude
912 1738 1008 1772 subit
1032 1739 1152 1773 vultus
1177 1738 1377 1783 circumque
1402 1741 1588 1772 rotantum

563 1790 713 1827 Delirae
737 1794 884 1838 soboles,
911 1806 1000 1839 quae
1025 1800 1111 1831 suut
1134 1801 1316 1840 comperta
1340 1797 1510 1830 Mathesi.

385 1846 484 1882 Haec
509 1850 672 1892 sequitur
699 1852 858 1887 oratione
884 1853 1001 1888 soluta
1028 1854 1220 1898 explicatio
1238 1855 1387 1888 rationis
1407 1853 1673 1897 Copernicanae
1692 1849 1955 1895 compendiosa,
1982 1849 2036 1884 his

248 1903 474 1944 praemissis:
511 1907 678 1951 ,‚Mirum,
707 1919 726 1942 o
754 1910 967 1954 Copernice,
1004 1917 1043 1947 ut
1068 1922 1086 1946 e
1112 1916 1213 1946 tanta
1238 1913 1350 1946 nostri
1376 1912 1488 1947 seculi
1513 1911 1705 1954 caecitate,
1742 1909 1885 1954 quando
1921 1908 2038 1942 omnis

249 1959 499 2006 philosophiae
525 1964 587 1999 lux
613 1976 693 2000 cum
719 1977 778 2010 ea,
812 1979 904 2011 quae
937 1969 1086 2005 aliarum
1121 1981 1264 2014 quoque
1289 1980 1407 2003 rernm
1438 1969 1520 2003 inde
1547 1968 1843 2012 consequentium
1870 1971 1940 2009 est=
1977 1976 2036 1999 ex-

249 2017 380 2053 stincta
401 2020 516 2062 jacet,
553 2032 732 2066 emergere
758 2026 936 2070 potueris,
970 2032 1009 2062 ut
1036 2038 1077 2061 ea
1102 2038 1195 2072 quae
1221 2028 1471 2072 suppressiore
1502 2037 1587 2061 voce
1613 2026 1773 2070 proxime
1797 2023 2037 2069 praecedente

248 2080 367 2110 aetate
392 2078 427 2111 in
449 2078 539 2114 libro
567 2080 609 2115 de
636 2081 740 2116 docta
765 2084 967 2127 ignorantia
991 2084 1163 2119 Nicolaus
1191 2086 1353 2120 Cusanus
1380 2085 1604 2128 enunciarat,
1639 2083 1822 2127 aliquanto
1858 2081 2036 2126 proferres

248 2133 436 2177 audacius,
462 2146 502 2170 eo
528 2148 655 2182 nempe
681 2140 805 2184 clypeo
832 2143 1009 2186 confisus,
1043 2144 1139 2186 quod
1166 2143 1194 2178 si
1221 2144 1340 2187 opinio
1367 2153 1450 2177 vera
1476 2153 1541 2187 per
1565 2153 1602 2176 se
1629 2147 1669 2175 ut
1701 2140 1943 2184 susciperetur
1967 2149 2039 2172 non

248 2196 343 2225 esset
370 2192 508 2229 efficax,
537 2196 663 2231 saltem
688 2209 752 2241 pro
779 2200 902 2243 majori
929 2211 1034 2243 quam
1052 2201 1088 2235 in
1108 2200 1422 2245 supputationilms
1441 2199 1688 2234 astronomicis
1707 2198 1824 2233 adfert
1849 2196 2038 2230 commodi-

249 2252 358 2282 tatem
385 2249 449 2285 sub
477 2253 596 2295 specie
623 2256 879 2300 suppositionis
906 2257 1166 2293 admitteretur.
1218 2259 1308 2294 Heic
1333 2258 1462 2303 quibus
1488 2263 1523 2293 te
1548 2256 1665 2292 verbis
1697 2256 1838 2291 divinus
1870 2254 1930 2290 ille
1954 2258 2039 2289 tuus

246 2306 371 2349 genius
395 2307 560 2354 incitarit,
587 2322 651 2355 ego
679 2313 863 2348 referam-‘⁴

382 2486 464 2521 Jam
489 2499 661 2526 summam
687 2502 826 2536 eorum,
855 2503 945 2536 quae
971 2493 1249 2536 disputavimus,
1275 2504 1345 2527 uno
1372 2499 1569 2538 conspectu
1586 2504 1719 2538 ponere
1737 2493 1866 2538 placet.
1899 2491 2037 2527 Aetatis

247 2558 352 2591 quam
378 2547 664 2583 adumbravimus
690 2549 870 2592 ingenium
902 2550 971 2585 hoc
995 2561 1074 2585 esse
1105 2556 1271 2595 apparet:
1305 2552 1405 2586 vides
1437 2552 1526 2587 alios
1550 2552 1701 2597 impigro
1727 2553 1844 2588 studio
1869 2552 2038 2592 intentos,

247 2610 286 2638 ut
317 2608 412 2640 artes
445 2607 642 2650 provehant
676 2614 897 2652 naturaeque
929 2619 1060 2644 arcana
1095 2610 1256 2653 aperiant
1287 2614 1323 2644 et
1354 2610 1554 2654 illustrent,
1595 2612 1683 2646 alios
1717 2611 1917 2656 opinionem
1948 2609 2038 2644 anti-

248 2663 367 2706 quitus
390 2665 559 2700 traditam
583 2665 762 2701 mordicus
789 2671 965 2703 tenentes.
1000 2668 1041 2701 In
1067 2667 1143 2701 aliis
1160 2668 1325 2702 liberiore
1344 2674 1494 2704 utuntur
1508 2670 1655 2714 judicio,
1681 2671 1717 2705 in
1741 2670 1818 2704 aliis
1843 2680 1888 2704 ne
1913 2669 1957 2703 ab
1984 2679 2036 2714 ea,

250 2731 340 2764 quae
376 2722 517 2765 quidem
542 2727 618 2757 tum
644 2729 738 2768 erat,
770 2735 889 2759 rerum
920 2725 1154 2760 humanarum
1187 2726 1454 2771 divinarumque
1490 2729 1638 2762 scientia
1665 2728 1864 2763 desciscere
1895 2727 2037 2763 videan-

250 2784 323 2822 tur,
357 2780 461 2814 anxie
496 2785 631 2816 cavent.
687 2781 816 2826 Iidem,
850 2793 930 2817 cum
962 2783 1153 2827 plurimum
1184 2784 1342 2819 tribuant
1375 2785 1556 2820 veteribus
1588 2785 1866 2829 mathematicis,
1906 2786 2036 2829 quibus

249 2836 285 2870 hi
310 2836 473 2872 laborent
498 2839 693 2883 erroribus,
721 2851 813 2883 quae
838 2840 995 2875 habeant
1018 2852 1153 2885 manca,
1185 2842 1297 2886 magis
1331 2844 1516 2888 magisque
1550 2843 1826 2888 perspicientes,
1858 2843 1894 2877 in
1920 2854 2037 2878 emen-

251 2893 375 2928 dandis
407 2900 441 2930 et
474 2897 659 2940 explendis
690 2898 761 2933 illis
794 2900 887 2934 varie
920 2904 1119 2935 versantur.
1170 2900 1239 2934 Sed
1272 2901 1307 2934 in
1339 2900 1558 2945 inquirendis
1591 2902 1697 2936 rebus
1729 2900 1883 2944 partium
1918 2901 2036 2935 studio

252 2951 392 2985 deducti
417 2953 577 2989 officiunt
601 2956 759 2999 integrae
778 2957 986 3001 disciplinae
1010 2957 1134 2992 lumini
1154 2963 1188 2992 et
1207 2959 1235 2993 si
1254 2959 1332 3002 quis
1359 2958 1541 2994 erectioris
1567 2958 1672 2993 animi
1690 2962 1755 3000 est,
1781 2968 1860 2992 eum
1886 2958 2035 2993 vinculis

252 3008 488 3054 adstringunt.
539 3011 650 3054 Quam
677 3014 720 3047 ob
747 3025 819 3048 rem
847 3016 1074 3060 Copernicus,
1100 3026 1138 3050 re
1164 3017 1307 3050 maximi
1331 3017 1500 3051 momenti
1525 3017 1680 3059 detecta,
1707 3019 1778 3049 stat
1803 3015 1847 3048 ab
1874 3015 2036 3050 omnibus

251 3064 325 3099 fere
349 3066 509 3111 relictus,
545 3070 668 3113 paucis
694 3075 832 3106 tantum
863 3072 1047 3107 excelsum
1079 3074 1143 3108 viri
1176 3085 1317 3109 sensum
1349 3075 1624 3118 assequentibus
1656 3076 1692 3107 et
1724 3072 1897 3106 rationem
1924 3074 1967 3107 ab
1993 3083 2034 3107 eo

250 3122 416 3158 traditam
441 3131 563 3170 aperte
588 3127 854 3174 profitentibus,
881 3130 1043 3174 plurimis
1068 3136 1130 3167 aut
1153 3132 1398 3167 Ptolemaeum
1428 3130 1673 3177 probantibus,
1700 3134 1761 3165 aut
1785 3129 1880 3175 quod
1898 3130 2033 3176 Tycho-
