2126 3388
217 171 302 215 976
891 168 974 203 Vita
997 166 1021 203 J
1023 167 1147 203 oannis
1172 166 1330 212 Kepleri.

216 287 517 339 repraesentat.“
570 285 650 323 Sub
683 285 799 334 hujus
831 286 1021 335 epistolae
1054 287 1209 334 exitum,
1242 298 1319 335 qua
1340 284 1532 334 Keplerus
1564 296 1635 322 sua
1657 284 1703 323 de
1727 285 1863 323 Martis
1892 286 2008 323 moti-

222 349 293 385 bus
325 347 454 384 studia
484 344 617 390 refert,
652 343 749 381 haec
781 343 894 380 dixit:
942 344 1027 392 „De
1060 344 1271 393 eclipsibus
1302 344 1436 392 scripsi
1469 347 1558 380 ante
1590 354 1741 381 menses
1771 343 1930 390 multos,
1967 348 2009 380 ut

219 412 255 442 et
288 404 334 441 de
366 403 478 440 stella
510 397 648 451 Cygni.
711 400 789 439 Sed
830 401 920 438 nolo
954 407 990 438 te
1022 413 1155 450 agere,
1197 407 1314 450 tange
1354 412 1473 438 unum
1503 400 1639 438 horum
1671 405 1836 449 quatuor
1868 402 2008 447 verbis,

218 463 282 510 qui
314 460 473 498 totidem
505 471 692 497 annorum
725 459 876 507 culpam
909 459 1052 497 silentii
1084 459 1202 498 elues.
1239 481 1289 487 —-
1322 458 1413 497 Jam
1446 458 1598 496 demum
1629 458 1828 508 respondit
1859 458 2008 497 Maest-

217 519 338 564 linus‚
378 519 523 566 gratias
566 528 686 566 agens
719 516 765 555 (16
796 517 961 554 honesta
992 518 1160 555 nominis
1199 519 1259 554 sui
1301 518 1494 555 mentione
1535 522 1571 554 et
1602 518 1640 552 in
1673 516 1813 566 Optica
1844 522 1881 555 et
1910 517 2008 554 libro

217 577 262 614 de
304 576 416 613 Nova
457 574 579 612 Stella
622 575 736 615 sacta.
806 575 978 612 Excusat
1021 575 1216 612 silentium
1264 574 1486 612 diuturnum
1530 575 1658 612 verbis
1704 586 1822 624 supra
1867 573 2007 613 allatis.

218 634 388 683 „Vereor
421 639 569 680 tamen,
603 632 723 680 addit,
756 644 803 670 116
834 634 992 669 1111011110
1025 633 1118 669 mihi
1150 633 1311 670 tribuas.
1372 631 1529 670 Utinam
1561 634 1593 669 is
1625 644 1767 679 essem,
1807 644 1919 680 quem
1949 643 2009 669 me

216 691 426 741 praedicas,
488 691 570 739 Ego
615 702 705 728 vero
747 703 870 728 meam
912 699 1058 728 curtam
1100 691 1379 739 supellectilem
1420 692 1513 730 scio.
1576 691 1768 727 Dominus
1800 690 1907 728 Deus
1940 691 2009 727 tibi

219 751 335 786 vitam
369 755 406 786 et
439 749 538 786 vires
571 748 777 786 clementer
817 748 1061 797 suppeditet,
1105 755 1146 786 ut
1179 750 1214 784 in
1249 749 1329 786 dies
1371 749 1519 797 majora
1562 753 1599 785 et
1639 749 1787 797 majora
1828 750 1867 785 in
1899 759 2010 785 usum

213 806 448 856 reipublicae
481 806 775 844 mathematicae
807 808 950 845 utiliter
982 812 1019 844 et
1050 806 1299 845 laudabiliter
1330 808 1457 844 rimari
1500 811 1537 844 ct
1566 806 1777 855 repandere
1822 807 2011 854 nobisque

219 866 501 903 communicare
532 865 698 913 005616(ι

351 922 542 971 Keplerus
585 922 776 971 extemplo
819 922 866 959 ad
907 922 1003 960 haec
1043 921 1260 971 respondit:
1307 921 1488 971 „Quanto
1520 934 1580 960 me
1612 921 1757 969 gaudio
1789 926 1878 959 tuae
1913 921 2009 959 affe-

218 982 334 1019 cerint
367 981 512 1028 literae,
546 980 778 1029 Praeceptor
814 980 984 1027 colende,
1017 986 1097 1018 tute
1130 981 1213 1029 ipse
1245 982 1425 1026 aestima,
1466 981 1532 1029 qui
1563 982 1676 1017 toties
1708 978 1885 1029 pulsatus
1916 981 2010 1017 meis

215 1040 440 1088 importunis
471 1039 591 1077 literis
623 1038 777 1076 tandem
809 1036 1082 1087 1·esp0ndisti.“
1128 1037 1230 1086 Quid
1262 1038 1399 1076 deinde
1422 1038 1467 1075 de
1490 1037 1710 1075 conditione
1731 1049 1802 1075 sua
1824 1037 2010 1085 Pragensi

214 1098 428 1146 scripserit,
456 1111 490 1144 p.
510 1100 577 1134 767
617 1097 896 1145 praemisimus.
959 1096 1209 1133 Maestlinum
1248 1101 1377 1135 autem
1410 1095 1535 1133 denuo
1568 1096 1764 1133 silentium
1796 1096 2008 1134 observan-

215 1161 292 1193 tem
323 1154 515 1203 Keplerus
547 1156 679 1192 timere
712 1154 849 1200 credit,
883 1166 929 1192 ne
961 1156 1046 1202 quis
1080 1154 1253 1203 epistolis
1285 1155 1365 1191 suis
1397 1154 1497 1192 male
1528 1159 1669 1191 utatur.
1713 1153 1838 1202 Quam
1861 1154 1908 1191 ob
1932 1165 2010 1191 rem

217 1214 250 1251 ei
272 1213 403 1251 scribit
425 1209 596 1265 (1606);
632 1212 766 1264 „Peto,
801 1219 842 1249 ut
872 1212 1106 1261 respondeas
1140 1212 1185 1250 de
1217 1212 1351 1261 eclipsi
1374 1211 1476 1250 Solis
1499 1213 1589 1249 etsi
1613 1213 1670 1249 vis
1703 1211 1748 1249 de
1781 1211 1879 1259 aliis,
1912 1222 2011 1260 quae

218 1271 309 1308 olim
333 1272 522 1319 petebam.
567 1270 688 1308 Crede
711 1270 815 1317 mihi,
850 1282 926 1307 non
960 1282 1022 1308 ero
1046 1270 1274 1316 insidiosus,
1307 1272 1445 1307 metuis
1478 1275 1517 1307 tu
1539 1281 1691 1318 semper
1711 1281 1758 1307 06
1791 1270 2011 1318 exagiteris,

220 1331 329 1377 quasi
363 1328 603 1378 sycophanta
635 1331 720 1368 sim.
762 1328 805 1365 In
840 1327 1013 1377 epistolis
1035 1339 1111 1365 non
1138 1329 1343 1377 requiritur
1375 1323 1548 1379 ιῖκριβκια
1579 1327 1867 1374 mathematica,
1901 1328 2011 1376 cujus

218 1393 258 1424 tu
292 1389 443 1425 virtutis
477 1388 747 1424 auctoritatem
780 1387 949 1435 praefers
991 1387 1168 1423 omnibus
1202 1385 1345 1423 Gratiis
1378 1392 1415 1424 et
1447 1397 1569 1434 usque
1611 1385 1659 1423 ad
1691 1387 1883 1434 ingratum
1917 1386 2012 1422 mihi

215 1445 409 1483 silentium
431 1456 666 1493 propugnas.
712 1445 790 1481 Aut
813 1446 845 1481 si
867 1444 958 1493 quid
982 1450 1018 1482 te
1042 1444 1200 1482 offendit
1221 1446 1259 1481 in
1279 1445 1374 1482 meis
1398 1443 1558 1492 Opticis‚
1583 1455 1668 1481 eam
1690 1456 1799 1482 sume
1820 1443 2011 1482 scribendi

218 1501 456 1541 materiam.⁴‘
511 1502 602 1540 Jam
623 1507 738 1540 antea
760 1503 911 1551 (1601)
944 1502 1059 1539 simili
1084 1502 1235 1540 cuidam
1259 1502 1458 1539 Maestlini
1481 1501 1715 1540 dubitationi
1737 1502 2007 1551 responderat:

221 1560 418 1609 „Obsecro
460 1573 527 1610 per
566 1566 717 1598 nostras
756 1566 876 1604 arteS‚
921 1572 967 1598 ne
1000 1562 1054 1598 ita
1091 1560 1205 1609 plane
1249 1561 1508 1598 obmutescas.
1568 1560 1651 1608 Ego
1684 1562 1717 1597 si
1749 1562 1906 1609 scripsi,
1950 1571 2010 1597 me

214 1619 500 1668 publicaturum
534 1625 619 1656 tuas
653 1619 836 1667 epistolas
867 1618 986 1669 (quod
1019 1620 1238 1656 meminisse
1269 1618 1438 1656 nondum
1471 1618 1659 1667 possum),
1694 1623 1794 1656 certe
1827 1619 2009 1667 poenitet,

214 1678 329 1714 fidem
371 1677 437 1723 do,
484 1677 519 1714 id
560 1688 636 1714 1100
677 1674 886 1714 futurumst
951 1676 1027 1714 Sed
1069 1677 1128 1713 his
1171 1677 1349 1714 omnibus
1393 1676 1723 1714 cohortationibus
1766 1678 2009 1714 amicissimis

216 1735 447 1773 Maestlinus
479 1735 528 1772 ad
551 1734 794 1773 scribendum
817 1746 891 1772 non
917 1741 975 1772 est
1007 1734 1224 1783 perductus,
1259 1734 1381 1772 (101166
1404 1734 1558 1772 silentio
1582 1733 1736 1772 tandem
1759 1746 1859 1771 anno
1887 1738 2008 1772 1610.

216 1795 440 1842 interrupto,
475 1805 560 1830 cum
592 1795 759 1830 maxima
791 1800 892 1831 certe
925 1794 1046 1841 ipsius
1069 1792 1226 1841 Kepleri
1247 1791 1512 1837 admiratione,
1547 1804 1633 1830 eum
1667 1792 1837 1830 Horckio
1865 1793 2009 1841 juvene

217 1851 430 1890 collocutus
468 1852 685 1901 (temerario
720 1850 886 1889 Galilaei
929 1849 1230 1901 oppugnatore),
1270 1850 1386 1888 talem
1429 1850 1475 1888 de
1507 1850 1664 1899 Kepleri
1699 1851 2008 1902 „Dissertatione

216 1922 300 1948 611111
323 1909 472 1947 Ν11116ἰο
495 1907 670 1947 sidereo“
695 1910 924 1947 sententiam
947 1910 1103 1958 profert,
1137 1913 1179 1946 ut
1211 1908 1302 1957 quid
1327 1909 1490 1946 voluerit
1513 1908 1703 1958 Keplerus
1736 1920 1822 1947 eum
1854 1910 2009 1946 minime

216 1967 452 2006 intellexisse
484 1973 671 2017 appareat
702 1971 782 2014 (cfr,
811 1970 889 2005 Vol.
916 1970 963 2005 11.
987 1981 1023 2014 p.
1051 1970 1151 2014 461).

355 2025 551 2074 Epistolae
584 2025 842 2074 Keplerianae
875 2026 923 2063 ab
955 2036 1056 2063 anno
1095 2029 1215 2064 1607.
1248 2036 1370 2073 usque
1412 2023 1462 2062 ad
1495 2036 1636 2062 annum
1673 2029 1794 2066 1616.
1828 2026 2006 2074 scriptae,

215 2083 319 2121 haud
352 2083 466 2121 dubie
499 2086 776 2132 paucissimae,
820 2095 952 2121 omnes
990 2083 1040 2121 ad
1072 2094 1187 2121 unam
1220 2085 1433 2133 perierunt;
1478 2087 1627 2120 exstant
1669 2088 1797 2121 autem
1839 2084 1913 2121 tria
1943 2095 2007 2121 re-

215 2153 358 2191 sponsa
399 2141 673 2180 Maestliniana
714 2143 823 2179 annis
859 2146 980 2179 1613.
1014 2147 1052 2179 et
1087 2143 1208 2182 1614.
1248 2141 1360 2188 data,
1404 2141 1543 2189 quibus
1581 2141 1642 2178 hic
1684 2140 1731 2178 (16
1770 2141 2007 2179 conficienda

218 2200 418 2248 Copernici
450 2212 553 2238 nova
586 2200 752 2238 editione
784 2201 937 2248 scripsit
958 2199 1148 2248 simulque
1171 2212 1193 2237 a
1214 2199 1383 2248 Keplero
1407 2200 1613 2247 quaesivit,
1647 2210 1735 2236 num
1758 2199 1852 2248 quid
1875 2204 2006 2237 contra

217 2258 371 2305 diceret,
402 2260 433 2295 si
465 2258 555 2296 huic
586 2258 744 2296 editioni
777 2258 1010 2295 Prodromus
1043 2257 1247 2296 adderetur
1281 2257 1410 2308 „quod
1441 2258 1494 2294 rei
1534 2256 1724 2294 literariae
1765 2257 2007 2295 matheseos-

218 2328 292 2364 que
324 2315 506 2354 studiosis
549 2318 692 2365 optime
733 2316 948 2354 consultum
989 2313 1163 2364 judico“.
1224 2316 1284 2353 De
1328 2314 1562 2364 Kepleriano
1603 2314 1740 2352 deinde
1779 2315 1872 2352 dicit
1912 2327 2006 2352 con-

216 2375 317 2420 silio,
349 2374 486 2411 librum
520 2383 652 2412 contra
673 2374 899 2412 Helisaeum
921 2373 1123 2411 R‘oslinum
1155 2373 1294 2411 edendi
1326 2372 1372 2410 de
1395 2373 1688 2421 quaestionibus
1709 2373 2004 2422 chronologicis,

217 2432 335 2470 alium
378 2432 424 2469 de
456 2432 558 2470 Solis
589 2433 750 2471 maculis
789 2433 953 2481 aliisque
995 2432 1121 2469 rebus.
1184 2429 1350 2469 Ultimae
1391 2436 1519 2468 autem
1562 2431 1749 2479 epistolae
1782 2443 1805 2468 a
1835 2431 2004 2480 Keplero

217 2496 254 2528 et
286 2489 491 2528 Maestlino
524 2490 637 2528 datae
660 2496 697 2528 et
719 2496 900 2539 acceptae
932 2492 968 2526 in
1001 2501 1122 2527 annos
1154 2488 1295 2527 cadunt
1319 2490 1439 2527 1616.
1474 2494 1511 2526 et
1539 2492 1659 2535 1620,
1692 2501 1789 2537 pene
1811 2489 1933 2527 solam
1957 2489 2004 2527 ad

216 2549 420 2597 Epitomen
451 2550 704 2597 pertinentes,
747 2560 823 2596 qua
862 2560 978 2597 quam
1008 2549 1173 2585 maxime
1215 2548 1300 2596 ipsa
1342 2548 1578 2584 astronomia
1609 2547 1812 2596 profecerit
1843 2547 2004 2596 ejusque

217 2608 322 2655 regio
355 2606 592 2655 amplificata
622 2609 693 2654 sit,
738 2605 928 2655 Keplerus
961 2607 1103 2651 amico,
1147 2605 1229 2653 ejus
1262 2605 1440 2641 diuturno
1482 2604 1634 2642 silentio
1666 2617 1740 2642 non
1773 2605 2002 2654 prohibitus,

219 2665 354 2702 iterum
387 2666 599 2713 iterumque
632 2666 822 2713 exposuit,
854 2665 1022 2701 maxima
1055 2675 1171 2713 opera
1202 2664 1338 2709 nitens,
1372 2667 1415 2699 ut
1445 2663 1567 2700 virum
1600 2664 1830 2701 taciturnum
1861 2663 1910 2700 ad
1941 2673 2002 2700 re-

216 2722 482 2771 spondendum
515 2722 752 2771 perduceret.
795 2722 902 2759 Idem
934 2734 1023 2759 suas
1056 2722 1101 2759 de
1134 2721 1247 2759 rebus
1279 2722 1395 2758 sacris
1428 2721 1637 2758 sententias
1670 2733 1693 2758 a
1727 2721 1885 2770 vulgata
1916 2721 2003 2769 opi-

219 2782 331 2818 nione
373 2780 632 2829 discrepantes
674 2792 758 2818 cum
799 2782 921 2818 amico
960 2780 1216 2817 communicat
1256 2780 1501 2826 rationesque
1543 2779 1669 2824 affert,
1711 2790 1777 2816 cur
1816 2778 2001 2816 formulae

223 2838 458 2876 Concordiae
490 2850 565 2876 non
598 2839 822 2887 simpliciter
852 2839 1134 2886 subscripserit.
1167 2839 1256 2883 (Cfr.
1284 2851 1318 2883 p.
1345 2838 1439 2882 840.)
1501 2836 1577 2874 Sed
1610 2842 1647 2874 et
1686 2836 1775 2874 huic
1816 2835 2002 2884 epistolae

222 2900 258 2932 et
287 2896 525 2944 longioribus
553 2896 673 2935 literis
706 2908 806 2934 anno
833 2901 939 2934 1620
968 2899 1047 2941 (vol.
1073 2899 1138 2932 111.
1176 2910 1211 2942 p,
1238 2898 1452 2941 676-600),
1492 2895 1664 2943 inprimis
1687 2894 1733 2931 de
1754 2905 1857 2931 nova
1878 2893 2001 2931 lunari

221 2953 427 3001 hypothesi
459 2955 620 3003 scriptis,
654 2955 750 2991 nihil
785 2959 842 2992 est
874 2967 895 2991 a
928 2954 1135 2991 Maestlino
1168 2964 1414 3002 responsum,
1449 2964 1562 3001 quem
1595 2952 1787 2990 hominem
1820 2953 2002 2989 cautissi-

222 3021 322 3047 mum
356 3016 392 3048 et
423 3013 585 3049 maxime
627 3014 780 3050 anxium
815 3011 860 3050 (16
893 3012 1137 3061 Keplerianis
1177 3011 1223 3048 (16
1265 3012 1380 3048 rebus
1421 3012 1539 3048 sacris
1571 3009 1874 3047 dubitationibus
1906 3009 2001 3046 nihil

222 3071 393 3116 responsi
426 3069 619 3115 habuisse,
654 3070 701 3107 ex
732 3070 804 3107 1106
835 3072 929 3107 satis
961 3071 1102 3118 poterit
1133 3069 1315 3117 intelligi,
1349 3068 1452 3116 quod
1485 3073 1521 3105 et
1554 3067 1722 3115 theologi
1755 3078 1886 3105 omnes
1918 3067 1999 3104 Tu-

223 3124 427 3174 biugenses
469 3132 506 3166 et
544 3128 812 3165 consistorium
844 3127 1142 3177 Stuttgartiense
1182 3128 1361 3165 acerrime
1404 3125 1707 3165 adversabantur
1747 3124 1998 3177 Calvinianis,
