2126 3388
168 199 280 243 1022
846 195 930 231 Vita
953 194 1105 231 Joannis
1127 195 1285 241 Kepleri.

165 315 390 364 referam“),
432 313 610 352 Proclum
642 312 886 351 Diadochum
919 313 1167 366 („obscurum
1200 312 1293 363 quid
1322 312 1450 351 referri
1481 310 1633 362 potest“
1671 311 1750 364 —),
1781 314 1947 353 Martia-

165 386 255 412 num
297 372 490 421 Capellam
535 372 676 423 („Satis
715 371 939 420 scrupulose
989 374 1177 421 expressit
1216 372 1482 410 refractionem
1522 370 1825 410 horizontalem“
1860 374 1946 420 —)‚

165 432 374 470 Antonium
406 429 568 466 Mariam
600 428 771 481 („forsan
803 430 891 467 hinc
920 434 989 477 est,
1021 429 1125 478 quod
1147 430 1392 476 existimavit,
1426 428 1650 467 altitudines
1681 428 1760 478 poli
1791 431 1829 467 in
1862 443 1946 468 om-

166 490 278 527 nibus
309 487 446 524 Italiae
478 486 574 524 locis
605 484 884 538 decrevisse“),
917 488 1179 533 Alhazenum,
1212 486 1477 524 Bernhardum
1509 486 1766 525 Waltherum.
1825 487 1947 526 Prae-

169 552 273 584 terea
306 545 489 593 adjuncta
520 549 578 582 est
608 545 806 593 inquisitio
841 545 1123 582 observationis
1156 544 1451 591 Hollandorum,
1484 545 1550 593 qui
1580 547 1617 581 in
1652 546 1759 597 „alto
1791 551 1948 595 septen-

169 605 288 641 trione
322 605 400 648 (lat.
428 606 508 649 76⁰)
551 602 752 640 haerentes
785 604 823 639 in
854 602 976 651 glacie
1020 614 1120 640 anno
1156 604 1278 642 1596.
1310 602 1439 641 Solem
1475 607 1522 640 17
1560 602 1695 641 diebus
1727 607 1816 641 ante
1849 603 1948 653 legi—

168 663 302 698 timum
336 666 485 709 tempus
517 658 839 709 conspexerunt“.
902 661 961 699 De
992 660 1210 707 halonibus,
1243 661 1422 709 pareliis,
1455 660 1619 698 iridibus
1650 662 1746 700 scite
1779 661 1948 710 quidem,

166 719 234 757 sed
265 720 377 756 nimis
411 719 563 756 concise
594 720 633 754 in
665 720 916 756 annotatione
948 724 1096 756 tantum
1123 720 1260 767 agitur.

306 776 488 825 Capite
530 777 710 824 quinto
747 776 938 825 Keplerus
983 778 1063 825 agit
1098 776 1182 828 „de
1224 775 1368 814 modo
1401 777 1666 824 visionis“,
1699 779 1948 825 praemittens

168 834 295 886 „oculi
326 836 570 881 anatomen“‚
604 846 718 882 quam
762 846 845 872 cum
887 835 993 871 libris
1031 835 1265 872 medicorum
1297 834 1628 871 celeberrimorum
1665 834 1870 872 Plateri
1912 840 1949 872 et

166 892 407 937 Jessenii‚
441 898 521 929 tum
552 893 785 929 institutioni
817 892 1006 938 Jessenii‚
1039 894 1153 930 amici
1185 894 1265 939 sui,
1308 898 1506 940 acceptam
1538 893 1662 931 refert.
1724 892 1949 930 Visionis

165 949 351 987 modum
398 950 456 987 his
503 951 653 987 innixus
698 950 880 987 subsidiis
935 950 1138 996 describit,
1193 961 1337 1002 „sane
1382 962 1406 987 a
1447 952 1638 988 nemine
1688 949 1948 998 hactenus,

168 1007 295 1057 quod
328 1019 411 1057 ego
443 1010 617 1055 sciam,
653 1019 873 1057 eousque
905 1009 1312 1056 pervestigatum
1352 1013 1401 1044 et
1433 1007 1812 1057 deprehensum.
1866 1008 1950 1045 Ita-

167 1078 239 1115 que
270 1077 364 1114 rogo
398 1066 710 1113 mathematicos,
755 1071 797 1103 ut
829 1065 1032 1115 diligenter
1062 1067 1137 1104 ista
1168 1065 1431 1113 considerent,
1465 1077 1540 1114 quo
1573 1066 1637 1104 vel
1669 1065 1826 1104 tandem
1856 1067 1950 1104 certi

170 1123 261 1174 quid
294 1123 339 1162 de
371 1124 614 1162 nobilissima
645 1124 717 1161 hac
748 1124 941 1161 functione
973 1125 1009 1160 in
1042 1123 1288 1173 philosophia
1320 1126 1484 1161 exstet«

302 1181 494 1230 Keplerus
527 1187 654 1220 autem
684 1193 763 1220 rem
795 1186 903 1220 tanta
932 1183 1158 1230 sagacitate,
1191 1181 1403 1219 subtilitate
1436 1187 1473 1219 et
1504 1183 1648 1230 ingenii
1689 1180 1951 1223 foecunditate

168 1241 371 1289 tractavit}‚
414 1245 455 1277 ut
485 1251 597 1277 nemo
639 1239 726 1278 inde
767 1240 815 1278 ab
860 1240 942 1288 eJus
974 1245 1144 1288 tempore
1176 1240 1251 1277 huc
1285 1251 1407 1288 usque
1443 1241 1653 1287 exstiterit,
1694 1241 1760 1288 qui
1793 1239 1952 1278 meliora

170 1297 336 1335 traderet
358 1302 395 1335 et
417 1309 548 1335 omnes
571 1297 619 1335 ad
643 1309 759 1335 unum
782 1299 820 1334 in
843 1309 887 1335 eo
911 1299 1166 1344 consentiant,
1199 1310 1246 1335 ne
1267 1298 1465 1334 minimum
1488 1297 1644 1346 quidem
1675 1309 1790 1346 posse
1812 1299 1951 1335 mutari

167 1356 229 1394 vel
262 1357 298 1392 in
331 1355 467 1393 melius
500 1357 597 1394 verti
629 1367 772 1402 eorum,
806 1367 906 1404 quae
938 1355 1129 1405 Keplerus
1161 1355 1222 1393 hic
1255 1356 1301 1393 de
1324 1357 1408 1392 visu
1431 1355 1641 1403 tradiderit,
1675 1361 1792 1404 atque
1817 1361 1857 1393 ut
1877 1355 1951 1394 huc

165 1425 287 1462 usque
319 1414 549 1452 inconcussa
579 1419 655 1452 stet
686 1415 806 1463 ipsius
840 1414 885 1451 de
916 1414 1029 1451 modo
1063 1413 1219 1451 videndi
1250 1415 1362 1451 ratio.
1414 1413 1564 1462 Dignus
1597 1419 1655 1451 est
1685 1414 1950 1463 paragraphus

166 1473 237 1509 iste
269 1474 541 1519 (11232—209)
574 1477 616 1509 ut
646 1472 695 1509 ab
729 1473 836 1509 initio
869 1471 918 1509 ad
949 1471 1063 1510 finem
1087 1472 1378 1521 diligentissime
1400 1471 1662 1520 pervolvatur,
1694 1483 1780 1509 cum
1811 1472 1951 1510 sunda-

166 1534 334 1567 mentum
366 1530 551 1578 praebeat
581 1531 765 1568 scientiae
799 1531 966 1579 Opticae,
1012 1535 1198 1579 quantum
1241 1534 1278 1568 et
1310 1530 1359 1568 ad
1389 1529 1591 1581 physicam
1625 1536 1662 1568 et
1692 1529 1743 1568 ad
1773 1534 1952 1568 astrono-

166 1589 281 1625 miam
313 1588 489 1636 pertinet.

302 1645 397 1683 Pars
438 1645 600 1694 Opticae
637 1645 795 1695 Kepleri
836 1645 1005 1684 secunda
1047 1648 1327 1692 (Imus—398)
1364 1645 1623 1684 astronomiae
1666 1649 1702 1682 et
1746 1647 1951 1696 praecipue

166 1703 335 1741 theoriae
359 1703 574 1741 defectuum
596 1703 698 1741 Solis
718 1703 930 1752 Lunaeque
953 1703 1143 1741 destinata
1167 1708 1234 1741 est.
1275 1704 1718 1752 lnquirunturyeterum
1751 1709 1789 1742 et
1819 1715 1952 1742 recen-

167 1763 306 1799 tiorum
339 1762 629 1799 observationes
661 1763 761 1799 circa
791 1761 989 1800 stellarum
1019 1761 1164 1809 lucem,
1199 1761 1332 1800 Lunae
1363 1762 1516 1811 phases,
1551 1761 1735 1809 defectus,
1768 1762 1952 1809 maculas,

168 1819 213 1857 de
245 1819 501 1857 illustratione
541 1825 675 1857 mutua
712 1819 847 1857 Lunae
887 1824 923 1857 et
964 1820 1123 1866 Terrae,
1167 1831 1329 1857 errrores
1371 1819 1525 1857 illorum
1565 1819 1793 1868 deteguntur
1836 1825 1874 1858 et
1914 1822 1953 1857 in

167 1877 303 1915 melius
336 1882 550 1926 vertuntur,
594 1889 696 1915 nova
730 1889 885 1927 quoque
917 1877 1021 1915 haud
1061 1890 1185 1927 pauca
1217 1877 1263 1916 de
1295 1878 1353 1915 his
1384 1878 1692 1928 apparitionibus
1732 1878 1952 1916 afferuntur.

169 1935 227 1973 Ex
259 1935 319 1973 his
351 1941 529 1974 notamus
562 1935 860 1985 disputationem
895 1936 967 1988 „de
999 1937 1137 1973 rubore
1160 1936 1292 1974 Lunae
1316 1933 1571 1983 deficientis“,
1603 1935 1791 1974 theoriam
1822 1937 1954 1985 paral-

167 1993 330 2041 laxium,
362 1994 517 2032 modum
549 1994 782 2032 observandi
814 1994 984 2032 defectus
1018 1998 1054 2032 et
1086 1994 1290 2032 diametros
1322 1994 1424 2033 Solis
1457 1999 1493 2033 et
1524 1994 1679 2042 Lunae,
1719 1995 1954 2033 instrumen-

167 2056 247 2090 tum
279 2054 315 2089 in
348 2052 449 2090 hunc
480 2064 591 2089 usum
623 2065 645 2090 a
676 2052 845 2101 Keplero
877 2053 1077 2090 inventum
1109 2057 1180 2090 etc.

306 2110 441 2148 Lunae
474 2110 661 2148 theoriam
692 2111 898 2159 plurimum
931 2112 1099 2159 agitasse
1123 2108 1334 2159 Keplerum
1367 2111 1521 2159 saepius
1555 2109 1740 2158 diximus3
1773 2122 1873 2159 quae
1894 2110 1953 2147 his

171 2168 309 2207 studiis
341 2180 407 2218 per
438 2168 593 2217 longam
615 2180 803 2206 annorum
823 2170 958 2206 seriem
981 2169 1153 2218 proiecit,
1187 2168 1381 2216 congessit
1403 2170 1440 2205 in
1464 2168 1575 2216 libro,
1609 2180 1723 2217 quem
1756 2168 1805 2206 ad
1836 2168 1954 2206 eden—

170 2227 259 2264 dum
298 2238 343 2265 ex
382 2232 490 2275 parte
528 2232 798 2276 praeparatum
835 2238 960 2275 neque
998 2238 1089 2265 vero
1130 2227 1352 2264 absolutum
1393 2226 1567 2274 reliquit,
1608 2238 1720 2275 quem
1762 2228 1955 2275 inscripsit

171 2283 578 2334 „Hippa1·chum“.
639 2284 765 2322 Multa
797 2286 913 2323 etiam
944 2286 1082 2333 partim
1125 2296 1228 2323 nova
1265 2285 1404 2333 partim
1435 2286 1471 2321 in
1503 2283 1641 2322 melius
1673 2296 1785 2323 versa
1818 2284 1956 2333 depre-

170 2343 375 2381 hendimus
418 2343 457 2379 in
491 2342 846 2394 „Astronomia
886 2343 1060 2381 Lunari
1098 2343 1160 2381 vel
1194 2342 1468 2389 „Somni0“,
1513 2353 1625 2390 quem
1669 2342 1809 2380 librum
1851 2342 1954 2380 filius

166 2401 390 2438 Ludovicus
424 2400 543 2438 edidit
584 2406 673 2450 post
705 2401 851 2438 obitum
892 2402 1025 2450 patris.
1092 2399 1263 2448 Uterque
1302 2400 1398 2437 liber
1439 2400 1750 2449 supplementum
1792 2399 1955 2449 Opticae

167 2458 301 2510 (partis
333 2457 540 2504 secundae)
571 2459 773 2497 habendus
806 2464 881 2506 est,
924 2460 1096 2496 innixum
1132 2458 1464 2507 speculationibus
1504 2458 1675 2508 physicis
1709 2464 1746 2496 et
1777 2464 1955 2496 astrono-

167 2518 286 2563 micis,
323 2516 530 2565 interjectis
566 2518 802 2566 temporibus
840 2518 973 2565 captis.
1028 2517 1295 2554 Prior-exstat
1325 2517 1363 2552 in
1397 2521 1529 2553 nostra
1565 2516 1733 2554 editione
1769 2516 1846 2555 vol.
1880 2516 1953 2555 ΙΙΙ.

167 2587 203 2623 p.
240 2576 483 2622 509—717,
527 2586 612 2612 cum
655 2575 741 2613 aliis
775 2575 821 2614 de
862 2575 998 2612 eadem
1029 2586 1067 2613 re
1098 2573 1256 2620 studiis,
1301 2586 1346 2612 ex
1389 2574 1586 2612 codicibus
1626 2574 1953 2612 Pulkoviensibus

169 2632 371 2680 desumtis,
411 2634 601 2681 posterior
639 2633 748 2670 initio
788 2632 997 2671 voluminis
1029 2632 1144 2681 huJus
1184 2633 1312 2670 octavi
1345 2635 1395 2678 (p.
1428 2635 1617 2678 27—123).
1693 2632 1954 2671 Reformatam

168 2691 221 2728 ibi
254 2690 573 2739 deprehendimus
604 2690 868 2740 Tychonicam
900 2691 1087 2729 theoriam
1119 2690 1310 2737 lunarem,
1345 2702 1482 2728 causas
1515 2690 1762 2739 Tychonicae
1797 2691 1953 2742 „varia-

167 2746 307 2786 tionis“
342 2750 608 2797 investigatas,
640 2760 781 2786 novam
813 2749 1011 2797 eclipsium
1043 2748 1250 2796 theoriam,
1284 2759 1398 2797 quam
1430 2749 1674 2786 transsumsit
1694 2748 1884 2797 Keplerus
1916 2749 1953 2784 in

170 2805 404 2844 Tabularum
436 2805 771 2856 Rudolphinarum
803 2806 1138 2846 introductionem,

308 2864 381 2901 His
415 2876 514 2912 quae
547 2864 592 2902 de
626 2863 804 2913 Optica
835 2865 994 2913 Kepleri
1025 2864 1225 2901 retulimus
1257 2863 1506 2912 adjungenda
1536 2868 1624 2901 sunt
1655 2875 1720 2910 ea,
1765 2874 1862 2911 quac
1893 2863 1953 2899 in-

170 2926 284 2959 vento
324 2922 417 2959 tubo
456 2923 583 2971 optico
625 2921 815 2971 Keplerus
857 2923 1084 2971 conseripsit
1125 2926 1161 2960 ct
1199 2923 1414 2970 conscripta
1454 2922 1573 2960 edidit
1620 2921 1730 2959 titulo
1769 2921 1952 2969 inscripto

171 2978 456 3027 Dioptrice.
518 2980 606 3028 Ipse
638 2980 793 3028 quidem
813 2980 1005 3029 Keplerus
1037 2981 1115 3017 suis
1148 2981 1268 3027 ipsius
1301 2980 1637 3018 observationibus
1668 2978 1762 3015 nihil
1793 2979 1884 3015 novi
1915 2980 1952 3015 in

173 3036 279 3074 coelo
312 3037 471 3084 detexit,
505 3039 628 3085 priore
661 3043 830 3088 tempore
863 3039 1116 3076 instrumento
1148 3038 1213 3074 illo
1247 3037 1471 3085 destitutus,
1514 3042 1669 3087 postea,
1702 3047 1785 3073 cum
1817 3040 1952 3074 nactus

173 3098 272 3131 esset
301 3094 434 3131 tubum
457 3097 644 3144 opticum,
679 3097 970 3134 observationes
1001 3100 1149 3133 tantum
1172 3094 1339 3133 Galilaei
1371 3097 1599 3133 auctoritate
1620 3105 1690 3130 sua
1711 3093 1951 3133 confirmans.

309 3150 449 3190 Modus
479 3152 659 3190 metiendi
680 3154 938 3202 retractiones,
972 3155 1039 3202 qui
1059 3155 1096 3190 in
1119 3152 1275 3192 exordio
1297 3153 1516 3203 Dioptrices
1546 3152 1780 3202 proponitur,
1812 3151 1953 3193 funda-
