2126 3388
259 145 342 188 944
940 140 1024 176 Vita
1048 140 1072 175 J
1074 140 1200 176 oannis
1226 141 1385 186 Kepleri.

260 275 343 301 cam
374 261 536 299 salutem
568 263 834 306 conservaret,
869 260 1135 297 consentiente
1167 260 1397 309 imperatore
1429 269 1572 295 munus
1603 271 1626 296 a
1658 259 1941 298 Wallenstenio
1973 259 2045 297 ob-

258 321 378 358 latum
410 331 449 356 se
481 323 745 366 suscepturum
780 328 864 354 esse
898 318 1044 364 annuit,
1079 320 1257 366 quamvis
1289 318 1388 354 hanc
1421 315 1679 354 conditionem
1713 317 1801 355 odio
1836 329 1911 356 non
1943 317 2044 355 libe-

259 391 338 416 ram
372 388 454 414 esse
486 377 583 414 bene
617 376 730 413 sciret
763 379 800 412 et
831 374 877 413 de
909 380 1080 423 tempore
1111 376 1239 413 futuro
1271 375 1460 412 sollicitus
1494 379 1607 412 esset.
1651 375 1745 412 Cum
1778 386 1897 414 uxore
1928 376 2045 424 igitur

259 441 296 473 et
326 435 454 472 liberis
487 434 700 471 minoribus
733 444 850 481 quum
882 444 1012 470 mense
1043 432 1153 471 Julio
1179 436 1285 471 1628
1319 434 1389 470 iter
1421 433 1636 480 incepisset,
1671 432 1869 482 Saganum
1899 435 2044 481 migra-

255 495 321 538 vit,
355 503 430 540 qua
464 493 499 527 in
532 492 625 529 urbe
657 502 742 528 cum
773 491 919 528 familia
952 491 1138 528 consedit.
1190 491 1323 540 Typos
1347 495 1476 528 autem
1508 490 1642 528 Lincio
1675 496 1742 528 aut
1772 489 1887 529 Ulma
1917 496 2043 528 trans-

253 550 426 587 ferendos
471 551 621 587 curavit
665 553 702 587 et
733 548 877 597 Sagani
910 549 1018 586 Duce
1061 548 1238 597 adjutore
1283 548 1474 586 officinam
1516 549 1681 585 instituit
1712 548 2042 598 typographicam,

254 608 361 655 cujus
394 619 467 655 ope
492 606 766 655 Ephemeridas
797 606 1007 655 perficeret,
1043 618 1204 654 quarum
1227 606 1435 644 editionem
1455 605 1651 655 pollicitus
1684 613 1774 653 erat,
1797 606 1909 644 simul
1931 606 2044 644 Wal-

256 665 432 703 lenstenii
477 664 675 702 desideriis
718 665 959 713 astrologicis
999 664 1214 713 indulgens.
1278 664 1384 702 Idem
1425 676 1510 702 cum
1541 664 1750 713 Keplcrum
1787 665 1969 713 jussisset
2006 665 2042 700 in

253 723 452 760 Rostoclrii
497 723 696 760 academia
738 723 963 771 professoris
1014 734 1152 759 munus
1196 724 1408 771 suscipere,
1461 724 1619 771 negavit
1658 728 1918 768 astronomus,
1961 734 2043 759 me-

254 786 363 818 tucns
400 793 446 818 ne
479 787 660 830 suscepto
692 780 765 818 hoc
798 781 923 818 officio
956 780 1132 818 residuae
1164 782 1373 829 pecuniae,
1418 792 1514 829 quas
1548 782 1789 829 imperatoris
1821 781 1937 818 fiscus
1969 780 2043 817 sibi

253 839 429 885 deberet,
476 839 524 875 ad
559 841 702 875 irritum
735 838 934 884 caderent,
968 840 1192 887 praesertim
1225 850 1309 876 cum
1341 839 1428 876 Dux
1460 838 1670 877 solvendas
1711 840 1895 887 pecunias
1926 837 2043 887 polli-

257 899 355 935 citus
388 896 544 945 qnidem
577 902 689 944 esset,
722 896 788 934 sed
821 896 991 933 nondum
1025 898 1250 934 curavisset.

390 955 535 1004 Sagani
568 955 760 1003 Keplerus
802 967 924 1003 usque
957 954 1005 991 ad
1039 953 1245 992 Octobrem
1286 965 1457 992 mensem
1494 955 1585 992 anni
1620 958 1741 994 1630.
1774 959 1950 992 versatus
1986 959 2043 991 est

252 1013 382 1061 ibique
414 1013 558 1060 gaudio
592 1024 746 1061 quoque
778 1012 852 1050 hoe
884 1018 942 1050 est
972 1013 1145 1059 affectus,
1181 1012 1284 1061 quod
1314 1012 1393 1049 filia
1415 1012 1607 1059 Susanna,
1641 1024 1740 1061 quae
1772 1017 1863 1050 tunc
1885 1011 2043 1049 Duriaci

252 1071 513 1120 gubernatieis
561 1083 717 1108 munere
762 1071 1017 1119 fungebatur,
1073 1071 1388 1119 Argentoratensi
1436 1072 1561 1108 amico
1602 1071 1846 1119 Berneggero
1888 1075 2043 1107 auctore

253 1141 337 1166 cum
383 1128 534 1166 Jacobo
578 1129 800 1176 Bartschio,
844 1130 1016 1166 acerrimi
1070 1129 1185 1165 studii
1229 1128 1474 1166 adolescente
1507 1131 1588 1175 (cfr.
1615 1132 1693 1166 VII.
1726 1132 1811 1174 478)
1844 1129 2043 1165 matrimo-

249 1189 354 1224 nium
386 1188 508 1224 iniret.
561 1187 678 1233 Idem,
712 1188 777 1236 qni
803 1192 1064 1224 astronomum
1093 1187 1175 1234 jani
1197 1187 1438 1236 aliquantum
1460 1188 1641 1235 temporis
1662 1187 1700 1222 in
1727 1187 2042 1235 Ephemeridibus

249 1245 523 1283 ratiocinandis
557 1245 780 1293 adjuverat,
814 1246 936 1294 ipsius
968 1250 1005 1283 et
1036 1245 1269 1294 Berneggeri
1302 1245 1463 1282 consilio
1496 1245 1788 1294 Argentinensis
1819 1245 2042 1283 academiae

249 1306 429 1353 magister
471 1303 694 1352 designatus
737 1308 805 1341 est.
880 1303 973 1341 Mox
1013 1304 1050 1339 in
1095 1302 1229 1340 eadem
1269 1303 1362 1340 urbe
1401 1304 1546 1352 nuptiis
1589 1303 1701 1340 saetis
1743 1302 1796 1352 (d.
1843 1307 1879 1341 2.
1912 1302 2042 1340 Martii

253 1362 378 1411 1630)
418 1362 545 1398 mariti
585 1366 784 1410 parentes,
836 1363 901 1410 qui
941 1361 1030 1398 huic
1076 1360 1172 1398 sesto
1213 1361 1287 1398 diei
1326 1372 1401 1398 non
1443 1361 1709 1408 interfuerant,
1754 1361 1898 1410 Sagani
1938 1362 2042 1398 vise-

248 1425 347 1458 runt.
409 1419 632 1457 Bartsclrius
665 1421 764 1457 enirn
795 1421 960 1468 primum
991 1420 1113 1456 soceri
1145 1431 1261 1467 opera
1291 1418 1478 1468 adjuvare
1511 1424 1548 1457 et
1578 1424 1715 1468 postea
1747 1419 2041 1468 Argentoratum

248 1479 369 1516 redire
402 1477 542 1525 voluit,
583 1483 625 1515 ut
656 1478 709 1515 ibi
741 1490 878 1515 munus
909 1478 982 1515 sibi
1023 1476 1194 1514 oblatum
1227 1478 1432 1526 inciperet3
1474 1477 1771 1526 Ephemeridum
1810 1489 1965 1526 quoque
2005 1482 2042 1514 et

249 1537 457 1575 editionem
490 1541 527 1573 et
558 1536 832 1573 redemtionem
865 1536 1013 1573 curavit
1044 1534 1282 1585 eandemque
1316 1536 1364 1573 ob
1388 1547 1561 1583 causam,
1595 1540 1635 1572 ut
1666 1537 1747 1584 ipse
1769 1547 1854 1573 cum
1875 1535 2041 1573 librariis

248 1600 391 1643 ageret,
424 1594 717 1632 Francofurtum
750 1594 943 1644 profectus
977 1599 1047 1631 est.
1100 1591 1205 1631 Uxor
1237 1599 1363 1631 autem
1386 1594 1531 1642 Sagani
1553 1593 1656 1643 apud
1679 1599 1856 1643 parentes
1887 1605 2041 1631 reman-

248 1656 315 1699 sit,
360 1658 440 1690 tum
483 1664 655 1701 qnoque,
698 1664 782 1690 cum
814 1652 1004 1701 Keplerus
1046 1651 1203 1689 Octobri
1244 1664 1373 1690 mense
1414 1664 1481 1701 per
1520 1651 1692 1701 Lipsiam
1723 1653 1760 1688 in
1802 1651 2040 1689 Ratisbonae

248 1713 379 1749 urbem
422 1712 613 1759 profectus
646 1717 764 1755 esset,
806 1712 870 1748 ubi
910 1712 946 1746 in
988 1709 1149 1748 coneilio
1191 1709 1407 1748 Germanici
1438 1712 1585 1759 imperii
1617 1712 1828 1759 principum
1868 1721 1912 1748 eo
1946 1721 2039 1747 con-

250 1775 386 1808 vocato
432 1769 480 1806 ab
513 1768 748 1818 Imperatore
786 1770 969 1818 pecunias
1017 1768 1164 1805 debitas
1209 1768 1448 1817 efflagitaret.
1523 1767 1608 1816 Quo
1648 1768 1692 1806 de
1732 1770 1886 1814 itinere,
1928 1767 2038 1818 Kep-

246 1828 314 1866 leri
346 1833 466 1864 morte
499 1832 536 1864 et
565 1828 801 1877 temporibus
833 1828 957 1876 ipsam
989 1831 1148 1864 mortem
1180 1827 1429 1875 sequentibus
1460 1826 1542 1875 jam
1573 1838 1690 1876 supra
1720 1827 1894 1876 pluribus
1926 1838 2038 1864 enar-

248 1892 373 1924 ratum
405 1890 474 1923 est.

385 1944 559 1982 Exeunte
602 1943 674 1981 hac
717 1948 824 1992 parte
866 1942 1025 1991 Kepleri
1070 1941 1232 1989 liberos,
1277 1954 1354 1992 quo
1397 1944 1561 1993 quisque
1600 1948 1772 1994 tempore
1813 1947 1927 1980 natus
1968 1946 2036 1990 est,

247 2002 568 2041 enumerabimus.

386 2060 516 2098 Priore
549 2060 790 2097 matrimonio
822 2059 960 2108 geniti:

397 2123 430 2155 1.
465 2118 725 2166 Henricus,
757 2122 870 2155 natus
903 2117 964 2154 die
998 2121 1034 2157 2.
1056 2118 1167 2155 Febr.
1194 2121 1314 2164 1598,
1347 2123 1456 2156 mort.
1481 2118 1516 2155 d.
1542 2122 1578 2156 3.
1605 2117 1695 2167 Apr.
1720 2117 1890 2166 ejusdem
1913 2117 2015 2157 anni.

394 2181 431 2213 2.
466 2176 706 2223 Susanna,
739 2182 830 2213 nata
862 2175 982 2213 „lunio
1014 2187 1144 2214 mense
1177 2189 1210 2213 a.
1248 2179 1369 2223 1599,
1402 2181 1511 2214 mort.
1544 2176 1654 2214 Julio
1687 2176 1809 2225 ejusd.
1843 2176 1944 2213 anni.

395 2239 431 2272 3.
466 2234 704 2281 Susanna,
737 2240 827 2271 nata
850 2233 885 2270 d.
912 2238 948 2272 9.
972 2233 1053 2272 Jul.
1078 2247 1112 2272 a.
1140 2238 1259 2281 1602,
1294 2246 1378 2272 cum
1402 2234 1603 2273 Bartschio
1635 2235 1919 2272 matrimonium
1952 2233 2036 2270 iniit

523 2304 623 2330 anno
660 2297 781 2331 1630.

394 2355 429 2389 4.
464 2350 778 2397 Fridericus‚
812 2355 924 2387 natus
957 2349 992 2388 d.
1028 2355 1065 2389 3.
1100 2350 1193 2388 Dec.
1232 2354 1358 2397 1604,
1399 2356 1507 2388 mort.
1541 2351 1752 2388 Februario
1785 2352 1874 2389 anni
1911 2354 2032 2388 1611.

396 2413 431 2447 5.
467 2408 781 2455 Ludovicus,
814 2414 927 2445 natus
960 2408 994 2445 d.
1030 2412 1095 2446 21.
1130 2408 1224 2449 Dec.
1262 2413 1382 2456 1607,
1416 2414 1525 2449 mort.
1558 2409 1805 2458 Regiomonti
1837 2422 1872 2448 a.
1910 2413 2032 2446 1663.

385 2466 562 2505 Secundo
595 2468 838 2504 matrimonio
871 2468 1012 2515 geniti:

393 2530 428 2563 6.
462 2525 782 2573 Margaretha
804 2525 1003 2573 Regina,
1026 2530 1116 2562 nata
1139 2524 1174 2561 d.
1202 2529 1235 2563 7.
1252 2524 1340 2562 Jan.
1362 2528 1484 2572 1615,
1507 2530 1656 2563 mortua
1680 2525 1712 2563 d.
1731 2529 1766 2563 S.
1784 2524 1890 2574 Sept.
1910 2528 2029 2563 1617.

395 2589 429 2621 7.
465 2583 751 2631 Catharina,
785 2588 878 2620 nata
910 2583 944 2619 d.
980 2587 1044 2621 31.
1078 2583 1175 2621 Julii
1212 2587 1332 2630 1617,
1366 2588 1516 2621 mortua
1548 2583 1583 2620 d.
1619 2588 1655 2621 9.
1690 2584 1801 2620 Febr.
1839 2586 1960 2620 1618.

392 2646 429 2680 8.
463 2641 732 2688 Sebaldus,
778 2646 892 2678 natus
924 2640 958 2678 d.
994 2644 1057 2679 28.
1091 2641 1181 2679 Jan.
1219 2646 1344 2689 1619,
1389 2646 1497 2679 mort.
1543 2642 1639 2680 sesto
1681 2642 1850 2691 corporis
1890 2640 2029 2678 Christi

520 2710 620 2737 anno
656 2704 776 2738 1623.
1229 2734 1236 2741 .

393 2762 429 2795 9.
465 2757 704 2805 Cordula,
738 2762 830 2794 nata
863 2757 923 2795 die
957 2761 1021 2795 22.
1054 2756 1144 2795 Jan.
1182 2761 1303 2796 1621.

365 2820 428 2854 10.
462 2815 692 2863 Fridmar,
726 2820 838 2853 natus
870 2815 930 2853 die
964 2820 1030 2853 24.
1063 2814 1153 2852 Jan.
1192 2819 1311 2852 1623.

365 2878 428 2913 11.
460 2873 740 2920 Hildebert,
773 2878 886 2911 natus
920 2873 979 2911 die
1014 2878 1050 2911 6.
1086 2873 1177 2922 Apr.
1215 2875 1333 2912 1625.

366 2936 428 2969 12.
466 2933 602 2969 Anna
632 2931 805 2977 Maria,
838 2937 929 2968 nata
963 2931 1023 2969 die
1060 2935 1121 2968 18.
1157 2930 1248 2979 Apr.
1287 2935 1407 2969 1630.

385 2989 555 3036 Quorum
578 2990 784 3027 liberorum
808 2995 972 3038 quatuor
994 2991 1057 3038 qui
1079 2993 1167 3026 sunt
1189 2990 1225 3024 in
1249 2989 1321 3025 fine
1344 2989 1570 3036 enumerati,
1594 2989 1727 3037 paucis
1748 2991 1893 3024 tantum
1917 2987 2026 3023 annis

247 3047 343 3094 patri
366 3049 587 3096 superstites
619 3048 770 3085 suerunt
798 3053 835 3085 et
858 3047 941 3096 (filii
964 3046 1080 3096 certe)
1113 3046 1248 3084 eodem
1279 3046 1356 3084 fere
1377 3052 1566 3096 tempore,
1597 3057 1672 3095 quo
1701 3049 1821 3082 mater
1850 3043 2023 3090 decessit,

249 3106 386 3142 mortui
417 3117 500 3143 esse
522 3104 709 3144 videntur.
747 3106 833 3151 (Cfr.
858 3106 1029 3143 Ludovici
1063 3107 1223 3142 libellum
1257 3107 1301 3143 ad
1327 3107 1581 3152 Imperatorem
1613 3105 1785 3149 scriptum
1816 3115 1898 3149 pag.
1927 3104 2023 3149 031.)
