2177 3408
541 143 778 181 Summarium
801 143 983 181 Historiae
1008 144 1263 182 Astronomiae
1288 145 1409 184 seculo
1435 148 1531 186 XVI.
1863 152 1946 197 583

145 267 304 300 motuum
333 264 517 309 emendet,
554 273 707 307 cumque
732 264 768 298 in
793 264 942 307 gradum
979 274 1083 299 51111111
1109 264 1386 308 pulcherrimam
1411 268 1505 304 hanc
1530 269 1782 315 philosophiae
1807 277 1946 316 partem

145 328 308 367 reponat.
358 323 443 357 Ideo
470 326 590 356 autem
623 325 677 355 est
704 321 820 356 dictus
846 320 944 356 orbis
969 332 1137 367 magnus,
1175 323 1259 367 quia
1292 328 1363 358 tam
1390 325 1434 359 ad
1468 329 1691 372 superiorum
1723 330 1948 375 planetarum

144 381 249 416 orbes
276 391 382 424 quam
408 379 453 414 ad
478 379 685 414 inferiorum
706 378 988 422 magnitudinem
1015 380 1207 415 notabilem
1241 382 1370 427 habet,
1405 396 1496 428 quae
1531 387 1806 431 praecipuarum
1839 402 1948 436 appa-

144 439 336 473 rentiaruin
372 438 412 472 fit.
439 438 591 474 occasio.
642 438 755 472 Porro
781 437 816 470 in
852 437 1101 474 latitudinibus
1138 440 1363 484 planetarum
1395 443 1547 486 primuni
1582 450 1637 480 est
1669 446 1807 492 videre,
1843 459 1948 492 quam

143 503 239 533 recte
266 497 441 533 deferenti
468 502 629 532 centrum
655 497 788 531 Terrae
813 498 938 543 mayni
961 508 1088 532 nomen
1117 499 1303 543 tribuatur,
1331 500 1426 543 quod
1453 512 1494 535 eo
1519 502 1666 548 insuper
1691 505 1863 549 majorem
1888 507 1948 542 ad-

143 556 367 591 mirationem
392 559 560 599 meretur,
588 566 659 599 quo
686 560 845 590 veterum
871 555 940 589 hac
967 555 1010 590 de
1037 567 1074 590 re
1100 562 1293 601 praecepta
1320 558 1546 602 perplexior-a
1573 561 1850 607 obscurioraque
1870 575 1949 599 esse

143 618 295 650 constat.
340 614 379 647 In
404 613 654 648 latitudinibus
680 614 907 658 planetarum
926 614 1002 657 ejus
1022 615 1209 659 utilitates,
1236 625 1300 649 ceu
1318 615 1354 649 in
1373 614 1503 651 illustri
1523 619 1677 662 quodam
1697 619 1776 655 loco
1796 621 1946 667 positae,

144 673 256 718 magis
283 678 367 708 sunt
392 673 620 718 conspicuae,
647 684 725 708 cum
744 673 832 717 ipse,
859 682 1037 717 nusquam
1056 672 1241 716 eclipticae
1258 673 1366 717 plano
1388 674 1587 716 discedens,
1614 678 1810 722 praecipua
1828 682 1948 714 tamen

143 742 253 767 causa
279 733 393 766 omnis
426 731 642 766 diversitatis
675 731 967 776 apparentiarum
992 731 1027 765 iu
1060 731 1286 767 latitudinem
1323 732 1466 768 existat.
1517 732 1571 768 Tu
1604 746 1704 777 vero,
1743 736 1948 773 doctissime

142 793 186 826 D.
215 791 415 833 Schonere,
453 791 533 824 ideo
561 802 698 826 summo
725 801 844 824 amore
869 792 990 826 orbem
1024 792 1120 826 1111110
1145 792 1435 836 prosequendum
1461 795 1496 825 et
1521 793 1810 836 amplectendum
1837 795 1946 841 vides,

142 850 238 894 quod
264 854 376 884 totam
403 854 522 884 motus
547 849 582 883 111
607 848 833 883 latitudinem
860 849 1058 883 doctrinam
1085 849 1239 884 breviter
1264 855 1407 894 tamque
1434 849 1599 895 dilucide,
1627 852 1790 888 omnibus
1816 865 1946 900 propo-

142 908 219 942 sitis
245 908 376 950 causis,
405 908 449 942 ob
477 908 600 943 oculos
625 910 770 951 ponat.“

280 966 512 1000 Planetarum
538 966 696 1001 theorias
725 966 988 1011 Copernicanas
1016 967 1191 1002 Rheticus
1217 978 1322 1012 quam
1350 967 1558 1003 brevissime
1576 969 1758 1014 explicare
1784 976 1944 1017 conatur,

142 1034 213 1068 qua
236 1025 410 1060 brevitate
437 1025 581 1069 saepius
608 1035 680 1058 rem
707 1025 819 1069 magis
845 1025 1003 1070 involvit,
1031 1037 1137 1070 quam
1164 1025 1350 1061 clariorem
1377 1025 1498 1069 efficit,
1528 1037 1668 1070 semper
1684 1028 1880 1072 respiciens
1902 1030 1947 1065 ad

144 1081 315 1123 „alteram
339 1083 616 1127 narrationen1“,
644 1094 715 1127 qua
734 1083 921 1127 Copernici
947 1084 1168 1129 hypotheses
1197 1094 1324 1127 „quam
1350 1084 1501 1128 primum
1524 1084 1623 1128 justo
1650 1085 1809 1120 adhibito
1829 1087 1947 1121 studio

141 1144 256 1174 totum
280 1141 326 1176 Ι),
355 1141 608 1186 Praeceptoris
635 1152 727 1186 opus
755 1142 959 1186 evolverit“,
987 1143 1022 1176 in
1049 1141 1181 1178 claram
1208 1142 1323 1176 lucem
1349 1143 1607 1186 producentur.
1636 1165 1678 1169 -—-

279 1200 321 1234 In
347 1200 556 1244 appendice,
584 1211 689 1244 quem
715 1201 897 1244 inscripsit
922 1202 1124 1237 Borussz'ac
1149 1201 1377 1242 Encomimn,
1404 1201 1576 1236 Bheticus
1604 1202 1808 1246 praemissis
1835 1202 1947 1238 laudi-

140 1258 208 1293 bus
226 1259 420 1293 Borussiae
447 1259 595 1303 ejusque
622 1260 751 1294 ducum
777 1263 812 1294 et
837 1260 976 1304 civium,
1002 1270 1086 1304 prae
1105 1259 1183 1293 aliis
1210 1259 1295 1294 dicit
1320 1259 1580 1294 Tidemannum
1608 1259 1770 1304 Gysium,
1797 1261 1947 1306 Episco-

141 1328 226 1361 pum
255 1317 495 1362 Culmensem,
532 1318 592 1362 qui
621 1322 724 1359 „ante
756 1328 827 1352 11011
859 1317 996 1352 destitit
1030 1317 1214 1352 adhortari
1251 1317 1485 1362 Copernicum
1523 1318 1565 1352 ad
1602 1316 1693 1351 hanc
1728 1320 1947 1361 provinciam

141 1375 423 1420 suscipiendam,
461 1386 568 1419 quam
604 1375 757 1419 impulit.
810 1376 854 1409 D.
880 1376 1100 1420 Praeceptor
1135 1375 1241 1410 facile
1272 1376 1376 1410 amici
1408 1376 1573 1420 precibus
1607 1376 1715 1410 cessit
1749 1382 1785 1412 et
1810 1380 1947 1425 recepit

140 1433 281 1468 tabulas
308 1435 565 1469 astronomicas
591 1445 629 1468 se
655 1434 948 1478 compositurum.
999 1435 1046 1468 At
1071 1435 1239 1478 quoniam
1269 1434 1345 1478 jam
1371 1436 1455 1469 olim
1482 1435 1548 1469 sibi
1582 1439 1678 1470 esset
1704 1441 1944 1484 perspectum,

140 1493 407 1527 observationes
435 1503 500 1527 suo
526 1492 790 1537 quodammodo
813 1493 894 1536 jure
919 1492 1011 1526 talos
1029 1492 1250 1537 hypotheses
1269 1493 1421 1536 exigere,
1449 1501 1540 1536 quae
1566 1504 1637 1528 nou
1663 1499 1734 1527 tam
1754 1505 1944 1532 eversurae

141 1555 262 1586 essent
285 1551 462 1586 hactenus
490 1551 532 1585 de
559 1558 720 1586 motuum
745 1554 780 1585 et
805 1551 945 1586 orbium
972 1551 1096 1586 ordine
1122 1551 1306 1595 disputata
1337 1555 1372 1585 et
1398 1560 1565 1595 excussa,
1599 1563 1706 1596 quam
1730 1554 1838 1588 etiam
1864 1566 1945 1590 cum

142 1609 308 1644 sensibus
333 1609 467 1644 nostris
492 1614 727 1654 pugnaturae,
750 1609 957 1655 judicabat,
984 1611 1230 1655 Alphonsinos
1256 1610 1374 1654 potius
1403 1619 1508 1652 quam
1534 1609 1780 1645 Ptolemaeum
1805 1612 1944 1648 imitan-

142 1668 226 1702 dum
252 1672 288 1702 et
312 1668 454 1703 tabulas
490 1668 565 1702 sine
602 1668 966 1704 demonstrationibus
1002 1669 1267 1713 proponendas,
1318 1666 1375 1700 Sic
1400 1666 1577 1710 futurum,
1611 1672 1649 1702 ut
1683 1668 1818 1704 nullam
1852 1671 1945 1706 inter

139 1727 377 1772 philosophos
409 1731 567 1762 moveret
599 1727 759 1761 turbam:
797 1727 963 1771 vulgares
989 1728 1228 1762 mathematici
1255 1730 1452 1761 correctum
1484 1726 1660 1762 haberent
1685 1732 1846 1763 motuum
1873 1730 1942 1764 cal-

140 1785 279 1829 culum,
312 1796 415 1820 veros
442 1790 563 1820 autem
588 1785 746 1820 artifices
771 1796 815 1820 ex
841 1785 997 1820 numeris
1023 1783 1216 1829 propositis
1243 1783 1347 1819 facile
1373 1790 1610 1829 perventuros
1637 1786 1680 1820 ad
1707 1787 1882 1831 principia
1907 1792 1943 1823 et

139 1842 276 1887 fontes,
310 1843 404 1878 unde
439 1844 594 1879 deducta
631 1848 753 1878 essent
784 1844 910 1878 omnia.
958 1843 1020 1878 ,Sic
1052 1844 1144 1885 fore,
1182 1846 1222 1876 ut
1247 1843 1363 1878 doctis
1397 1842 1532 1887 liquido
1566 1848 1774 1879 constarent
1810 1847 1940 1890 omnia,

140 1911 257 1945 neque
283 1906 403 1936 tamen
429 1906 715 1936 astronomorum
752 1902 878 1944 vulgus
903 1901 1129 1936 fraudaretur
1154 1913 1240 1945 usu,
1276 1912 1381 1946 quem
1414 1902 1489 1936 sine
1526 1899 1676 1937 scientia
1701 1903 1816 1937 solum
1842 1908 1943 1939 curat

143 1966 178 1994 et
205 1961 375 2005 expetit“.
425 1961 525 1994 Haec
551 1961 699 2005 Gysium
725 1970 795 1994 11011
823 1959 988 1994 sufficere
1013 1960 1213 2004 censuisse,
1249 1961 1425 1995 neminem
1457 1964 1711 2004 perventurum
1746 1961 1790 1995 ad
1821 1971 1941 1996 veram

139 2019 368 2064 hypothesin,
395 2029 461 2053 nec
487 2018 544 2053 hic
569 2019 686 2052 locum
714 2017 854 2060 habere,
882 2016 977 2060 quod
1004 2017 1148 2061 saepius
1175 2018 1210 2052 in
1236 2017 1389 2062 publicis
1416 2019 1568 2062 negotiis
1594 2018 1675 2061 fiat,
1703 2022 1743 2053 ut
1767 2018 1940 2064 aliquam-

142 2077 203 2112 diu
229 2077 377 2112 consilia
402 2077 636 2116 occultentur,
666 2075 779 2110 donec
796 2074 929 2109 subditi
947 2075 1066 2110 fructu
1084 2079 1254 2120 percepto
1274 2086 1372 2120 spem
1391 2086 1617 2120 nequaquam
1637 2077 1780 2112 dubiam
1798 2076 1942 2120 faciant,

140 2135 218 2170 fore
243 2140 283 2170 ut
306 2135 376 2180 ipsi
401 2133 549 2171 consilia
575 2134 646 2169 sint
671 2133 920 2178 approbaturi3
948 2133 1198 2178 imperfectum
1225 2134 1385 2169 futurum
1411 2134 1447 2169 id
1473 2146 1600 2169 munus
1619 2135 1848 2180 reipublicae,
1874 2136 1942 2171 nisi

140 2193 371 2230 fundamenta
405 2192 607 2227 tabularum
639 2196 901 2236 proponentur,
936 2192 1183 2227 Ptolemaeum
1218 2192 1428 2228 imitandum
1462 2204 1541 2228 esse
1575 2193 1791 2238 CoperniCO,
1826 2205 1942 2239 neque

141 2252 364 2296 Alphonsum
389 2253 459 2285 etc.
510 2251 595 2292 „His
621 2255 656 2284 et
689 2250 767 2284 aliis
794 2250 934 2295 multis,
961 2255 1000 2285 ut
1026 2261 1069 2284 ex
1095 2251 1218 2286 amicis
1254 2262 1372 2287 rerum
1405 2251 1560 2286 omnium
1593 2252 1745 2287 consciis
1775 2254 1940 2298 comperi,

142 2309 399 2345 eruditissimus
426 2308 574 2343 Praesul
600 2307 744 2342 tandein
771 2308 867 2352 apud
892 2309 936 2343 D.
963 2309 1238 2353 Praeceptorem
1265 2311 1386 2355 evicit,
1424 2314 1463 2344 ut
1488 2309 1735 2355 polliceretur,
1762 2321 1800 2346 se
1826 2310 1940 2346 doctis

143 2373 178 2401 et
203 2366 404 2412 posteritati
430 2366 473 2400 de
500 2365 684 2401 laboribus
712 2365 785 2400 suis
806 2365 981 2409 judicium
1007 2367 1275 2411 permissurum.
1327 2367 1445 2411 Quare
1471 2369 1597 2403 merito
1625 2368 1778 2404 studiosi
1803 2369 1939 2403 mathe-

142 2432 273 2462 matum
308 2435 380 2460 rev.
415 2425 459 2460 D.
487 2424 666 2459 Culmensi
698 2435 845 2468 magnas
880 2424 1065 2460 habebunt
1095 2426 1249 2470 gratias,
1283 2427 1378 2470 quod
1416 2426 1508 2461 hanc
1545 2437 1688 2471 operam
1720 2426 1940 2470 reipublicae

142 2483 393 2529 11111051110111.α

278 2541 346 2576 Η15
369 2541 476 2576 finem
501 2541 588 2577 facit
613 2541 804 2577 Rheticus:
842 2541 962 2581 „Haec
987 2540 1108 2585 habui,
1137 2541 1333 2577 clarissime
1358 2542 1431 2585 Vir,
1459 2552 1549 2586 quae
1575 2542 1619 2577 ad
1644 2546 1680 2578 te
1705 2542 1741 2577 in
1767 2543 1938 2587 praesens

141 2602 183 2636 de
217 2601 259 2635 D.
287 2599 453 2634 Doctoris
485 2600 554 2634 mei
588 2599 872 2644 hypothesibus,
905 2600 1053 2635 Prussia
1086 2605 1120 2635 et
1150 2601 1422 2636 Maecenatibus
1457 2601 1543 2635 meis
1578 2600 1768 2635 scribenda
1802 2600 1939 2644 putavi.

139 2660 237 2694 Bene
263 2658 358 2699 vale,
392 2658 456 2692 Vir
481 2658 702 2703 doctissime,
737 2662 772 2693 et
803 2658 923 2693 studia
948 2669 1027 2693 mea
1060 2660 1131 2694 tuis
1158 2659 1316 2695 consiliis
1349 2659 1547 2704 gubernare
1580 2669 1624 2692 110
1650 2657 1842 2702 dedignere
1868 2662 1938 2693 etc.

140 2719 197 2753 Ex
222 2718 373 2752 Musaeo
399 2721 520 2751 nostro
547 2717 727 2751 Warmiae
752 2718 811 2751 IX.
839 2716 912 2751 Cal.
940 2718 1017 2752 Oct.
1048 2718 1147 2754 1539.

277 2776 335 2810 Ad
359 2775 460 2819 haec,
488 2784 580 2817 quae
606 2785 650 2809 ex
677 2774 874 2818 Copernico
909 2779 945 2810 et
969 2775 1119 2811 Rhetico
1147 2776 1410 2820 excerpsimus,
1447 2784 1647 2816 monemus,
1682 2773 1877 2819 Keplerum
1901 2775 1937 2810 in

139 2835 238 2871 libris
265 2835 350 2877 suis,
379 2843 470 2878 quos
495 2833 692 2878 praemissa
717 2832 897 2867 volumina
922 2833 1145 2868 collectionis
1171 2838 1315 2868 nostrae
1347 2833 1533 2876 exhibent,
1569 2842 1710 2877 semper
1734 2832 1780 2868 ad
1805 2836 1937 2868 utrum-

142 2904 210 2938 que
235 2893 440 2938 respexisse
466 2901 662 2935 eorumque
686 2890 818 2935 placita
851 2902 930 2926 cum
962 2892 998 2926 111
1031 2902 1135 2927 usum
1161 2902 1266 2926 suum
1291 2893 1460 2935 vertisse,
1494 2894 1571 2925 tum
1596 2900 1655 2932 ea,
1694 2902 1786 2936 quae
1819 2892 1935 2927 minus

139 2951 250 2986 firmis
282 2950 525 2985 fundamentis
557 2949 724 2984 insistere
749 2949 825 2983 visa
851 2952 953 2993 sunt,
987 2949 1023 2982 111
1055 2948 1181 2983 melius
1215 2948 1373 2984 vertisse.
1423 2949 1464 2983 In
1492 2949 1728 2991 „Prodromo“
1756 2949 1935 2994 Keplerus

142 3008 329 3054 Copernici
362 3019 453 3053 opus
486 3009 603 3053 ipsum
635 3007 751 3042 minus
782 3007 818 3042 in
851 3017 889 3041 re
922 3006 1103 3051 praesenti
1127 3006 1336 3049 cognovisse
1361 3007 1516 3049 videtur,
1551 3018 1656 3051 quam
1690 3007 1933 3051 praeceptoris

140 3066 325 3102 Maestlini
348 3066 554 3110 adjumento
582 3076 668 3101 usus
696 3075 792 3110 esse,
824 3076 890 3100 nec
922 3075 993 3100 non
1017 3064 1159 3100 Rhetici
1186 3064 1477 3106 ‚7Narrationem“
1506 3069 1662 3100 secutus
1705 3064 1854 3108 (Passim
1880 3064 1932 3100 in-

139 3125 300 3163 venimus
325 3125 468 3162 Rhetici
493 3125 601 3161 verba
625 3125 720 3170 apud
745 3124 952 3173 Keplerum‚
978 3123 1171 3175 praecipue
1195 3123 1265 3160 vol.
1292 3123 1319 3159 1.
1345 3134 1379 3168 p.
1408 3124 1463 3168 63,
1491 3123 1566 3170 107,
1593 3122 1659 3158 167
1685 3123 1767 3172 ete)
