2126 3388
948 214 1046 252 1618.
1800 212 1883 257 865

91 334 150 373 ab
183 334 805 384 ecclesiaWirtebergica
835 333 1065 373 asseram.
1105 333 1193 372 Hac
1215 333 1374 372 obtenta
1403 337 1541 384 postea
1574 332 1637 370 hic
1665 336 1884 381 quaeretur,

89 404 179 431 num
201 392 294 443 quid
326 393 432 431 aliud
455 394 515 441 sit,
548 392 652 443 quod
676 394 943 431 communione
974 405 1035 431 me
1068 397 1209 431 arceat.
1251 391 1365 429 Illam
1396 402 1487 429 vero
1514 390 1795 429 consessionem
1816 401 1885 429 seu

88 451 387 490 declarationem
419 453 549 502 potius
580 451 723 490 habere
756 456 936 503 poterunt
967 451 1014 488 D.
1050 451 1098 491 D.
1130 450 1304 500 theologi
1337 462 1383 488 ex
1413 449 1518 488 hisce
1550 450 1691 497 literis,
1723 450 1755 487 si
1786 447 1885 487 Rev.

87 508 205 559 Dign.
238 510 325 548 Tua
357 510 534 548 voluerit.
595 509 696 547 Vale
729 511 938 549 clarissime
970 509 1041 546 Vir
1079 511 1195 558 inque
1238 520 1368 547 amore
1404 509 1479 546 mei
1518 507 1580 546 vel
1621 519 1739 545 unum
1770 507 1884 555 hunc,

87 567 178 606 licet
208 570 402 618 ingratum
434 568 697 618 aliquatenus,
728 580 975 618 progressum
1005 568 1140 616 facito,
1173 572 1215 606 ut
1245 568 1384 616 sciam,
1419 577 1464 606 eo
1496 578 1557 606 me
1588 578 1666 606 non
1698 565 1884 606 excidere.

88 626 242 665 Dabam
274 627 400 666 Lincii
435 629 497 667 11.
529 625 675 677 Aprilis
707 627 821 665 Anno
856 630 979 665 1619.

365 690 370 696 '
807 684 856 725 R.
888 685 1006 735 Dign.
1036 683 1146 724 Tuae

878 735 883 739 ’
1369 741 1747 783 observantissimus

1403 801 1472 840 Jo.
1506 801 1718 850 Keplerus.

226 871 422 911 Inscriptio:
448 867 659 903 Reverendo
687 871 723 902 ct
748 866 954 902 Clarissimo
979 866 1066 901 Viro
1090 866 1136 901 D.
1153 865 1331 901 Matthiae
1348 866 1587 906 Hafenreffer,
1614 868 1677 903 SS.
1703 867 1771 903 Th.
1793 867 1886 904 Doc-

87 914 157 949 tori
185 919 221 949 et
246 915 458 956 professori,
485 914 673 949 Ecclesiae
691 913 930 958 Tubingensis
949 913 1174 958 Praeposito,
1201 917 1236 948 et
1263 913 1486 949 Cancellario
1512 915 1728 950 Academiae
1755 915 1887 959 dignis·

89 962 191 1006 simo,
218 962 262 996 D.
289 961 522 1005 Praeceptori
548 964 583 995 et
607 961 811 996 Promotori
835 971 915 996 meo
942 961 1127 996 colendum.

226 1011 264 1041 In
289 1012 437 1049 margine
464 1010 712 1043 Hafenrefferus
737 1011 931 1051 adscripsit:
958 1014 1121 1051 praesent.
1148 1012 1180 1041 ⁶2.
1208 1007 1295 1048 Maji
1324 1011 1426 1042 1619.

88 1057 254 1089 Dominus
279 1058 450 1089 Johannes
478 1057 666 1098 Kepplerus
692 1066 760 1099 qua
784 1058 912 1088 ratione
937 1061 970 1088 et
993 1058 1028 1087 in
1053 1060 1213 1099 quantum
1241 1058 1444 1088 subscribere
1471 1055 1553 1087 velit
1578 1057 1613 1091 F.
1643 1056 1677 1090 C.

224 1159 300 1195 Has
338 1160 487 1205 Kepleri
521 1159 645 1195 literas
678 1158 950 1195 Hafenrefferus
985 1159 1102 1195 ordini
1134 1158 1338 1202 theologico
1373 1158 1595 1204 Tubingensi
1627 1163 1662 1196 et
1693 1170 1759 1205 per
1789 1160 1886 1196 hunc

87 1219 227 1254 senatui
254 1218 499 1254 ecclesiastico
527 1218 799 1263 Stuttgartiensi
829 1218 978 1262 obtulit,
1010 1217 1107 1262 quod
1134 1228 1179 1252 ex
1204 1218 1272 1252 hac
1298 1217 1469 1262 epistola,
1505 1217 1588 1253 data
1613 1218 1657 1253 ad
1682 1217 1886 1262 theologiae

85 1276 326 1320 professorem
354 1277 578 1317 Osiandrnm,
605 1277 698 1312 sicut
723 1288 767 1313 ex
791 1276 1029 1312 Hafenrefferi
1055 1276 1290 1321 responsione
1315 1281 1478 1321 apparet.

221 1336 380 1371 Salutem
405 1347 470 1381 per
488 1336 667 1371 Christum
685 1335 885 1380 plurimam,
912 1335 1121 1370 Reverende
1140 1339 1176 1369 et
1200 1333 1394 1369 clarissime
1419 1334 1570 1369 Domine
1597 1334 1743 1374 Doctor,
1770 1333 1888 1369 affinis

83 1398 118 1429 et
136 1395 264 1430 Frater
280 1395 501 1433 honorande.
535 1396 642 1431 Diese
662 1395 828 1441 beilagen
847 1395 947 1430 seind
966 1395 1012 1429 im
1033 1394 1253 1430 Cons'storio
1273 1393 1499 1428 durchsehen
1517 1392 1661 1427 worden
1676 1392 1749 1428 und
1768 1392 1888 1427 lassen

81 1453 162 1487 wirs
186 1453 245 1488 bei
270 1453 495 1497 ‹lemjenigen
520 1453 636 1489 intent
660 1453 898 1488 nochmahlen
922 1453 1129 1496 bewenden‚
1157 1452 1273 1487 davon
1298 1452 1472 1486 Dominus
1497 1451 1624 1486 Frater
1647 1451 1711 1485 mit
1738 1451 1804 1485 mir
1829 1460 1887 1495 ge·

81 1511 183 1546 redet
207 1511 280 1556 hat,
309 1511 391 1546 dass
417 1512 571 1547 niimlich
590 1514 632 1547 D.
652 1514 860 1548 Mentzerus
886 1511 1092 1556 getrcwlich
1112 1510 1289 1546 admonirt
1312 1510 1441 1554 werde,
1467 1510 1531 1544 mit
1547 1510 1615 1544 bitt
1632 1509 1888 1545 afflictissimae

82 1569 267 1604 Ecclesiae
285 1571 348 1605 mit
374 1571 516 1606 solcher
540 1582 728 1617 neuernng
752 1584 797 1607 zu
815 1571 1048 1615 verschonen‚
1074 1570 1220 1604 vileicht
1247 1580 1300 1613 er,
1328 1569 1358 1603 si
1375 1569 1553 1603 rationum
1571 1568 1733 1612 pondera
1756 1567 1886 1610 videat,

83 1627 196 1664 durch
223 1629 348 1665 Gottes
374 1631 468 1675 gnad
496 1631 573 1666 sich
598 1631 748 1666 wenden
773 1631 924 1667 mochte.
967 1630 1083 1666 Thete
1115 1639 1172 1664 ers
1198 1628 1297 1663 nicht
1324 1627 1380 1671 (so
1407 1626 1498 1660 doch
1526 1626 1611 1660 Gott
1635 1625 1813 1669 verhntej),
1840 1625 1887 1660 So

80 1688 198 1723 haben
232 1688 294 1722 wir
330 1689 544 1724 Cnlvinianis
581 1690 658 1724 ihre
695 1690 891 1734 Trennung
925 1689 961 1723 in
987 1688 1111 1732 Belgio
1150 1692 1185 1723 et
1221 1686 1305 1721 alibi
1336 1684 1602 1719 fiii-zuruckhen
1634 1683 1734 1718 nicht
1763 1693 1887 1727 grosse

80 1746 267 1782 Ursachen
284 1752 352 1782 etc.
395 1748 464 1792 Qui
482 1752 602 1783 autem
620 1749 811 1784 conturbat
834 1748 1045 1793 Ecclesiam,
1072 1747 1232 1792 portabit
1254 1745 1441 1790 judicium,
1467 1744 1669 1788 quicunque
1696 1746 1750 1777 est
1774 1742 1846 1777 ille.

220 1806 427 1841 Betreffend
454 1807 675 1851 Kepplerum
708 1807 771 1842 hat
805 1817 887 1841 man
919 1806 1098 1841 nunmehr
1129 1805 1193 1840 mit
1226 1804 1398 1847 selbigem
1432 1800 1769 1837 Schwindelhirnlin
1802 1799 1887 1844 lang

83 1855 290 1908 gehandlet,
317 1865 403 1899 aber
428 1865 690 1910 vergebenlich,
718 1866 790 1900 und
816 1866 906 1902 lasst
931 1876 969 1901 er
994 1866 1068 1900 ihm
1096 1866 1148 1900 nit
1174 1874 1293 1908 sagen.
1336 1863 1415 1897 Wir
1439 1862 1558 1896 haben
1584 1861 1636 1895 nit
1659 1859 1887 1894 unterlassen

82 1921 228 1964 wellen,
263 1922 330 1957 den
356 1923 473 1957 Herrn
500 1923 694 1968 Tlieologis
721 1925 874 1969 Tubing.
911 1937 956 1960 zu
990 1923 1288 1966 communiciren,
1322 1932 1395 1956 was
1430 1921 1524 1955 ihme
1556 1930 1635 1954 vom
1666 1917 1886 1953 Consistorio

84 1989 168 2015 auss
193 1990 258 2014 vor
283 1981 408 2016 ettlich
442 1980 548 2025 jaren
581 1982 671 2017 eben
704 1982 747 2017 de
781 1983 848 2017 hac
873 1983 954 2028 ipsa
988 1983 1139 2018 materia
1171 1982 1454 2027 zugeschrieben
1480 1981 1639 2025 worden,
1678 1980 1723 2015 ob
1755 1990 1792 2014 es
1820 1979 1888 2014 den

84 2037 204 2072 Herrn
229 2038 393 2075 belieben
420 2039 574 2085 rnechte,
601 2040 663 2074 ihn
690 2039 769 2075 auff
793 2041 956 2086 gleichen
984 2040 1110 2085 schlag
1136 2040 1391 2085 abznfertigen‚
1417 2051 1498 2075 man
1525 2040 1620 2074 kann
1648 2038 1739 2072 doch
1763 2037 1889 2072 keiner

86 2097 245 2132 anderen
269 2099 438 2142 meinung
464 2099 547 2134 umb
575 2099 691 2134 seines
717 2099 945 2144 letzkopflins
971 2099 1090 2134 willen
1115 2099 1268 2135 werden.
1318 2099 1397 2134 wir
1430 2099 1555 2134 hetten
1581 2096 1667 2132 aber
1691 2106 1796 2139 geru,
1824 2094 1888 2129 das

84 2166 151 2190 uns
178 2155 251 2191 diss
277 2161 431 2201 concept
456 2157 501 2192 ad
526 2157 618 2193 Acta
643 2158 793 2202 geborig
819 2158 928 2193 wider
960 2157 1222 2202 zugeschickht
1247 2157 1381 2194 warde.
1430 2155 1598 2191 Moehten
1629 2154 1824 2197 hingegen‚
1858 2152 1889 2186 si

83 2213 134 2247 ita
158 2213 320 2258 placeret
342 2215 506 2250 Dominis
532 2216 682 2259 nostris,
721 2228 784 2261 gar
809 2228 897 2262 gern
923 2217 1016 2252 auch
1040 2216 1160 2260 163611,
1187 2226 1259 2250 was
1286 2214 1481 2258 dieselbige
1510 2216 1544 2248 ct
1569 2213 1611 2247 D.
1639 2211 1826 2246 Mentzero
1854 2214 1890 2243 et

83 2271 266 2317 Kepplero
292 2284 337 2308 zu
363 2279 562 2310 antworten
588 2276 743 2319 geineint
768 2286 897 2312 weren.
944 2276 1065 2310 Damit
1090 2276 1137 2310 vil
1163 2275 1258 2319 gnad
1284 2274 1357 2309 und
1384 2283 1491 2317 segen
1517 2282 1586 2307 von
1611 2271 1710 2307 Gott.
1754 2269 1887 2312 Stuttg·

86 2332 115 2365 1.
141 2331 230 2367 Julii
255 2342 311 2369 ao,
339 2333 443 2370 1619.

500 2394 541 2428 R.
567 2394 613 2428 D.
638 2393 678 2427 T.

846 2439 1137 2476 studiosissimus

1375 2484 1548 2520 Erasmus
1575 2482 1745 2525 Brnning.

199 2536 394 2577 Inscriptio:
434 2535 506 2566 dem
533 2536 779 2577 ehrwiirdigen,
805 2535 1061 2575 hochgelehrten
1088 2535 1193 2565 Herrn

82 2581 191 2612 Lucae
217 2583 396 2624 Osiandro,
424 2582 480 2613 der
505 2581 550 2613 H.
579 2583 714 2613 Schrifft
738 2583 875 2613 Doctori
900 2582 968 2613 und
993 2582 1191 2622 Professori,

85 2627 253 2659 Ecclesiae
271 2630 418 2670 Decano,
437 2629 505 2659 und
524 2629 597 2659 dess
614 2628 709 2661 firstl.
729 2629 894 2670 Stipendii
908 2629 1192 2669 Superintenden-

83 2678 138 2706 ten
164 2685 202 2706 zu
221 2676 410 2714 Tiibingen‚
436 2676 575 2705 meinem
592 2677 767 2714 giinstigen
786 2676 854 2706 und
872 2678 1062 2706 vertrawten
1081 2674 1192 2706 lieben

85 2721 190 2753 Herm
215 2723 387 2761 Schwager
412 2722 480 2752 und
506 2722 631 2752 Bruder
656 2726 717 2756 etc,
959 2722 1144 2760 Tiibingen.

222 2823 578 2860 Hafenrefferus
605 2824 761 2868 Keplero
788 2824 948 2859 Salutem
972 2824 1009 2858 in
1036 2824 1189 2867 Christo,
1216 2822 1368 2858 Domino
1395 2828 1430 2858 et
1461 2821 1647 2857 Salvatore
1672 2824 1807 2856 nostro.

225 2883 359 2918 Procul
377 2883 484 2918 (1111110
507 2882 693 2925 mirabere,
713 2881 909 2917 clarissime
928 2882 997 2925 vir,
1019 2882 1140 2916 Amice
1159 2881 1244 2914 mihi
1262 2879 1480 2922 charissime,
1498 2879 1702 2914 tarditatem
1720 2877 1886 2923 responsi

88 2942 157 2977 mei
182 2942 227 2977 ad
252 2943 378 2978 literas
403 2947 497 2987 tuas,
525 2952 616 2986 quae
644 2941 830 2985 superiore
848 2940 1011 2984 proximo
1029 2940 1127 2974 Maio
1147 2939 1210 2974 abs
1236 2944 1271 2973 te
1297 2939 1384 2972 mihi
1408 2937 1570 2973 redditae
1590 2941 1684 2980 sunt,
1711 2937 1774 2972 sed
1798 2947 1885 2981 pon—

91 2999 215 3036 derata
238 3006 315 3036 tum
341 3001 553 3046 argumenti,
580 3005 654 3035 tum
680 2999 899 3042 reliquarum
925 2999 1275 3033 circumstantiarum
1300 2997 1492 3041 gravitate⁷
1518 2996 1625 3031 facile
1651 2996 1799 3031 diminui
1822 3006 1885 3040 po-

89 3058 172 3093 terit
197 3059 371 3104 quidquid
396 3060 451 3094 vel
475 3059 545 3094 fuit
568 3058 626 3093 vel
652 3062 706 3093 est
730 3057 986 3092 admirationis.
1026 3055 1202 3099 Quoniam
1227 3067 1260 3090 n.
1288 3055 1417 3089 seriam
1442 3059 1477 3088 et
1502 3055 1741 3090 necessariam
1766 3054 1811 3089 ad
1829 3063 1885 3088 me

89 3117 330 3161 perscripsisti
361 3117 570 3162 petitionem
596 3117 666 3160 (uti
690 3117 732 3150 D.
767 3116 806 3150 T.
832 3116 940 3150 verba
965 3115 1128 3158 habent),
1165 3119 1205 3149 ut
1235 3118 1350 3149 totum
1383 3113 1568 3157 negocium
1602 3124 1682 3149 cum
1713 3111 1884 3148 facultate

90 3180 213 3210 nostra
237 3174 440 3219 theologica
465 3180 502 3211 et
517 3174 730 3212 consistorio
749 3173 1002 3219 Stutgardiano
1021 3173 1289 3216 communicem,
1314 3172 1437 3218 utique
1454 3182 1589 3209 moram
1605 3171 1760 3218 aliquam
1775 3170 1884 3207 inter-

157 3233 284 3268 Kepleri
302 3235 403 3271 Opera
420 3236 505 3265 vm.
1564 3230 1608 3267 56
