2126 3388
229 177 314 223 798
921 173 1007 209 Vita
1029 171 1181 208 «Ioannis
1206 171 1365 218 Kepleri.

232 277 369 329 stantia
389 292 497 327 animi
520 290 743 336 dubitarem,
769 289 853 325 novi
877 289 971 324 enim
995 288 1195 335 ingenium,
1228 289 1345 333 pietas
1372 286 1502 322 eximia
1532 285 1618 321 mihi
1651 289 1715 322 tua
1746 290 1802 321 est
1824 291 2028 332 perspecta.

233 351 326 386 Cura
350 350 457 394 igitur
480 348 527 383 mi
552 347 709 392 Keplere
734 352 791 391 ut,
818 348 1013 385 liberorum
1039 350 1075 382 et
1099 348 1151 382 rei
1174 346 1358 382 familiaris
1387 345 1584 380 constituta
1609 355 1714 390 cura,
1743 354 1850 389 quam
1875 345 2028 390 primum

231 410 276 444 ad
302 419 366 443 nos
394 407 519 442 redeas
546 410 581 441 et
606 406 806 441 incolumis.

367 466 441 500 Nos
468 465 617 500 militem
642 469 804 499 nostrum
837 469 909 498 tam
936 463 1096 507 equitum
1129 474 1171 498 ac
1195 463 1358 507 peditum
1385 461 1582 497 dimisimus
1608 471 1724 506 usque
1749 461 1794 497 ad
1820 462 1904 504 300,
1936 461 2029 497 idem

234 530 269 561 et
294 526 461 560 Moravos
486 523 616 559 fecisse
641 523 815 567 intelligo.
865 521 971 556 Faxit
996 521 1104 565 Deus,
1132 524 1171 555 ut
1196 521 1291 555 inter
1317 521 1504 555 Caesarem
1531 524 1566 554 et
1590 520 1726 564 Regem
1751 523 1924 564 nostrum,
1950 520 2031 555 sub-

231 584 314 618 latis
339 582 507 617 fraternis
534 581 643 624 odiis,
675 591 747 625 pax
773 581 913 616 sincera
937 583 973 613 et
997 579 1118 624 firma,
1145 579 1188 613 de
1215 588 1284 622 qua
1308 578 1367 612 hic
1392 578 1703 620 obmurmuratur‚
1730 577 1971 613 constituatur
1996 582 2031 613 et

230 640 392 675 firmetur
424 640 469 674 ad
494 638 655 675 Nominis
688 638 807 673 Divini
841 638 990 682 gloriam
1025 643 1061 672 et
1098 637 1289 673 Christiani
1322 637 1416 672 orbis
1450 636 1660 681 utilitatem,
1695 636 1791 680 quod
1821 636 2031 672 ardentibus

231 699 397 743 precibus
425 708 444 731 a
470 698 546 732 Deo
575 697 874 732 contendendum.
922 697 1087 731 Fratrem
1112 694 1331 730 Richardum
1359 694 1402 729 ad
1427 694 1699 729 Miilhusianum
1717 695 1925 730 Electorum
1950 706 2032 730 con-

232 761 377 790 ventum
404 767 424 791 a
442 756 541 801 Rege
567 756 726 799 ablegari
752 756 907 799 noveris,
933 766 1012 789 cum
1039 756 1075 790 in
1100 755 1183 790 aula
1202 766 1296 789 nunc
1315 756 1450 797 Pragae
1469 753 1577 797 Regis
1606 758 1855 788 commoretur.
1897 754 2032 788 Vereor

233 825 277 849 ne
303 814 483 849 Electoris
513 814 690 848 Saxoniae
717 813 836 848 obitus
860 823 995 848 moram
1021 813 1202 858 quandam
1228 812 1381 856 negotiis
1406 811 1560 856 publicis
1586 812 1736 855 injiciat.
1782 812 1946 847 Fratrem
1972 812 2032 846 Jo-

233 873 388 908 hannem
416 872 606 915 Georgium
632 876 838 906 venatorem
863 872 1039 906 hactenus
1058 877 1243 906 strenuum
1263 870 1569 916 egissejcomperi3
1597 870 1755 906 inveniet
1778 870 1904 915 procul
1924 869 2031 905 dubio

233 931 267 965 in
295 941 386 965 novo
418 929 589 973 regimine
624 929 812 965 venatione
847 929 967 974 digna.
1016 931 1097 965 Non
1125 930 1230 964 datur
1255 929 1396 964 occasio
1422 929 1528 973 plura
1555 940 1650 964 nunc
1676 929 1873 974 scribendi,
1907 928 2031 963 differo

233 994 354 1024 cetera
379 989 424 1023 ad
444 988 525 1023 alia.
560 988 707 1022 Interim
731 993 767 1022 te
794 987 930 1022 salvere
950 994 985 1023 et
1002 988 1121 1022 valere
1135 988 1256 1031 jubeo.
1293 988 1483 1022 Dabantur
1500 987 1615 1022 Lincii
1634 988 1666 1022 d.
1686 987 1744 1023 20.
1762 987 1848 1022 Julii
1867 988 1969 1023 1611.
1989 1007 2031 1011 ——

373 1046 552 1090 Keplerus
579 1046 672 1081 sicut
696 1046 876 1090 prioribus
905 1047 1005 1080 annis
1033 1057 1052 1080 a
1070 1046 1247 1089 Fabricio,
1275 1045 1325 1080 sic
1346 1045 1419 1088 jam
1439 1055 1459 1079 a
1476 1044 1702 1079 Vickenio
1728 1044 1774 1078 ad
1800 1044 2031 1088 astrologiam

235 1105 413 1141 continuis
446 1104 718 1148 quaestionibus
752 1109 940 1140 recovatus
967 1110 1035 1140 est.
1087 1105 1247 1139 Exstant
1279 1104 1453 1149 epistolae
1480 1103 1645 1138 Vickenii
1677 1107 1712 1138 et
1737 1113 1913 1147 responsa
1937 1103 2033 1147 Kep-

234 1163 300 1198 leri
325 1162 394 1197 vol.
421 1162 447 1196 Ι.
473 1167 617 1197 nostrae
644 1162 822 1197 editionis.
878 1162 919 1196 In
951 1162 1121 1207 epistola,
1149 1173 1254 1206 quam
1280 1172 1389 1206 supra
1415 1162 1541 1205 paucis
1568 1161 1741 1202 diximus,
1775 1161 1952 1205 Keplerus
1982 1161 2033 1195 in-

234 1223 359 1257 fensus
384 1220 515 1256 refutat
540 1221 833 1265 superstitionem
858 1221 1032 1257 Vickenii.
1074 1221 1245 1265 Explicat
1270 1222 1445 1255 rationem
1473 1220 1692 1263 „dirigendi“
1719 1219 1896 1254 variorum
1922 1225 2035 1255 astro-

234 1281 398 1325 logorum
428 1289 600 1323 suamque
631 1279 743 1323 ipsius
778 1279 952 1314 rationem
980 1280 1148 1323 proponit
1179 1279 1331 1314 addens:
1373 1283 1508 1320 „totum
1536 1279 1704 1313 domuum
1741 1278 1923 1321 negotium
1952 1288 2034 1312 con-

233 1342 389 1374 temn0“.
438 1337 724 1382 Responsiouem
750 1337 897 1382 Kepleri
923 1338 1115 1372 Vickenius
1141 1347 1179 1372 re
1205 1348 1289 1372 vera
1315 1338 1476 1376 extorsit,
1503 1342 1657 1382 quatuor
1684 1336 1846 1381 epistolis
1873 1337 1971 1372 brevi
1997 1346 2035 1371 se

234 1398 385 1433 invicem
418 1396 621 1432 subsecutis
654 1397 783 1430 iterum
815 1396 1016 1439 iterumque
1041 1401 1192 1440 petens,
1230 1401 1268 1430 ut
1299 1396 1344 1430 ad
1369 1395 1616 1440 quaestionem
1655 1394 1698 1429 de
1724 1404 1850 1429 novem
1875 1394 1972 1429 Horis
2000 1398 2035 1429 et

237 1456 352 1500 genio,
381 1455 446 1497 „de
465 1464 536 1498 qua
554 1454 685 1489 multos
705 1454 931 1489 doctissimos
959 1454 1053 1488 viros
1080 1453 1278 1499 consului&
1304 1465 1519 1499 responsum
1544 1454 1711 1498 accipiat.
1745 1455 1786 1488 In
1810 1453 1924 1488 literis
1950 1453 1980 1487 d.
2000 1453 2034 1489 d.

238 1515 268 1550 6.
294 1514 381 1548 Julii
408 1514 588 1557 excerpsit
612 1518 750 1557 partem
776 1513 959 1547 literarum
987 1512 1183 1546 Simonis
1209 1512 1354 1555 Marii,
1382 1512 1424 1547 de
1449 1513 1583 1547 tabulis
1610 1513 1694 1557 suis,
1723 1516 1827 1554 „ante
1854 1513 1897 1546 12
1921 1522 2035 1547 annos

237 1572 372 1617 publici
392 1572 484 1615 juris
510 1571 635 1606 factis“
662 1571 772 1605 verba
796 1570 972 1613 facientis,
1002 1569 1045 1603 de
1072 1569 1210 1604 edendo
1237 1569 1390 1604 Euclide
1416 1574 1482 1605 ete.
1510 1570 1665 1605 Tentare
1691 1581 1745 1614 se,
1772 1569 1871 1604 addit
1888 1569 2037 1612 Marius,

238 1630 334 1666 aliud
362 1641 463 1674 opus,
489 1629 526 1663 in
551 1640 622 1673 quo
651 1628 936 1663 immobilitatem
954 1627 1087 1663 Terrae
1106 1632 1255 1667 asserat,
1286 1629 1453 1662 assumtis
1477 1629 1695 1673 argumentis
1716 1639 1759 1663 ex
1776 1628 1811 1663 S.
1830 1627 2036 1672 Scriptura3

239 1689 416 1723 Venerem
455 1687 540 1722 dicit
565 1698 586 1721 a
611 1697 649 1721 se
676 1692 907 1730 conspectam
944 1696 1022 1721 esse
1054 1686 1312 1720 corniculatam
1338 1691 1406 1722 ete.
1456 1687 1556 1722 Haec
1581 1687 1686 1721 Marii
1717 1686 1825 1721 verba
1858 1686 2037 1730 Keplerus

240 1745 457 1793 praefationi
481 1745 526 1780 ad
543 1745 759 1790 Dioptricen
777 1744 927 1779 inseruit
950 1745 1115 1788 notisque
1141 1745 1336 1780 illustravit
1353 1745 1410 1788 (II.
1431 1745 1522 1790 469),
1548 1745 1721 1781 Vickenio
1740 1749 1858 1780 autem
1876 1743 2038 1789 scripsit:

239 1804 300 1842 De
332 1802 446 1840 Marii
478 1801 621 1839 tabulis
654 1801 870 1850 disceptare
902 1800 1063 1837 ulterius
1096 1802 1248 1838 animus
1280 1800 1372 1838 mihi
1403 1812 1480 1839 non
1513 1808 1583 1839 est.
1635 1801 1785 1840 Sufficit
1816 1801 1900 1848 hoc,
1934 1799 2039 1849 quod

243 1861 332 1908 dixi,
366 1860 629 1898 incommodas
665 1871 748 1897 csse
782 1871 875 1905 usu,
918 1857 1022 1907 quod
1061 1859 1175 1896 video
1208 1865 1405 1897 auctorem
1436 1860 1545 1897 fateri
1552 1888 1723 1898 ......
1786 1858 1969 1908 Sequitur
2000 1859 2038 1895 in

241 1919 366 1958 Mario
400 1920 515 1956 anxia
549 1919 784 1966 comparatio
818 1928 962 1964 eorum,
996 1929 1096 1966 quae
1130 1919 1211 1966 ipse
1242 1919 1388 1967 primus
1410 1920 1650 1967 computavit
1681 1923 1718 1955 et
1749 1917 2040 1965 demonstravit,

241 1990 326 2016 cum
358 1979 417 2022 iis,
450 1988 549 2026 quae
581 1988 640 2014 me
672 1977 849 2024 agnoscit
879 1975 1092 2013 reddidisse
1125 1976 1400 2027 commodiora,
1433 1979 1494 2013 cui
1528 1977 1775 2025 subjungitur
1807 1975 2039 2024 deprecatio,

241 2048 288 2075 ne
321 2036 564 2074 inhumanius
597 2036 723 2083 ipsum
757 2039 928 2072 tractem.
990 2032 1073 2071 Nisi
1106 2033 1229 2081 fallor,
1267 2041 1306 2071 tu
1338 2034 1391 2071 illi
1424 2036 1637 2084 scripsisti,
1670 2047 1730 2072 me
1761 2034 1937 2084 publicas
1968 2033 2041 2071 ad-

242 2107 376 2134 versus
410 2096 533 2143 ipsum
566 2094 783 2141 suscepisse
814 2093 1035 2129 inimicitias
1067 2091 1243 2141 adeoque
1270 2092 1352 2141 jam
1384 2092 1576 2140 hostilem,
1610 2095 1641 2130 si
1675 2094 1759 2131 Deo
1790 2092 1930 2141 placet,
1963 2091 2042 2129 lib-

244 2165 327 2191 rum
363 2153 456 2190 mihi
496 2152 567 2189 sub
609 2152 787 2188 manibus
828 2162 926 2188 esse.
988 2150 1040 2187 At
1072 2152 1126 2187 ita
1156 2151 1250 2187 mihi
1284 2152 1385 2188 bona
1415 2163 1523 2188 mens
1555 2152 1704 2198 faveat,
1747 2152 1804 2188 uti
1835 2161 1906 2199 ego
1938 2161 2039 2187 nun-

246 2222 362 2261 quam
402 2213 439 2247 in
479 2209 537 2247 his
580 2210 726 2258 apinis,
769 2208 910 2247 nedum
951 2209 989 2244 in
1023 2208 1369 2246 emendatiunculis
1413 2209 1531 2246 ullam
1567 2209 1714 2258 gloriae
1745 2220 1853 2258 spem
1885 2219 2038 2257 ponam,

247 2281 342 2319 quas
375 2268 451 2306 illis
483 2269 521 2304 in
553 2267 694 2305 chartis
727 2271 772 2314 (in
798 2270 911 2305 literis
938 2269 1144 2314 deperditis,
1172 2269 1203 2303 d.
1232 2271 1287 2304 17.
1313 2269 1403 2314 Maji
1429 2269 1533 2314 datis)
1572 2279 1768 2317 nunquam
1813 2267 2039 2315 attigissem,

246 2329 278 2366 si
311 2328 458 2376 absque
490 2332 557 2363 tua
589 2327 808 2374 importuna
839 2326 1024 2375 petitione
1057 2326 1201 2365 suisset.
1263 2326 1388 2363 Amici
1420 2325 1626 2373 charitate,
1667 2337 1742 2363 non
1784 2335 1869 2362 meo
1901 2325 2038 2372 lubitu,

247 2387 409 2435 scriptas
440 2385 678 2431 memineris3
713 2396 872 2433 propere
905 2385 1020 2431 igitur
1052 2390 1291 2421 transeamus
1323 2383 1372 2421 ad
1404 2385 1495 2424 alia.
1536 2383 1684 2422 Marius
1709 2382 1906 2421 Euclidem
1930 2382 2041 2420 docet

247 2445 463 2494 germanice
495 2442 614 2491 loqui.
676 2442 780 2479 Nihil
812 2454 878 2491 per
909 2442 978 2478 lias
1011 2443 1141 2479 turbas
1174 2441 1223 2479 ad
1254 2453 1323 2479 nos
1356 2444 1604 2491 importatur;
1644 2453 1821 2491 cuperem
1855 2441 2040 2489 inspicere

247 2504 399 2549 librum,
432 2502 464 2538 si
497 2499 588 2550 quid
621 2501 658 2536 in
691 2501 866 2537 versione
896 2497 1139 2549 Xylandrica
1171 2499 1235 2549 (an
1260 2499 1548 2552 Dryandrina‘?)
1581 2506 1770 2538 mutatum
1802 2500 1862 2536 sit.
1907 2498 2042 2536 Exstat

249 2566 287 2599 et
319 2558 524 2605 Schebelii‚
557 2559 596 2594 ni
626 2557 750 2605 fallor,
784 2559 907 2595 versio
942 2559 1053 2594 trium
1087 2558 1271 2595 librorum
1294 2558 1382 2606 VII,
1416 2559 1525 2606 VIII,
1550 2559 1623 2596 IX.
1667 2559 1750 2607 Ego
1784 2558 1899 2595 animi
1923 2568 2041 2594 causa

249 2621 287 2656 in
319 2618 457 2656 iisdem
489 2618 588 2655 curis
622 2627 771 2662 versor,
812 2615 879 2653 sed
910 2617 1135 2664 potissimus
1168 2616 1261 2653 mihi
1292 2628 1454 2666 scopus,
1488 2623 1529 2654 ut
1560 2618 1710 2655 termini
1744 2617 1858 2654 etiam
1889 2627 2042 2663 germa-

247 2679 324 2715 nici
354 2678 442 2714 sint.
504 2674 628 2712 Pudet
658 2673 865 2723 parallelas
896 2676 1113 2722 germanice
1147 2686 1221 2712 non
1253 2674 1365 2712 aliter
1396 2674 1471 2712 dici
1501 2686 1637 2726 posse,
1679 2686 1795 2724 quain
1826 2672 2041 2723 parallelas,

248 2735 324 2773 Hic
355 2746 446 2772 vero
480 2735 671 2771 communi
703 2744 793 2770 cura
824 2743 920 2781 opus
953 2738 1070 2778 esset,
1113 2739 1154 2770 ut
1193 2734 1344 2770 termini
1382 2735 1585 2771 transirent
1616 2735 1652 2769 in
1687 2744 1796 2770 usum
1832 2731 2040 2780 publicum,

249 2805 374 2842 neque
405 2793 516 2830 aliter
548 2792 609 2828 hic
640 2791 877 2840 loqueretur,
917 2790 1027 2829 aliter
1058 2791 1133 2831 ille.
1193 2791 1240 2828 Et
1271 2795 1365 2840 puto
1397 2803 1457 2829 me
1489 2793 1525 2828 in
1558 2791 1613 2829 X.
1655 2791 1752 2828 libro
1791 2789 1936 2838 aliquid
1980 2789 2042 2826 hic

249 2852 471 2900 profecisse.
534 2849 677 2887 Eadem
710 2850 809 2886 enim
837 2849 937 2897 jin-e,
971 2861 1048 2898 quo
1080 2849 1259 2887 Euclides
1293 2851 1328 2886 in
1360 2861 1500 2900 graeca
1538 2849 1671 2899 lingua
1711 2859 1814 2887 nova
1846 2848 2043 2885 constituit

252 2911 419 2955 nomina,
452 2909 635 2946 constitui
668 2919 738 2956 ego
771 2908 809 2944 in
843 2908 1062 2947 vernacula.

388 2975 481 3009 Hinc
505 2974 634 3009 transit
652 2974 828 3018 Keplerus
855 2973 899 3007 ad
927 2984 1039 3017 „opus
1058 2973 1165 3018 alind,
1193 2973 1288 3016 quod
1305 2974 1419 3008 Mario
1446 2974 1512 3008 sub
1535 2972 1701 3008 manibus
1727 2974 1828 3006 esse“
1858 2971 2043 3015 audiverit,

253 3032 397 3077 suadet,
430 3037 471 3067 ut
502 3032 637 3067 Marius
673 3032 741 3067 sibi
773 3037 897 3067 caveat
933 3043 975 3073 „a
1006 3032 1292 3076 personalibus“.
1341 3032 1555 3076 Plerosque,
1586 3029 1726 3075 pergit,
1761 3029 2043 3069 mathematicos,

254 3090 505 3135 philosophos,
540 3091 717 3136 medicos,
749 3102 821 3126 non
851 3102 986 3135 paucos
1014 3091 1284 3135 jureconsultos
1319 3096 1354 3125 ct
1386 3092 1574 3136 theologos
1609 3089 1750 3134 aliquos
1777 3089 1880 3132 „huic
1905 3087 2045 3123 haeresi

256 3148 463 3185 mobilitatis
489 3149 622 3187 Terrae
647 3159 726 3186 esse
751 3149 936 3186 addictos“
965 3152 1032 3186 etc.
1083 3151 1161 3192 (Cfr.
1190 3153 1254 3186 vol.
1281 3152 1322 3185 ΙΙ.
1347 3161 1382 3193 p.
1409 3153 1475 3184 471
1503 3162 1529 3184 s,
1565 3151 1621 3182 ubi
1647 3151 1746 3182 etiam
1772 3153 1880 3183 exstat
1904 3150 2044 3195 epistola
