2157 3398
209 160 292 207 604
613 153 848 192 Summarium
871 152 1053 189 Historiae
1077 149 1328 187 Astronomiae
1354 149 1473 186 seculo
1498 149 1594 185 XVI.

343 274 548 312 Astronomi
580 272 674 307 illius
699 270 827 306 aetatis
853 281 924 304 non
949 268 1179 312 ignorabant,
1214 266 1343 310 quibus
1369 265 1506 300 mendis
1532 269 1567 300 et
1592 264 1864 301 difficultatibus
1890 276 1993 310 supe-

207 339 300 372 riore
328 341 487 379 tempore
523 331 634 374 magis
668 329 801 373 apertis
828 325 1077 363 Calendarium
1112 325 1309 369 antiquitus
1346 324 1515 359 traditum
1539 323 1730 358 laboraret.
1781 324 1867 369 Qui,
1902 335 1995 370 quae

208 394 476 440 computassent
508 395 543 425 et
568 387 719 423 dimensi
751 390 890 428 essent,
923 396 1031 429 quum
1066 384 1294 428 opinionibus
1320 383 1454 418 usitato
1482 381 1693 417 Calendario
1719 382 1858 417 traditis
1886 394 1993 428 saepe

208 462 405 499 repugnare
423 451 593 491 viderent,
612 446 743 481 dudum
760 444 802 479 de
820 442 1039 478 emendando
1056 442 1262 477 Calendario
1277 442 1475 486 cogitantes
1495 440 1565 476 alia
1582 446 1689 485 atque
1702 441 1772 476 alia
1786 443 1996 489 suadebant,

213 513 327 547 donec
353 507 595 552 Gregorius
622 504 790 539 Pontifex
815 504 999 538 Romanus
1025 500 1181 536 dissecto
1208 499 1302 534 nodo
1328 510 1499 534 novarum
1525 499 1846 534 controversiarum
1873 505 1998 536 auctor

209 571 355 606 exstitit.
405 568 589 601 Pitatns
616 567 651 597 et
674 563 752 606 ipse
776 572 840 605 pro
866 559 957 594 virili
980 563 1083 603 parte
1102 557 1372 593 difficultatibus
1398 567 1584 592 occurrere
1611 560 1761 591 conatus
1787 568 1996 602 summoque

207 629 251 664 ad
279 638 353 662 rem
389 622 621 659 dirimendam
655 619 773 655 studio
805 619 970 653 incensus
997 616 1093 651 haud
1123 615 1313 649 mediocris
1346 615 1478 657 ingenii
1510 619 1545 649 et
1581 615 1764 650 doctrinae
1801 617 1995 660 specimina

209 685 328 729 edidit,
347 688 387 718 ut
405 691 495 726 opus
513 681 591 724 ejus
606 676 879 723 (Compendium
896 684 1002 718 super
1021 683 1139 707 annua
1157 672 1284 707 solaris
1304 677 1411 716 atque
1430 672 1563 707 lunaris
1583 673 1793 718 quantitate,
1812 674 1997 709 Paschalis

207 744 291 777 item
316 739 531 775 sollenitatis
559 737 667 781 juxta
692 740 830 769 veteres
856 731 1042 766 Ecclesiae
1075 741 1230 766 canones
1257 731 1517 776 recognitione,
1551 731 1775 776 Romanique
1797 732 1998 767 Calendarii

208 797 478 835 instauratione.
513 795 675 829 Veronae
693 793 807 835 1560),
834 791 928 826 haud
953 790 1135 834 indignum
1164 793 1270 833 esset,
1297 790 1400 833 cujus
1425 790 1469 823 ad
1496 790 1699 834 exemplum
1722 790 1913 833 Gregorius
1933 801 1998 826 sua

211 861 365 893 mutaret
391 860 426 890 et
451 853 704 894 conformaret3
740 861 952 895 quamquam
978 854 1018 884 ut
1042 858 1133 892 quae
1160 848 1258 892 operi
1284 848 1424 882 inerant
1448 849 1544 883 bona
1570 852 1632 883 aut
1656 859 1727 883 non
1753 848 1997 893 vulgarentur,

212 921 273 952 aut
294 916 392 960 justo
418 913 533 947 minus
559 910 808 955 probarentur,
834 908 969 943 fusiore
996 907 1191 950 eodemque
1209 905 1435 950 impeditiore
1453 905 1592 940 dicendi
1611 916 1741 949 genere
1766 905 1898 941 factum
1918 916 1998 941 esse

209 973 330 1017 negari
355 983 425 1006 non
450 974 582 1014 potest.
632 967 840 1002 Pontificem
865 967 914 1000 M.
931 966 1032 999 Pium
1049 965 1109 999 IV.
1138 964 1307 1008 appellat,
1333 968 1373 998 ut
1399 964 1646 999 Calendarium
1673 964 1853 1004 emendari
1873 965 1999 1009 jubeat

216 1036 276 1075 „ut
300 1031 396 1074 vulgi
420 1027 715 1064 murmurationes
742 1023 930 1059 sustuleris
956 1024 1167 1066 Lunamque
1193 1026 1342 1056 cornuta
1366 1022 1477 1065 facie⁷
1503 1021 1646 1066 quando
1673 1023 1824 1057 ecclesia
1847 1024 1997 1067 primam

215 1088 438 1135 pronunciat,
466 1097 530 1121 nec
555 1095 625 1119 non
650 1082 784 1117 lumine
810 1080 1031 1115 deficientem
1048 1080 1157 1114 XXV.
1186 1079 1259 1114 sive
1277 1080 1405 1124 XXVI,
1433 1080 1575 1123 quando
1601 1080 1724 1115 eadem
1750 1081 1901 1116 ecelesia
1920 1083 1996 1118 XV.

210 1149 264 1184 vel
288 1148 384 1183 XVI.
417 1145 562 1180 indicat.
622 1142 713 1177 Hinc
747 1139 990 1174 Hebraeorum
1021 1137 1276 1172 blaterationes
1314 1138 1501 1182 obtrudes,
1533 1138 1770 1183 ignorantiam
1808 1144 1916 1183 atque
1949 1141 2000 1175 in-

212 1209 349 1243 scitiam
366 1204 544 1250 paschalis
563 1199 787 1237 solennitatis
805 1208 871 1233 nec
893 1203 1026 1232 temere
1044 1197 1147 1232 nobis
1172 1196 1462 1241 impingentibus,
1505 1196 1609 1239 Quod
1634 1200 1674 1231 tu
1699 1197 1801 1231 annis
1833 1197 1888 1231 his
1915 1197 2000 1231 duo-

212 1267 278 1300 bus
307 1265 406 1308 1561,
438 1263 525 1298 1562
552 1260 676 1296 diebus
702 1260 723 1293 7
747 1259 783 1293 in
810 1268 922 1299 anno,
957 1266 975 1289 e
1000 1255 1183 1290 mensibus
1209 1254 1357 1289 totidem
1390 1254 1526 1289 dierum
1552 1255 1593 1290 31
1622 1253 1841 1289 clandestine
1868 1259 1903 1289 et
1928 1254 2000 1289 fur-

213 1326 282 1360 tive
307 1333 397 1368 pene
423 1319 599 1363 susceptis
625 1317 768 1352 efficere
793 1315 945 1360 11010113,
971 1315 1014 1348 (10
1040 1324 1132 1348 anno
1161 1314 1248 1348 10οΟ
1273 1324 1315 1348 110
1340 1313 1487 1357 reliquis
1513 1313 1692 1356 centenis,
1725 1323 1791 1347 1100
1815 1313 1931 1347 minus
1957 1313 2001 1347 de

212 1379 402 1417 calendarii
445 1375 697 1413 reformatione
739 1374 841 1408 annis
880 1371 1100 1417 quibuslibet
1135 1372 1174 1407 19
1208 1371 1281 1405 sive
1314 1370 1381 1406 304
1424 1382 1544 1405 curam
1577 1380 1619 1405 ac
1653 1381 1812 1405 normam
1845 1370 2000 1414 posteris

211 1440 430 1482 relinquens.
479 1436 558 1479 Qua
582 1434 720 1469 ratione
753 1431 1017 1475 aequinoctium
1048 1439 1119 1464 11011
1145 1430 1251 1473 longe
1276 1439 1297 1463 a
1321 1429 1439 1473 prisca
1471 1428 1630 1473 ejusdem
1670 1429 1754 1464 sede
1780 1430 1834 1464 25.
1861 1427 1918 1463 vel
1943 1430 2000 1465 24.

212 1498 332 1534 Martii
358 1496 414 1532 die
440 1497 618 1536 occurret,
653 1502 758 1526 verus
783 1490 962 1535 paschalis
989 1489 1223 1524 solemnitatis
1257 1498 1371 1523 canon
1404 1487 1547 1521 minime
1578 1487 1801 1530 immutetur,
1827 1497 1848 1521 a
1873 1492 2002 1532 quarta

211 1557 347 1592 decima
369 1556 474 1589 Luna
499 1552 602 1598 primi
627 1549 762 1585 lunaris
788 1548 919 1583 mensis
945 1548 989 1582 ad
1022 1548 1078 1582 21.
1104 1546 1264 1590 ejusdem
1290 1546 1424 1580 mensis
1451 1545 1542 1579 diem
1575 1545 1808 1580 celebretur“.
1850 1547 2002 1591 Insuper

212 1615 312 1650 addit
336 1614 475 1647 Pitatns
509 1610 553 1645 ad
578 1620 681 1644 usum
715 1606 990 1642 astronomicum
1022 1609 1217 1649 praecepta
1243 1604 1287 1638 ad
1320 1603 1539 1647 indagandas
1566 1604 1836 1647 conjunctiones
1866 1603 2002 1639 medias

211 1671 436 1709 luminarium
468 1680 533 1714 per
567 1667 808 1703 calendarium
842 1676 989 1707 novum,
1026 1665 1071 1699 ad
1106 1663 1372 1708 exprimendam
1404 1666 1558 1697 aetatem
1591 1663 1717 1697 Lunae
1752 1662 1808 1697 die
1841 1661 2002 1706 quolibet

212 1731 361 1775 mensis,
398 1728 541 1765 tabulas
577 1731 677 1761 ortus
710 1730 745 1759 et
771 1734 919 1759 occasus
946 1722 1132 1758 stellarum
1156 1721 1310 1756 fixarum
1336 1721 1586 1764 insigniorum,
1621 1719 1773 1765 denique
1799 1720 2001 1765 catalogum

213 1791 364 1825 fixarum
382 1786 585 1824 secundum
612 1783 858 1829 Copernicum.

349 1846 602 1882 Defensionem
631 1843 779 1878 rationis
806 1839 1047 1876 Ptolemaicae
1081 1839 1239 1882 suscepit
1270 1837 1493 1872 Nicolaus
1529 1837 1691 1881 Simus,
1725 1836 2002 1871 Mathematicus

213 1905 449 1941 Bononiensis
477 1903 691 1949 (Theoricae
716 1901 942 1944 planetarum
972 1898 1075 1941 1555)
1110 1902 1145 1931 01
1171 1896 1273 1941 quasi
1299 1907 1364 1931 sua
1387 1895 1496 1930 refert
1528 1896 1752 1930 theoremata
1777 1895 1853 1930 fere
1877 1896 2002 1930 verbo-

211 1969 315 1999 tenus
340 1976 361 1998 a
386 1962 590 1997 Purbachio
618 1961 797 1999 desumta,
823 1967 914 2002 quae
941 1967 1021 1990 vere
1048 1966 1113 1990 sua
1138 1959 1231 1999 sunt,
1260 1954 1389 1988 nullius
1418 1954 1524 1998 plane
1551 1959 1635 1989 sunt
1660 1954 1849 1999 momenti3
1884 1964 2002 1988 versa-

214 2022 371 2057 tissimus
399 2025 476 2055 erat
500 2020 535 2053 in
563 2016 829 2053 conscribendis
856 2013 1157 2059 Ephemeridibus
1185 2014 1304 2056 (1554.
1327 2013 1426 2048 1556.
1444 2013 1566 2056 1558).
1601 2012 1675 2046 Sibi
1701 2012 1851 2046 similem
1877 2012 2004 2047 habuit

213 2082 248 2115 in
279 2081 347 2115 hac
381 2084 457 2113 arte
491 2080 640 2113 Joann
654 2088 716 2111 em
751 2075 876 2117 Bapt.
914 2072 1109 2116 Carelli,
1145 2071 1393 2106 Placentinum
1429 2071 1595 2115 (Ephem.
1626 2070 1748 2115 1558),
1785 2071 2004 2114 astrologiae

215 2143 396 2173 strenuum
433 2137 667 2171 defensorem.
695 2155 738 2159 —-
766 2134 864 2167 Sicut
890 2132 1006 2167 Simus
1032 2131 1223 2166 Purbachii
1249 2130 1446 2169 theoricas,
1473 2128 1522 2162 ita
1548 2129 1675 2163 Scotus
1702 2127 1847 2172 quidam
1873 2128 2002 2162 Jaco-

214 2197 268 2230 bu
281 2206 296 2230 s
322 2194 535 2229 Bassanti
548 2204 580 2233 n,
605 2192 641 2226 in
661 2191 778 2226 Gallia
797 2190 942 2234 degens,
964 2188 1157 2223 Reinholdi
1176 2188 1470 2222 commentarium
1486 2187 1521 2220 in
1540 2186 1732 2220 Purbachii
1752 2197 1842 2229 opus
1860 2186 2005 2229 penitus

216 2254 432 2298 descriptum
458 2251 637 2294 evulgavit
662 2249 764 2293 quasi
791 2259 913 2291 suum,
946 2248 1067 2290 lingua
1101 2245 1228 2290 gallica
1254 2246 1495 2289 conscriptum
1522 2244 1814 2287 (Astronomique
1844 2243 2005 2278 discours

215 2313 334 2355 1557).
385 2311 475 2345 Ε11111
500 2312 650 2354 partem,
677 2316 770 2350 qnae
789 2317 806 2339 e
824 2305 1025 2340 Purbachio
1052 2305 1214 2339 desumta
1240 2307 1313 2347 est,
1340 2303 1538 2347 inscripsit:
1569 2301 1794 2345 „Theorique
1821 2301 1882 2336 des
1909 2302 2006 2336 ciens

216 2379 444 2406 mouvemens
471 2372 506 2402 et
531 2372 662 2400 termes
689 2364 895 2408 practiquez
922 2364 983 2398 des
1010 2366 1090 2407 sept
1114 2362 1306 2406 planetes.“
1359 2360 1417 2395 Sic
1450 2371 1558 2404 agens
1594 2360 1637 2394 de
1664 2359 1882 2394 astronomia
1905 2363 2007 2404 prac-

212 2431 294 2472 tica,
321 2427 489 2463 describit
507 2427 633 2470 Apiani
655 2421 862 2468 „speculum
881 2420 1195 2463 astronomicum“,
1216 2419 1383 2454 Gemmae
1401 2418 1507 2452 Frisii
1525 2417 1697 2453 annulum
1716 2417 2008 2461 astronomicum,

215 2490 250 2521 et
275 2484 458 2521 astrolabii
492 2494 595 2518 usum
630 2482 763 2516 docens
790 2480 1031 2524 (Paraphrase
1068 2479 1111 2513 de
1136 2477 1363 2513 l’Astrolabe.
1393 2477 1509 2520 1555.)
1545 2476 1689 2521 penitus
1715 2474 1878 2510 Stoefleri
1914 2485 2005 2519 opus

215 2545 287 2579 huc
310 2543 494 2588 pertinens
523 2539 781 2583 transscripsit.
812 2558 847 2563 —-

352 2601 450 2634 Inter
468 2598 679 2633 celebriores
707 2607 793 2632 suae
817 2597 945 2631 aetatis
970 2599 1195 2630 astronomos
1222 2593 1459 2629 nominandus
1486 2596 1540 2628 est
1566 2592 1796 2627 ι101111111103
1823 2590 2007 2627 Stadius

218 2671 295 2694 cnm
321 2664 466 2703 propter
490 2655 748 2702 Ephemerides
774 2655 818 2690 ab
843 2656 922 2699 ipso
949 2655 1172 2698 conscriptas
1202 2651 1478 2698 (Ephemerides
1510 2661 1623 2686 novae
1649 2656 1684 2686 et
1709 2653 1868 2694 exactae,
1907 2648 2007 2684 1556.

224 2718 320 2751 1559.
347 2717 437 2761 Eph.
467 2726 590 2757 novae,
617 2718 745 2749 anctae
772 2718 807 2748 et
832 2717 1007 2757 purgatae
1036 2713 1136 2747 1570.
1164 2712 1263 2746 15151.
1291 2711 1417 2753 1585),
1455 2714 1530 2744 tum
1556 2709 1600 2743 ob
1626 2709 1769 2744 tabulas
1796 2707 2008 2742 astronomi-

219 2787 294 2819 cas,
326 2776 371 2809 ad
404 2774 546 2809 modum
576 2773 847 2807 Prutenicarum
883 2774 1108 2813 computatas
1142 2769 1314 2811 (Tabulae
1348 2769 1560 2811 Bergenses.
1595 2769 1711 2812 1560.)
1748 2763 2008 2810 Ephemerides

220 2843 346 2877 magna
372 2843 415 2867 ex
440 2837 541 2876 parte
569 2830 798 2873 astrologiam
826 2832 1007 2872 spectant,
1042 2832 1268 2870 computatae
1305 2831 1388 2860 sunt
1411 2826 1455 2860 ad
1481 2825 1742 2870 longitudinem
1767 2821 2008 2866 Antwerpiae,

225 2890 392 2934 „emporii
424 2890 529 2934 longe
571 2888 816 2923 nol›ilissimi“.
884 2885 1031 2920 Tabulis
1069 2885 1142 2920 suis
1182 2896 1311 2920 nomen
1348 2884 1585 2927 Bergensium
1622 2882 1728 2927 elegit
1765 2881 1801 2915 in
1836 2881 2008 2915 honorem

221 2947 369 2983 Roberti
396 2947 439 2981 de
463 2946 599 2989 BergiS,
628 2946 753 2979 Leodii
779 2945 948 2989 episcopi.
982 2945 1022 2979 In
1049 2945 1201 2990 epistola
1218 2943 1438 2980 dedicatoria
1463 2942 1508 2977 ad
1532 2942 1628 2976 hunc
1646 2940 1853 2984 episcopum
1875 2938 2009 2982 scripta

222 3004 520 3048 deprehendimus
537 3003 604 3037 hoc
622 3003 801 3047 peculiare
821 3003 969 3038 dictum:
992 3004 1042 3044 „A
1058 3002 1262 3038 Ptolemaeo
1279 3003 1467 3044 hucusque
1487 2999 1604 3034 Solem
1623 2998 1814 3041 devergere
1832 2997 1870 3031 31
1892 3003 2009 3031 terrae

223 3061 504 3103 semidiametris,
532 3065 566 3095 et
590 3061 761 3095 hactenus
786 3071 806 3095 a
831 3061 976 3095 condito
1002 3062 1088 3096 orbe
1114 3061 1232 3095 Solem
1263 3057 1480 3094 descendere
1513 3056 1669 3091 omnium
1700 3058 1857 3088 aetatum
1892 3057 2008 3088 statae

223 3119 490 3156 observationes
518 3118 739 3163 confirmant,
767 3120 802 3153 et
829 3122 1023 3163 supersunt
1047 3118 1105 3153 vix
1129 3117 1287 3162 quinque
1304 3115 1439 3157 secula,
1466 3126 1573 3160 quum
1598 3113 1660 3149 Sol
1676 3116 1713 3149 et
1728 3111 1841 3148 Terra
1865 3111 2008 3147 minimo
