2126 3388
552 175 700 222 Kepleri
724 175 911 212 literarum
934 176 1054 213 studia
1079 181 1115 214 et
1140 177 1315 216 doctrina,
1744 180 1828 224 989

31 297 199 336 ineunda
235 294 454 335 sacerdotia
497 296 653 335 educari
694 294 835 344 solent)
879 301 1063 346 exceptus
1105 302 1180 346 est,
1214 297 1351 337 deinde
1393 302 1602 349 postquam
1645 298 1723 336 illic
1763 310 1831 349 per

32 356 129 394 duos
161 367 285 394 annos
318 361 578 394 commoratus
609 359 689 402 est,
732 355 769 390 in
801 353 1102 393 Mulifontanum
1136 357 1383 404 coenobium,
1417 359 1651 407 superiorem
1683 356 1830 404 ludum,

31 415 345 463 transmigravit,
389 424 466 462 quo
505 413 592 451 loco
635 418 711 450 tres
743 423 864 450 annos
908 412 1025 462 degit.
1087 414 1186 452 Tum
1223 419 1271 453 18
1306 427 1428 453 annos
1468 421 1581 453 natus
1614 415 1830 453 studiorum

35 484 156 511 causa
177 472 400 520 Tubingam
432 473 551 516 venit,
585 482 662 519 qua
694 472 731 506 in
763 471 857 508 urbe
890 482 956 520 per
989 477 1156 520 quatuor
1188 485 1310 511 annos
1344 480 1380 512 et
1413 486 1480 511 sex
1510 486 1661 512 menses
1693 475 1731 510 in
1764 473 1830 511 illo

32 531 277 580 Tubingensi
318 529 483 579 collegio
517 527 647 580 (chtift)
688 528 984 578 philosophiae,
1028 530 1348 579 mathematicae,
1396 531 1616 581 theologiae
1658 531 1829 579 studuit3

32 600 133 627 anno
169 592 293 627 1591.
326 594 415 637 post
457 587 636 625 examina
674 588 818 636 optime
858 592 1017 636 peracta
1048 588 1215 636 Augusti
1258 590 1400 627 mensis
1444 590 1505 628 die
1547 590 1749 628 undecimo
1782 590 1830 627 ad

32 658 202 685 summos
243 647 417 695 magistri
460 645 602 694 gradus
646 650 846 693 promotus
891 650 991 683 est.-
1021 645 1066 682 In
1099 648 1370 695 magistrorum
1413 648 1527 686 modo
1565 654 1828 698 promotorum

32 706 178 752 ordine,
213 704 341 754 qualis
372 710 452 741 tum
485 711 523 742 et
555 704 672 741 etiam
715 703 836 741 multo
869 709 957 753 post
998 707 1233 743 constitutus
1275 711 1351 754 est,
1395 706 1607 744 secundum
1637 707 1830 756 Keplerus

32 764 182 802 obtinet
211 762 409 810 locumr).

172 820 418 870 Adelbergae
451 820 624 868 inprimis
657 818 791 868 lingua
821 819 944 856 latina
982 821 1151 857 exercita
1183 826 1220 858 et
1252 823 1289 858 in
1320 823 1414 871 ipsis
1457 821 1645 861 habendis
1686 823 1829 861 scholis

33 879 211 917 adhibita
243 884 324 928 est3
363 889 504 926 graeca
546 876 683 915 deinde
729 877 862 926 lingua
894 878 1050 926 incepta
1083 884 1119 916 et
1161 879 1348 917 rhetorice
1390 892 1567 930 quoque,
1609 883 1757 919 musica
1790 888 1828 920 et

32 937 293 975 arithmetices
326 936 515 975 elementa
555 935 669 973 docta
700 933 808 985 {sunt
870 935 1017 973 Eadem
1055 936 1184 974 studia
1216 937 1426 975 Mulifontii
1470 951 1624 988 quoque
1666 944 1830 978 tractata

32 1001 132 1042 sunt,
168 996 309 1044 quibus
344 998 593 1033 accesserunt
623 995 859 1042 geometriae
891 994 1096 1034 elementa.
1158 995 1202 1033 In
1234 997 1508 1035 mathematica
1542 1009 1656 1047 quam
1689 999 1830 1037 vitiosa

34 1059 73 1092 et
104 1054 330 1103 imperfecta
360 1054 473 1090 fuerit
505 1053 710 1099 institutio,
744 1053 852 1089 testis
885 1058 942 1089 cst
964 1052 1207 1101 Maestlinus,
1242 1056 1307 1103 qui
1340 1057 1377 1091 in
1401 1056 1638 1104 praefatione
1664 1057 1829 1101 „Astro-

31 1114 187 1150 nomiae
211 1109 442 1161 Epitomae“
477 1112 689 1159 praemissa
722 1110 817 1147 haec
849 1109 961 1147 dicit:
998 1110 1200 1159 „Juvenes
1232 1113 1376 1151 scholis
1410 1115 1682 1152 coenobiorum
1712 1127 1827 1164 prae-

32 1170 230 1218 ficiuntur,
276 1172 340 1219 qui
372 1171 410 1206 in
444 1169 594 1218 reliqua
632 1168 804 1217 politiori
835 1168 1035 1207 literatura
1075 1171 1238 1219 optime,
1280 1171 1346 1217 sed
1384 1172 1421 1208 in
1454 1172 1525 1210 hac
1557 1173 1827 1222 philosophiae

32 1235 141 1278 parte
174 1228 279 1266 haud
311 1227 548 1266 sufficienter
579 1229 746 1273 versati,
788 1225 1100 1265 adolescentulos
1143 1230 1180 1265 in
1220 1230 1500 1268 mathematum
1538 1232 1707 1269 fontibus
1751 1243 1827 1270 non

34 1299 92 1335 ea,
127 1299 227 1336 quae
258 1286 338 1325 fieri
372 1286 497 1331 debet,
532 1285 761 1323 dexteritate
793 1285 963 1323 imbuere
998 1291 1035 1324 et
1066 1287 1246 1335 expedire
1278 1286 1470 1337 possint.“

171 1345 216 1382 In
249 1345 452 1383 academia
482 1343 723 1392 Tubingensi
757 1343 1028 1382 mathematice
1061 1351 1097 1382 et
1129 1347 1366 1383 astronomia
1398 1359 1419 1383 a
1441 1347 1649 1385 Maestlino
1679 1348 1830 1397 profes-

31 1414 128 1451 sore,
160 1403 294 1452 lingua
324 1414 464 1452 graeca
496 1408 533 1439 et
563 1402 751 1439 rhetorice
785 1401 921 1439 doctae
958 1408 1047 1439 sunt
1078 1415 1099 1440 a
1125 1402 1295 1442 Martino
1329 1404 1477 1453 Crusio,
1512 1405 1724 1444 clarissimo
1759 1418 1830 1444 an-

21 1462 176 1499 'nalium
208 1463 391 1511 scriptore
424 1466 462 1498 et
484 1471 646 1509 graecae
669 1464 706 1497 et
729 1471 966 1508 neograecae
998 1461 1153 1509 linguae
1186 1464 1435 1510 peritissimo.
1478 1464 1537 1501 De
1569 1464 1830 1514 philosophia,

30 1521 195 1569 poe'tice,
229 1519 445 1565 dialectica,
478 1518 640 1568 physica
662 1517 820 1566 Georgii
844 1517 1024 1565 Liebleri,
1047 1518 1203 1568 Georgii
1227 1521 1472 1568 Burkhardti,
1506 1522 1682 1559 Erhardii
1704 1523 1828 1570 Gellii,

30 1578 113 1615 Viti
135 1577 303 1624 Moneri,
326 1576 533 1615 Michaelis
556 1576 721 1625 Ziegleri
745 1575 903 1613 scholae
926 1576 1084 1615 auditae
1106 1584 1218 1626 sunt3
1253 1579 1474 1629 theologica
1497 1580 1662 1629 denique
1685 1582 1826 1628 studia,

32 1648 131 1685 quae
163 1636 356 1686 Keplerus
389 1636 460 1672 sub
495 1636 639 1673 exitum
672 1635 764 1672 anni
801 1638 923 1673 1591.
957 1636 1113 1684 incepit,
1146 1635 1302 1674 Jacobo
1334 1637 1627 1686 Heerbrandio,
1669 1639 1828 1678 stefano

32 1693 239 1742 Gerlacho,
271 1694 442 1732 Matthia
473 1693 753 1738 Hafenreffero,
789 1691 959 1741 Georgio
993 1693 1184 1742 Sigwarto
1218 1695 1381 1733 ducibus
1413 1702 1502 1734 sunt
1534 1699 1713 1736 exercita.

174 1752 336 1802 Singula
368 1763 546 1801 quaeque
579 1751 625 1789 de
659 1750 798 1789 studiis
829 1751 1077 1800 Keplerianis
1118 1754 1251 1791 afferre
1283 1766 1362 1791 non
1403 1756 1617 1804 potuimus,
1663 1768 1748 1793 cum
1782 1756 1828 1795 de

28 1811 88 1849 his
120 1813 215 1861 ipsis
246 1811 486 1860 temporibus
526 1821 650 1858 paene
691 1811 820 1847 omnia
861 1809 1058 1847 literarum
1091 1818 1340 1850 monumenta
1377 1812 1521 1860 desint,
1565 1816 1735 1863 exceptis
1768 1816 1826 1862 iis,

29 1882 126 1919 quae
159 1882 203 1908 ex
224 1869 357 1907 libello
380 1868 634 1916 astrologico,
670 1880 783 1916 quem
816 1879 933 1916 supra
967 1871 1248 1918 excerpsimus,
1292 1870 1468 1908 desumta
1502 1872 1598 1909 infra
1630 1884 1826 1921 propone-

28 1940 126 1967 mus.
189 1927 314 1975 Quam
348 1927 396 1964 ob
430 1939 508 1964 rem
540 1938 586 1964 ex
618 1927 664 1963 iis
698 1931 848 1963 tantum
888 1938 987 1974 quae
1018 1933 1156 1976 postea
1187 1928 1379 1977 Keplerus
1413 1935 1449 1967 et
1481 1929 1576 1967 dixit
1609 1936 1645 1967 et
1676 1932 1828 1980 scripsit

29 1986 74 2024 de
107 1986 184 2024 illis
216 1986 405 2034 conjicere
437 1985 537 2023 licet.
590 1985 650 2022 De
682 1985 998 2033 praeceptoribus
1022 1986 1180 2035 Kepleri
1212 1987 1545 2036 Tubingensibus,
1581 1999 1679 2036 quos
1711 1990 1826 2027 modo

29 2044 212 2091 diximus,
247 2056 292 2081 ea
324 2048 472 2081 tantum
504 2043 637 2080 afferre
669 2054 897 2092 possumuS‚
939 2055 1038 2092 quae
1071 2046 1107 2081 in
1148 2044 1268 2083 literis
1306 2046 1547 2095 profecerunt
1580 2052 1616 2083 et
1648 2047 1693 2084 de
1726 2059 1825 2085 non-

27 2102 143 2141 nullis
176 2102 343 2151 quidem,
378 2102 493 2150 quale
525 2106 663 2150 postea
695 2113 779 2138 cum
813 2100 982 2150 Keplero
1014 2102 1128 2140 fuerit
1159 2106 1252 2140 usus
1284 2111 1320 2142 et
1352 2106 1635 2143 commercium.

175 2159 343 2198 Scholae
376 2160 532 2208 quidem
555 2158 954 2197 Maestlin'ianae
987 2165 1024 2197 et
1054 2163 1306 2208 geometriam
1329 2162 1533 2209 (Euclidis,
1569 2163 1823 2211 Archimedis,

28 2217 240 2270 Apollonii)
273 2223 311 2256 et
343 2219 620 2255 astronomiam
651 2217 995 2266 amplectebantur,
1029 2220 1083 2256 ita
1104 2219 1271 2267 quidem,
1305 2226 1346 2257 ut
1377 2222 1413 2256 in
1436 2220 1576 2258 scholis
1598 2223 1676 2258 suis
1701 2228 1826 2260 astro-

26 2278 188 2314 nomicis
225 2277 481 2326 „Epitomen“
528 2288 635 2314 snam
669 2281 826 2313 secutus
857 2277 925 2323 sit,
968 2288 1068 2324 quae
1106 2289 1262 2326 prorsus
1303 2279 1339 2314 in
1382 2278 1554 2316 doctrina
1585 2279 1825 2318 Ptolemaica

25 2337 231 2383 niteretur;
265 2335 571 2384 Copernicanam
605 2339 734 2372 autem
767 2333 980 2371 doctrinam
1013 2337 1193 2384 quamvis
1226 2337 1262 2372 in
1296 2336 1462 2386 publicis
1495 2336 1649 2386 quidem
1683 2339 1824 2376 scholis

29 2398 96 2431 aut
138 2405 273 2443 parum
315 2399 381 2431 aut
424 2404 501 2430 non
545 2394 723 2441 attigisse
770 2391 966 2439 videatur,
1021 2398 1147 2431 tamen
1188 2405 1266 2431 non
1312 2394 1566 2432 dubitandum
1610 2401 1686 2444 est,
1732 2400 1824 2446 quin

30 2452 68 2488 in
109 2452 318 2490 electorum
367 2451 586 2489 auditorum
630 2451 809 2489 interiore
852 2452 1039 2488 societate
1089 2463 1173 2488 eam
1214 2453 1387 2491 attulerit
1428 2458 1465 2491 et
1503 2465 1618 2502 quam
1656 2457 1826 2493 maxima

29 2511 222 2558 gravitate
255 2511 486 2559 exposuerit.
548 2509 897 2558 Trigonometriam
928 2508 1158 2548 Maestlinus
1198 2510 1301 2549 haud
1334 2510 1450 2550 dubie
1487 2511 1700 2561 Copernico
1732 2512 1823 2563 (Op.

167 2683 197 2725 *J
223 2683 340 2713 Vetere
373 2682 516 2722 quodam
551 2682 801 2720 „magistrorum
834 2682 941 2713 libro“
975 2683 1029 2713 hic
1060 2687 1108 2714 est
1140 2684 1370 2722 magistrorum
1403 2688 1473 2716 tum
1512 2689 1694 2716 creatorum
1721 2686 1819 2718 ordo:

33 2733 64 2763 1.
90 2730 166 2762 Joh.
192 2730 363 2765 Brentius‚
389 2732 422 2762 2.
448 2728 526 2759 Joh.
554 2729 736 2769 Kepterus,
765 2730 797 2761 3.
825 2729 925 2759 Andr.
943 2729 1160 2770 Amptmann,
1185 2732 1216 2761 4.
1243 2731 1319 2765 Joh,
1339 2732 1494 2771 Hormus,
1521 2734 1551 2765 ὃ,
1573 2733 1673 2763 Henr.
1693 2733 1825 2764 Dettel-

30 2778 124 2815 bach,
159 2779 190 2811 6,
218 2775 302 2808 Tob.
331 2776 471 2816 Tauber,
508 2776 539 2807 7.
564 2775 617 2808 Fr.
645 2774 849 2816 Lindenfe15‚
885 2777 916 2806 8.
944 2776 1031 2809 Dav.
1060 2775 1170 2815 Crafft,
1205 2778 1237 2810 9.
1266 2776 1362 2809 Conr.
1391 2779 1608 2819 Haselmajer‚
1637 2780 1688 2811 10.
1716 2779 1824 2819 Georg

32 2823 191 2861 Conradi,
225 2826 281 2856 11.
308 2822 385 2855 Jolt,
414 2823 520 2862 Diirr,
556 2822 609 2853 12.
635 2820 748 2852 Balth.
775 2821 993 2862 Elsenhainz‚
1031 2824 1084 2853 13.
1113 2823 1228 2853 Bernh.
1263 2824 1387 2865 Neher⁷
1423 2827 1477 2856 14.
1504 2826 1578 2858 JaC.
1604 2825 1822 2866 Bernheuser,

34 2872 88 2903 15.
115 2871 154 2902 G.
189 2869 314 2900 Belser.
365 2870 413 2899 Ex
445 2869 635 2898 testimonio
661 2867 798 2908 deinde,
834 2868 923 2908 quod
955 2869 989 2897 in
1018 2869 1260 2907 „Tubingensis
1294 2869 1453 2908 Collegii“
1490 2871 1655 2902 tabulario
1681 2873 1767 2903 inest
1793 2877 1824 2903 et

32 2917 66 2947 in
85 2917 224 2948 Gruneri
245 2917 346 2955 „Vita
362 2914 590 2956 Kepleriana“
620 2913 770 2943 additum
798 2917 845 2943 est
871 2917 903 2944 et
928 2923 1031 2954 paene
1057 2916 1191 2945 nonnisi
1217 2917 1358 2956 optimas
1376 2921 1472 2948 notas
1490 2916 1524 2949 A
1542 2919 1687 2959 praebet,
1713 2919 1823 2950 videre

32 2963 125 3001 licet,
151 2972 237 3004 quae
265 2966 296 2993 et
323 2961 435 3002 qualia
468 2960 577 2991 studia
595 2960 764 2998 Tubingae
782 2959 944 3000 Keplerus
971 2970 1056 2991 anno
1078 2963 1177 2993 1590.
1204 2964 1405 2993 tractaverit:
1431 2964 1575 3004 ethicen,
1603 2965 1824 3004 dialecticam,

32 3019 179 3047 graecam
206 3012 237 3040 et
261 3009 449 3040 hebraicam
474 3007 633 3045 linguam,
660 3007 904 3048 astronomiam,
933 3008 1114 3047 physicam.
1150 3009 1199 3038 De
1225 3009 1383 3040 doctrinis
1410 3020 1495 3040 mere
1513 3010 1706 3049 theologicis
1724 3022 1822 3053 prae·

33 3059 80 3086 ter
107 3055 330 3095 „Conciones“
359 3057 392 3085 in
418 3054 617 3085 testimoniis
655 3062 693 3083 ex
719 3062 806 3083 anno
835 3054 934 3084 1592.
963 3054 1092 3085 traditis
1120 3058 1150 3085 et
1175 3057 1300 3086 mentio
1334 3056 1424 3087 deest
1458 3061 1489 3088 et
1521 3058 1683 3092 laudatio.
1734 3057 1821 3092 Con—

34 3103 143 3135 ciones
168 3102 304 3144 quidem
328 3101 520 3134 testimonia
545 3100 680 3140 optima,
705 3097 741 3131 A
766 3102 797 3130 et
823 3108 847 3132 a
870 3101 1040 3141 praebent.
