2157 3398
230 143 312 188 672
905 144 988 180 Vita
1011 143 1034 179 J
1038 143 1163 179 oannis
1187 143 1349 189 Kepleri.

230 267 294 303 29.
331 261 434 312 Sept.
477 265 607 308 (caupo
633 263 761 300 Wilae.
800 264 949 299 Gruner.
1000 264 1071 299 Cfr.
1096 275 1133 309 p.
1160 265 1253 309 389).
1335 259 1408 314 12)
1442 259 1575 309 Anna,
1622 263 1744 301 1563.
1786 261 2012 299 Februario.

229 320 384 359 Mortua
418 322 526 358 1624
559 322 693 366 (nupsit
717 321 845 356 Marko
870 321 1017 363 Hillero‚
1043 321 1180 355 aerario
1205 321 1371 357 Wilensi.
1399 321 1492 365 Gn).

371 379 524 416 Mater
545 377 813 415 Catharina
836 376 1159 424 Guldenman‚
1186 381 1309 416 1547.
1333 381 1370 415 8.
1393 377 1494 415 Nov.
1526 378 1718 422 (Melchior
1749 378 2010 424 Guldenmann,

230 443 316 467 avus
342 440 522 467 maternus
550 435 694 474 [praetor
718 436 795 475 pagi
820 433 987 472 Eltingae]
1014 436 1122 466 natus
1149 433 1250 478 1514,
1275 437 1379 467 mort.
1405 432 1507 467 1001.
1535 432 1567 466 7.
1592 430 1689 474 Jan.)
1738 429 1864 471 Mater
1903 441 2013 467 suam

229 489 386 536 genesin
419 489 473 525 ita
507 488 706 525 describit:
744 491 807 536 „3.
842 487 902 525 die
934 491 1023 524 ante
1055 486 1211 524 Martini
1244 487 1304 525 die
1335 487 1472 524 Martis
1513 497 1612 522 anno
1644 486 1737 523 belli
1767 486 2009 536 Hispanici.“

228 545 332 582 Nihil
364 547 500 592 variat,
535 557 649 594 quam
682 545 786 594 quod
814 557 882 594 pro
916 544 976 582 die
1019 549 1048 588 0t
1083 544 1183 582 diem
1216 543 1270 597 Θ
1303 545 1410 583 dixit.
1462 545 1597 582 Fuisse
1631 545 1745 581 etiam
1778 546 1926 583 circiter
1958 546 2011 583 24

229 615 425 651 annorum,
458 615 542 640 cum
574 605 779 652 nupsisset.
834 603 973 652 Nupsit
1003 609 1132 640 autem
1164 615 1264 641 anno
1289 608 1353 651 71,
1385 608 1422 640 et
1453 602 1595 639 bellum
1627 600 1881 651 Hispanicum
1912 614 2012 640 anno

233 666 282 698 47
318 663 465 698 initum.
526 661 580 698 At
610 673 706 698 avus
738 667 928 710 repugnat
959 672 1016 707 eo,
1051 660 1154 710 quod
1185 667 1277 699 nata
1309 663 1357 698 sit
1382 665 1402 698 3
1429 672 1549 697 annos
1581 668 1667 708 post
1700 662 1866 707 fratrem,
1899 666 2014 710 atque

229 721 262 756 is
295 717 499 770 (Joannes)
532 731 632 757 anno
665 719 755 758 belli
788 719 1004 768 Hispanici.
1065 719 1141 756 Sed
1173 719 1278 756 nulla
1311 719 1366 756 illi
1397 720 1535 756 notitia
1566 723 1792 766 temporum.
1845 719 1892 756 Et
1921 719 2017 756 haec

232 782 290 814 est
320 777 413 814 mihi
446 777 561 815 valde
594 783 760 827 cognata
792 782 829 815 et
860 779 898 813 in
924 777 1208 825 Wirtenbergia
1239 789 1315 814 non
1347 777 1536 821 solebant,
1570 778 1795 824 praesertim
1826 779 1957 814 rustici
1979 783 2017 814 et

233 840 311 872 tam
342 836 456 884 rigidi
487 843 635 884 patres,
677 835 827 873 elocare
859 836 958 873 filias
993 836 1090 872 intra
1124 840 1175 873 20
1209 847 1341 873 annos.
1373 856 1427 862 -—
1459 835 1528 871 Est
1559 845 1691 883 parva,
1724 846 1864 881 macra,
1895 835 2014 881 fusca,

231 893 354 941 dicax,
387 895 639 941 contentiosa,
673 894 764 931 mali
796 895 913 930 animi
935 895 1023 940 (Cfr.
1051 896 1118 930 vol.
1145 896 1187 932 V.
1225 908 1261 941 p.
1288 897 1400 940 201).
1458 896 1579 930 1573.
1624 897 1653 935 (ζ
1689 894 1726 928 in
1758 892 1812 930 M.
1847 892 1888 930 C.
1919 904 2012 941 pro-

223 952 360 1000 jiciens
393 952 581 989 infelicem
604 953 667 999 Δ
691 951 740 989 ad
771 951 825 991 M.
859 952 920 999 C.,
961 952 1063 1000 quod
1107 951 1248 989 ibidem
1290 958 1348 989 est
1386 952 1422 987 in
1449 960 1495 991 00
1520 946 1571 1000 P),
1605 950 1766 999 ejusque
1800 950 1954 988 domina
1976 948 2009 998 Ω

227 1009 368 1048 ibidem
401 1021 485 1047 cuni
514 1006 543 1060 ἲ)
580 1010 733 1048 cadens.
795 1009 891 1047 Cum
930 1010 1046 1057 igitur
1086 1010 1159 1047 hac
1190 1015 1318 1047 aetate
1357 1008 1451 1045 nihil
1483 1008 1587 1045 aliud
1625 1020 1692 1057 per
1722 1008 1776 1048 M.
1813 1008 1855 1046 C.
1888 1009 2010 1057 signi-

229 1067 333 1105 ficari
365 1070 488 1117 possit
526 1080 640 1116 quam
672 1072 814 1114 mater,
857 1067 1047 1116 significat
1080 1068 1330 1105 miserrimum
1363 1067 1446 1115 ejus
1478 1071 1639 1111 statum,
1671 1068 1893 1115 praesertim
1926 1077 2012 1103 cum

230 1123 268 1173 E,
302 1123 334 1177 ῼ
367 1127 441 1163 sint
473 1127 509 1162 in
541 1126 627 1163 loco
659 1123 713 1177 O
746 1127 879 1174 ipsius.
930 1126 1052 1174 Igitur
1084 1125 1285 1163 durissime
1317 1125 1462 1171 habita,
1494 1124 1598 1162 haud
1628 1123 1791 1161 multum
1823 1136 1894 1161 sua
1923 1136 2013 1173 per-

229 1186 377 1222 vicacia
408 1186 608 1232 superavit
637 1195 768 1222 socrus
801 1189 838 1222 et
859 1185 985 1220 mariti
1007 1177 1338 1221 inhumanitatem.
1390 1183 1516 1219 Mater
1547 1184 1662 1220 etiam
1693 1194 1790 1220 nasu
1822 1182 2015 1220 laboravit

228 1243 301 1280 hoc
332 1241 394 1280 vel
424 1243 600 1291 sequenti
632 1253 746 1279 anno.
783 1245 903 1280 1584.
936 1239 991 1293 (D
1013 1253 1098 1279 cum
1133 1247 1160 1286 (ζ
1195 1243 1232 1278 in
1256 1241 1366 1287 VIII,
1399 1238 1427 1287 13
1450 1246 1487 1278 et
1512 1237 1558 1292 ‘21
1585 1241 1623 1278 in
1655 1239 1768 1278 domo
1800 1242 2011 1289 geniturae,

232 1301 279 1350 (ὅ
315 1301 351 1337 in
384 1300 615 1338 aseendente
648 1299 910 1349 significarunt
941 1301 1074 1337 mortis
1106 1300 1403 1347 morborumque
1435 1298 1617 1347 pericula.
1672 1298 1753 1348 Ego
1786 1309 1877 1336 vero
1899 1310 2017 1336 sanus

226 1358 292 1404 fui,
326 1358 437 1396 credo
469 1358 692 1407 parentibus
723 1358 992 1407 significabant
1023 1363 1060 1396 et
1079 1355 1132 1409 Q
1165 1365 1337 1404 matrem,
1372 1368 1471 1405 quae
1502 1356 1695 1405 pestilenti
1725 1357 1821 1395 febri
1845 1362 2018 1406 correpta

228 1421 330 1465 erat;
374 1418 500 1454 forsan
534 1422 570 1454 et
601 1416 715 1463 milii,
759 1417 832 1453 nisi
862 1418 1026 1465 patriam
1059 1418 1238 1454 infectam
1280 1421 1501 1454 mutassem.
1565 1418 1686 1453 1589.
1721 1428 1743 1452 a.
1773 1416 1911 1452 marito
1944 1414 2018 1451 du-

228 1476 376 1512 rissime
417 1474 562 1513 habita.
636 1474 762 1512 Mater
803 1476 918 1512 etiam
958 1487 980 1512 a
1022 1475 1246 1524 parentibus
1285 1473 1528 1522 affligebatur
1565 1478 1602 1510 et
1643 1472 1865 1511 valetudine
1909 1473 2018 1522 gravi

229 1538 310 1570 erat
347 1538 383 1570 et
425 1538 551 1570 tamen
592 1535 727 1571 evasit.
760 1554 813 1560 —
846 1534 945 1577 Quae
970 1534 1073 1568 matri
1099 1533 1245 1578 Kepleri
1277 1538 1472 1567 evenerunt
1497 1532 1570 1567 fata
1594 1533 1818 1575 tristissima,
1855 1533 2018 1576 pluribus

227 1598 335 1631 supra
361 1588 408 1631 (p.
436 1588 501 1622 361
530 1588 609 1631 ss),
645 1586 757 1622 relata
793 1592 889 1630 sunt3
926 1592 1066 1621 mortua
1098 1592 1152 1621 est
1184 1586 1219 1621 d.
1257 1587 1309 1621 13.
1344 1587 1432 1630 Apr.
1462 1585 1560 1620 1622.
1609 1586 1812 1620 Praemissa
1845 1590 1885 1620 ut
1917 1589 1952 1619 et
1977 1594 2019 1619 ea

227 1651 317 1684 quae
344 1645 542 1684 sequuntur
566 1650 680 1683 usque
706 1640 751 1675 ad
775 1650 905 1674 annum
934 1641 1021 1675 1596
1048 1639 1235 1683 scripsisse
1261 1649 1298 1673 se
1325 1638 1402 1682 ipse
1429 1642 1577 1672 annotat
1603 1638 1781 1682 Iieplerus
1807 1639 1909 1672 annis
1929 1638 2017 1672 1595

227 1699 262 1726 et
289 1693 387 1736 1506,
415 1704 484 1737 quo
511 1698 672 1737 tempore
697 1692 849 1736 primum
874 1692 1021 1735 propius
1048 1692 1145 1726 adire
1172 1696 1318 1726 coactus
1338 1696 1393 1725 est
1412 1690 1652 1734 astrologiam.
1695 1690 1880 1734 Quaedam
1897 1695 2017 1735 poste-

225 1747 376 1781 rioribus
401 1746 620 1790 temporibus
644 1745 778 1780 inserta
803 1750 895 1779 sunt.

367 1797 436 1833 Ad
469 1797 795 1833 nativitatem
827 1794 1044 1832 Joannis
1083 1793 1309 1842 Kepleri.
1380 1793 1592 1842 Conceptio
1635 1804 1722 1830 mea
1762 1793 2018 1841 investigata:

227 1866 327 1892 anno
362 1853 466 1895 1571.
502 1854 596 1903 Maji
630 1853 665 1890 d.
703 1858 765 1891 16.
798 1852 833 1889 h.
872 1857 935 1891 16.
971 1852 1049 1890 37¹.
1111 1852 1207 1889 Cum
1239 1853 1397 1889 abortus
1430 1853 1563 1889 matris
1594 1851 1797 1899 foetusque
1828 1850 1920 1889 editi
1943 1852 2016 1887 im-

229 1912 420 1950 becillitas
452 1912 562 1950 tollat
602 1913 859 1960 suspicionem
904 1912 1137 1959 anticipatae
1174 1911 1536 1959 impraegnationis,
1581 1915 1683 1947 recte
1728 1909 1828 1946 diem
1873 1910 2016 1958 nuptiis

229 1976 432 2020 postpono,
467 1982 565 2019 quae
596 1970 700 2007 fuere
734 1970 794 2006 die
830 1972 892 2006 15.
924 1968 1035 2017 Maji.
1098 1967 1193 2005 Cum
1231 1968 1278 2016 Θ
1313 1969 1349 2004 in
1385 1969 1448 2015 Π,
1481 1964 1535 2018 Q
1568 1969 1605 2003 in
1641 1968 1692 2014 Π
1727 1973 1839 2013 esset,
1876 1971 1896 2005 5
1930 1966 2017 2015 pla-

229 2036 340 2066 netae
374 2029 578 2067 orientales
609 2028 814 2076 signabant
834 2028 1060 2072 masculum,
1094 2024 1126 2077 ζῤ
1152 2029 1387 2072 combustus,
1420 2031 1462 2062 ut
1493 2027 1531 2062 in
1563 2026 1743 2064 meteoris
1767 2025 2016 2063 vehementes

228 2092 376 2134 ventos,
409 2088 463 2124 ita
494 2087 555 2124 hic
588 2085 752 2123 debilem
785 2091 821 2123 et
852 2090 1096 2133 properatum
1128 2084 1272 2121 foetum
1312 2083 1467 2121 habeat.
1530 2084 1594 2121 Sic
1625 2088 1738 2120 natus
1771 2095 1854 2121 sum
1888 2087 2016 2121 exter-

230 2146 394 2182 ricineus
428 2149 478 2182 32
512 2145 748 2193 septimanis,
779 2148 867 2192 post
900 2147 994 2180 224.
1028 2142 1128 2179 diem
1160 2142 1263 2179 horis
1290 2145 1351 2178 10.
1385 2141 1527 2190 (1571.
1562 2145 1628 2179 27.
1662 2141 1757 2179 Dec.
1790 2141 1827 2179 h.
1854 2145 1888 2179 1.
1915 2139 2012 2189 30¹).

232 2201 343 2243 1575.
377 2202 543 2240 Variolis
574 2213 671 2251 pene
704 2207 884 2239 enecatus
917 2201 988 2249 fui3
1033 2200 1118 2237 dein
1157 2200 1298 2237 duriter
1340 2198 1515 2245 habitus,
1560 2200 1676 2236 etiam
1717 2200 1896 2237 manibus
1935 2198 2013 2236 fere

232 2265 441 2298 truncatus.
484 2259 593 2301 1576.
635 2259 793 2297 durante
827 2264 976 2296 cometa
1016 2258 1246 2295 nascebatur
1284 2258 1397 2294 stater
1439 2256 1685 2294 Sebaldus
1729 2259 1830 2294 cirea
1870 2256 2014 2294 Pente-

232 2324 375 2356 costen.
437 2316 548 2358 1577.
590 2319 752 2366 primum
793 2318 830 2353 in
875 2316 1008 2353 ludum
1045 2317 1254 2353 literarium
1296 2317 1555 2364 germanicum
1588 2317 1836 2362 (Leobergam)
1873 2316 2014 2352 missus

231 2389 328 2414 sum.
389 2377 462 2413 Die
494 2375 669 2413 natalitio
701 2375 816 2423 hujus
848 2376 936 2412 anni
969 2374 1120 2411 dentem
1153 2375 1276 2419 amisi,
1309 2373 1505 2410 effractum
1535 2372 1718 2420 funiculo,
1753 2385 1865 2421 quem
1897 2373 2016 2410 mani-

232 2434 305 2472 bus
338 2436 585 2483 arripueram.
638 2437 710 2480 (Ex
738 2435 804 2469 vol.
830 2436 857 2469 I.
883 2446 916 2479 p.
943 2435 1028 2470 196:
1057 2431 1115 2468 De
1148 2437 1297 2469 cometa
1328 2432 1417 2468 anni
1452 2436 1513 2468 77.
1547 2431 1712 2480 plurima
1748 2431 1899 2478 audivi,
1943 2430 2015 2468 ad-

232 2491 367 2531 ductus
399 2494 515 2530 etiam
545 2504 628 2529 sum
660 2493 698 2528 in
730 2491 856 2528 locum
887 2489 1007 2527 altum
1039 2502 1061 2526 a
1091 2494 1221 2537 matre,
1256 2488 1305 2526 ad
1337 2501 1423 2527 eum
1456 2488 1825 2538 contemplandum.)

369 2548 477 2590 1579.
511 2555 693 2588 autumno
726 2549 773 2586 ad
805 2547 975 2585 scholam
1006 2546 1120 2593 redii,
1162 2549 1198 2583 in
1232 2546 1439 2584 secundam
1473 2548 1635 2585 classem
1678 2547 1890 2585 collocatus
1929 2557 2013 2584 sum

231 2605 460 2649 (Parentibus
493 2615 585 2639 anno
612 2606 711 2640 1579.
738 2602 1007 2645 Elmendiugam
1043 2601 1296 2644 emigrantibus
1331 2602 1475 2637 scholae
1498 2602 1739 2645 Leobergensi
1766 2602 1923 2636 Joannes
1952 2611 2017 2645 per

232 2657 452 2700 aliquantum
476 2657 646 2701 temporis
670 2657 842 2691 interesse
867 2654 1052 2697 nequivit.)
1104 2653 1225 2688 Annis
1250 2649 1505 2692 1580—1582
1528 2653 1653 2701 operis
1673 2653 1824 2688 rusticis
1845 2651 2016 2699 graviter

232 2712 286 2748 fui
319 2714 518 2759 exercitus,
552 2713 658 2750 1582
691 2711 834 2760 profeci
865 2722 931 2758 per
962 2710 1138 2748 hiemem.
1174 2711 1270 2753 (Vol.
1298 2711 1347 2746 ΙΙ.
1373 2723 1409 2756 p.
1435 2712 1502 2747 302
1529 2712 1633 2747 dicit:
1673 2710 1827 2747 memini
1859 2719 1945 2746 cum
1977 2709 2013 2744 in

237 2769 547 2819 Wiirtembergia
578 2782 672 2819 puer
702 2768 908 2807 admodum
941 2780 963 2805 a
993 2773 1150 2816 parente
1182 2767 1252 2804 sub
1287 2766 1390 2804 dium
1430 2779 1589 2805 vocarer
1627 2767 1676 2805 ad
1718 2766 2015 2815 contemplatio-

236 2839 321 2864 nem
355 2828 552 2877 eclipseos,
585 2828 696 2865 Luua
726 2826 839 2876 plane
870 2825 1082 2863 rubicunda
1115 2826 1306 2875 apparuit.
1350 2824 1668 2864 circumstantiae
1691 2829 1865 2874 arguunt,
1898 2823 2013 2861 aliam

243 2897 325 2922 esse
356 2898 432 2923 non
463 2888 646 2935 potuisse,
679 2897 793 2934 quam
825 2896 924 2933 quae
958 2888 1021 2922 31.
1054 2883 1144 2922 Jan.
1183 2887 1289 2921 1580
1323 2883 1409 2921 visa
1441 2885 1533 2932 est.)
1585 2881 1693 2924 1583.
1724 2882 1861 2919 studiis
1894 2881 2014 2919 desti-

236 2949 372 2989 natus,
412 2944 460 2981 ad
492 2946 642 2981 tertiam
685 2944 845 2981 classem
880 2948 917 2980 et
959 2942 1045 2980 dein
1089 2943 1193 2980 varie
1236 2946 1433 2990 promotus
1475 2953 1559 2978 sum
1601 2939 1684 2992 (17.
1717 2938 1839 2991 Maji).
1903 2938 2011 2979 1584.

239 3005 303 3038 16.
337 2999 421 3039 Oet.
452 3007 653 3050 susceptus
684 3014 768 3038 sum
799 3013 822 3038 a
855 3001 1162 3049 Wiirteinbergio
1195 3001 1231 3036 in
1262 3001 1536 3036 monasterium
1569 2998 1866 3046 Adelbergense.
1904 2995 2011 3036 1585.

239 3062 303 3095 86.
338 3057 408 3095 Per
438 3059 507 3096 hos
540 3059 634 3096 duos
666 3070 786 3096 annos
818 3059 1006 3096 continuis
1049 3069 1197 3106 semper
1236 3058 1333 3094 cutis
1375 3058 1479 3094 vitiis
1510 3056 1708 3102 laboravi,
1751 3067 1866 3104 saepe
1909 3054 2012 3092 duris

237 3115 440 3167 ulceribus,
472 3128 588 3167 saepe
619 3116 718 3156 male
751 3116 948 3156 medicatis
983 3116 1170 3155 vibicibus
1192 3115 1521 3153 reflorescentibus
1552 3116 1852 3152 inveteratorum
1872 3117 2012 3163 puten-
