<?xml version="1.0" encoding="UTF-8"?>
<!DOCTYPE html PUBLIC "-//W3C//DTD XHTML 1.0 Transitional//EN"
    "http://www.w3.org/TR/xhtml1/DTD/xhtml1-transitional.dtd">
<html xmlns="http://www.w3.org/1999/xhtml" xml:lang="en" lang="en">
 <head>
  <title>
</title>
<meta http-equiv="Content-Type" content="text/html;charset=utf-8" />
  <meta name='ocr-system' content='tesseract 3.04.00' />
  <meta name='ocr-capabilities' content='ocr_page ocr_carea ocr_par ocr_line ocrx_word'/>
</head>
<body>
  <div class='ocr_page' id='page_1' title='image "./p2operaomniaedid08kepluoft_0021.png"; bbox 0 0 2177 3408; ppageno 0'>
   <div class='ocr_carea' id='block_1_1' title="bbox 541 143 1926 191">
    <p class='ocr_par' dir='ltr' id='par_1_1' title="bbox 541 143 1926 191">
     <span class='ocr_line' id='line_1_1' title="bbox 541 143 1926 191; baseline -0.001 -8"><span class='ocrx_word' id='word_1_1' title='bbox 541 144 778 183; x_wconf 68' lang='lat' dir='ltr'><strong>Summanum</strong></span> <span class='ocrx_word' id='word_1_2' title='bbox 804 143 983 181; x_wconf 77' lang='lat' dir='ltr'>Historiae</span> <span class='ocrx_word' id='word_1_3' title='bbox 1006 143 1256 181; x_wconf 82' lang='lat' dir='ltr'><strong>Astronomiae</strong></span> <span class='ocrx_word' id='word_1_4' title='bbox 1281 144 1402 181; x_wconf 90' lang='lat' dir='ltr'><strong>seculo</strong></span> <span class='ocrx_word' id='word_1_5' title='bbox 1427 146 1525 182; x_wconf 87' lang='lat' dir='ltr'>XVI.</span> <span class='ocrx_word' id='word_1_6' title='bbox 1842 148 1926 191; x_wconf 79' lang='lat'><strong>567</strong></span> 
     </span>
    </p>
   </div>
   <div class='ocr_carea' id='block_1_2' title="bbox 131 261 1928 3106">
    <p class='ocr_par' dir='ltr' id='par_1_2' title="bbox 138 261 1927 482">
     <span class='ocr_line' id='line_1_2' title="bbox 138 261 1926 309; baseline 0.001 -10"><span class='ocrx_word' id='word_1_7' title='bbox 138 263 415 308; x_wconf 85' lang='lat' dir='ltr'><strong>demonstratur,</strong></span> <span class='ocrx_word' id='word_1_8' title='bbox 443 263 722 308; x_wconf 82' lang='lat' dir='ltr'><strong>magnitudinem</strong></span> <span class='ocrx_word' id='word_1_9' title='bbox 747 263 880 297; x_wconf 85' lang='lat' dir='ltr'><strong>Terrae</strong></span> <span class='ocrx_word' id='word_1_10' title='bbox 905 261 951 297; x_wconf 89' lang='lat' dir='ltr'><strong>ad</strong></span> <span class='ocrx_word' id='word_1_11' title='bbox 977 261 1116 297; x_wconf 86' lang='lat' dir='ltr'><strong>coelum</strong></span> <span class='ocrx_word' id='word_1_12' title='bbox 1141 261 1306 297; x_wconf 83' lang='lat' dir='ltr'><strong>collatam</strong></span> <span class='ocrx_word' id='word_1_13' title='bbox 1332 272 1478 307; x_wconf 87' lang='lat' dir='ltr'><strong>prorsus</strong></span> <span class='ocrx_word' id='word_1_14' title='bbox 1509 274 1732 309; x_wconf 87' lang='lat' dir='ltr'><strong>evanescere,</strong></span> <span class='ocrx_word' id='word_1_15' title='bbox 1758 275 1800 301; x_wconf 93' lang='lat' dir='ltr'><strong>eo</strong></span> <span class='ocrx_word' id='word_1_16' title='bbox 1830 266 1926 309; x_wconf 92' lang='lat' dir='ltr'><strong>quod</strong></span> 
     </span>
     <span class='ocr_line' id='line_1_3' title="bbox 138 319 1926 368; baseline 0.001 -12"><span class='ocrx_word' id='word_1_17' title='bbox 138 322 286 357; x_wconf 88' lang='lat' dir='ltr'>horizon</span> <span class='ocrx_word' id='word_1_18' title='bbox 319 321 409 357; x_wconf 89' lang='lat' dir='ltr'><strong>coeli</strong></span> <span class='ocrx_word' id='word_1_19' title='bbox 443 322 633 367; x_wconf 86' lang='lat' dir='ltr'>sphaeram</span> <span class='ocrx_word' id='word_1_20' title='bbox 665 320 828 356; x_wconf 85' lang='lat' dir='ltr'><strong>bifariam</strong></span> <span class='ocrx_word' id='word_1_21' title='bbox 859 324 973 365; x_wconf 88' lang='lat' dir='ltr'><strong>secet,</strong></span> <span class='ocrx_word' id='word_1_22' title='bbox 1018 319 1115 364; x_wconf 89' lang='lat' dir='ltr'><strong>quod</strong></span> <span class='ocrx_word' id='word_1_23' title='bbox 1148 319 1457 357; x_wconf 87' lang='lat' dir='ltr'><strong>observationibus</strong></span> <span class='ocrx_word' id='word_1_24' title='bbox 1489 333 1554 367; x_wconf 90' lang='lat' dir='ltr'><strong>per</strong></span> <span class='ocrx_word' id='word_1_25' title='bbox 1584 322 1760 368; x_wconf 88' lang='lat' dir='ltr'><strong>dioptram</strong></span> <span class='ocrx_word' id='word_1_26' title='bbox 1793 328 1926 368; x_wconf 88' lang='lat' dir='ltr'><strong>pateat.</strong></span> 
     </span>
     <span class='ocr_line' id='line_1_4' title="bbox 139 377 1927 426; baseline 0.002 -11"><span class='ocrx_word' id='word_1_27' title='bbox 139 380 323 424; x_wconf 81' lang='lat' dir='ltr'>Capitibus</span> <span class='ocrx_word' id='word_1_28' title='bbox 341 380 374 416; x_wconf 88' lang='grc'><strong>7.</strong></span> <span class='ocrx_word' id='word_1_29' title='bbox 394 384 430 416; x_wconf 87' lang='lat' dir='ltr'><strong>et</strong></span> <span class='ocrx_word' id='word_1_30' title='bbox 444 381 480 417; x_wconf 89' lang='grc'><strong>8.</strong></span> <span class='ocrx_word' id='word_1_31' title='bbox 504 379 662 416; x_wconf 89' lang='lat' dir='ltr'><strong>rationes</strong></span> <span class='ocrx_word' id='word_1_32' title='bbox 687 383 846 415; x_wconf 88' lang='lat' dir='ltr'><strong>veterum</strong></span> <span class='ocrx_word' id='word_1_33' title='bbox 864 378 1088 423; x_wconf 89' lang='lat' dir='ltr'><strong>(praesertim</strong></span> <span class='ocrx_word' id='word_1_34' title='bbox 1105 377 1302 413; x_wconf 81' lang='lat' dir='ltr'><strong>Ptolemaei</strong></span> <span class='ocrx_word' id='word_1_35' title='bbox 1321 384 1356 414; x_wconf 91' lang='lat' dir='ltr'><strong>et</strong></span> <span class='ocrx_word' id='word_1_36' title='bbox 1373 380 1590 426; x_wconf 86' lang='lat' dir='ltr'><strong>Aristotelis)</strong></span> <span class='ocrx_word' id='word_1_37' title='bbox 1616 391 1680 425; x_wconf 86' lang='lat' dir='ltr'><strong>pro</strong></span> <span class='ocrx_word' id='word_1_38' title='bbox 1698 381 1777 418; x_wconf 90' lang='lat' dir='ltr'><strong>loco</strong></span> <span class='ocrx_word' id='word_1_39' title='bbox 1795 381 1927 419; x_wconf 85' lang='lat' dir='ltr'><strong>Terrae</strong></span> 
     </span>
     <span class='ocr_line' id='line_1_5' title="bbox 138 436 1473 482; baseline -0.001 -9"><span class='ocrx_word' id='word_1_40' title='bbox 138 439 173 473; x_wconf 91' lang='lat' dir='ltr'><strong>in</strong></span> <span class='ocrx_word' id='word_1_41' title='bbox 199 438 321 474; x_wconf 91' lang='lat' dir='ltr'><strong>mundi</strong></span> <span class='ocrx_word' id='word_1_42' title='bbox 346 438 463 474; x_wconf 87' lang='lat' dir='ltr'><strong>medio</strong></span> <span class='ocrx_word' id='word_1_43' title='bbox 489 437 638 482; x_wconf 86' lang='lat' dir='ltr'><strong>ejusque</strong></span> <span class='ocrx_word' id='word_1_44' title='bbox 663 436 909 473; x_wconf 80' lang='lat' dir='ltr'><strong>immobilitate</strong></span> <span class='ocrx_word' id='word_1_45' title='bbox 933 441 1166 472; x_wconf 83' lang='lat' dir='ltr'><strong>recensentur</strong></span> <span class='ocrx_word' id='word_1_46' title='bbox 1190 436 1473 482; x_wconf 89' lang='lat' dir='ltr'><strong>refutanturque.</strong></span> 
     </span>
    </p>

    <p class='ocr_par' dir='ltr' id='par_1_3' title="bbox 135 495 1927 1065">
     <span class='ocr_line' id='line_1_6' title="bbox 269 495 1927 543; baseline 0.001 -13"><span class='ocrx_word' id='word_1_47' title='bbox 269 495 523 540; x_wconf 77' lang='lat' dir='ltr'><strong>Quaestionem</strong></span> <span class='ocrx_word' id='word_1_48' title='bbox 557 505 767 541; x_wconf 85' lang='lat' dir='ltr'><strong>aggressus,</strong></span> <span class='ocrx_word' id='word_1_49' title='bbox 804 505 871 537; x_wconf 87' lang='lat' dir='ltr'><strong>„an</strong></span> <span class='ocrx_word' id='word_1_50' title='bbox 897 495 1030 530; x_wconf 84' lang='lat' dir='ltr'><strong>Terrae</strong></span> <span class='ocrx_word' id='word_1_51' title='bbox 1062 495 1185 540; x_wconf 89' lang='lat' dir='ltr'><strong>plures</strong></span> <span class='ocrx_word' id='word_1_52' title='bbox 1216 495 1358 539; x_wconf 86' lang='lat' dir='ltr'><strong>possint</strong></span> <span class='ocrx_word' id='word_1_53' title='bbox 1393 497 1539 533; x_wconf 86' lang='lat' dir='ltr'><strong>attribui</strong></span> <span class='ocrx_word' id='word_1_54' title='bbox 1571 500 1710 532; x_wconf 85' lang='lat' dir='ltr'><strong>motus“</strong></span> <span class='ocrx_word' id='word_1_55' title='bbox 1747 498 1840 542; x_wconf 88' lang='lat' dir='ltr'><strong>(cap.</strong></span> <span class='ocrx_word' id='word_1_56' title='bbox 1867 499 1927 543; x_wconf 83' lang='grc'><strong>9.),</strong></span> 
     </span>
     <span class='ocr_line' id='line_1_7' title="bbox 137 552 1927 599; baseline 0.003 -13"><span class='ocrx_word' id='word_1_57' title='bbox 137 552 231 587; x_wconf 90' lang='lat' dir='ltr'><strong>hanc</strong></span> <span class='ocrx_word' id='word_1_58' title='bbox 256 553 360 589; x_wconf 85' lang='lat' dir='ltr'><strong>affert</strong></span> <span class='ocrx_word' id='word_1_59' title='bbox 379 553 597 598; x_wconf 89' lang='lat' dir='ltr'><strong>Copernicus</strong></span> <span class='ocrx_word' id='word_1_60' title='bbox 624 552 839 589; x_wconf 89' lang='lat' dir='ltr'><strong>sententiam</strong></span> <span class='ocrx_word' id='word_1_61' title='bbox 858 554 901 589; x_wconf 90' lang='lat' dir='ltr'><strong>de</strong></span> <span class='ocrx_word' id='word_1_62' title='bbox 925 554 1177 598; x_wconf 87' lang='lat' dir='ltr'><strong>gravitate:</strong></span> <span class='ocrx_word' id='word_1_63' title='bbox 1207 553 1405 598; x_wconf 83' lang='lat' dir='ltr'><strong>„Equidem</strong></span> <span class='ocrx_word' id='word_1_64' title='bbox 1423 555 1598 597; x_wconf 81' lang='lat' dir='ltr'><strong>existimo,</strong></span> <span class='ocrx_word' id='word_1_65' title='bbox 1625 555 1837 599; x_wconf 85' lang='lat' dir='ltr'><strong>gravitatem</strong></span> <span class='ocrx_word' id='word_1_66' title='bbox 1855 567 1927 592; x_wconf 92' lang='lat' dir='ltr'><strong>non</strong></span> 
     </span>
     <span class='ocr_line' id='line_1_8' title="bbox 135 611 1926 658; baseline 0.001 -13"><span class='ocrx_word' id='word_1_67' title='bbox 135 611 231 647; x_wconf 86' lang='lat' dir='ltr'><strong>aliud</strong></span> <span class='ocrx_word' id='word_1_68' title='bbox 263 622 342 647; x_wconf 91' lang='lat' dir='ltr'><strong>esse</strong></span> <span class='ocrx_word' id='word_1_69' title='bbox 376 622 484 657; x_wconf 88' lang='lat' dir='ltr'><strong>quam</strong></span> <span class='ocrx_word' id='word_1_70' title='bbox 516 613 760 657; x_wconf 81' lang='lat' dir='ltr'><strong>appetentiam</strong></span> <span class='ocrx_word' id='word_1_71' title='bbox 794 612 974 656; x_wconf 87' lang='lat' dir='ltr'><strong>quandam</strong></span> <span class='ocrx_word' id='word_1_72' title='bbox 1005 612 1221 658; x_wconf 84' lang='lat' dir='ltr'><strong>naturalem,</strong></span> <span class='ocrx_word' id='word_1_73' title='bbox 1252 613 1414 657; x_wconf 88' lang='lat' dir='ltr'><strong>partibus</strong></span> <span class='ocrx_word' id='word_1_74' title='bbox 1447 612 1596 648; x_wconf 87' lang='lat' dir='ltr'><strong>inditam</strong></span> <span class='ocrx_word' id='word_1_75' title='bbox 1621 624 1642 648; x_wconf 90' lang='lat' dir='ltr'><strong>a</strong></span> <span class='ocrx_word' id='word_1_76' title='bbox 1667 612 1786 647; x_wconf 85' lang='lat' dir='ltr'><strong>divina</strong></span> <span class='ocrx_word' id='word_1_77' title='bbox 1811 614 1926 658; x_wconf 88' lang='lat' dir='ltr'><strong>provi-</strong></span> 
     </span>
     <span class='ocr_line' id='line_1_9' title="bbox 137 670 1924 717; baseline 0.002 -13"><span class='ocrx_word' id='word_1_78' title='bbox 137 670 268 715; x_wconf 84' lang='lat' dir='ltr'><strong>dentia,</strong></span> <span class='ocrx_word' id='word_1_79' title='bbox 296 673 336 704; x_wconf 88' lang='lat' dir='ltr'><strong>ut</strong></span> <span class='ocrx_word' id='word_1_80' title='bbox 358 670 395 705; x_wconf 90' lang='lat' dir='ltr'><strong>in</strong></span> <span class='ocrx_word' id='word_1_81' title='bbox 421 671 594 706; x_wconf 89' lang='lat' dir='ltr'><strong>unitatem</strong></span> <span class='ocrx_word' id='word_1_82' title='bbox 619 671 934 717; x_wconf 85' lang='lat' dir='ltr'><strong>integritatemque</strong></span> <span class='ocrx_word' id='word_1_83' title='bbox 961 682 1060 708; x_wconf 90' lang='lat' dir='ltr'><strong>suam</strong></span> <span class='ocrx_word' id='word_1_84' title='bbox 1080 682 1158 708; x_wconf 89' lang='lat' dir='ltr'><strong>sese</strong></span> <span class='ocrx_word' id='word_1_85' title='bbox 1176 672 1374 716; x_wconf 86' lang='lat' dir='ltr'><strong>conferant,</strong></span> <span class='ocrx_word' id='word_1_86' title='bbox 1401 672 1436 706; x_wconf 91' lang='lat' dir='ltr'><strong>in</strong></span> <span class='ocrx_word' id='word_1_87' title='bbox 1463 672 1612 707; x_wconf 86' lang='lat' dir='ltr'><strong>formam</strong></span> <span class='ocrx_word' id='word_1_88' title='bbox 1629 672 1724 716; x_wconf 89' lang='lat' dir='ltr'><strong>globi</strong></span> <span class='ocrx_word' id='word_1_89' title='bbox 1742 677 1924 708; x_wconf 78' lang='lat' dir='ltr'><strong>coeuntes.</strong></span> 
     </span>
     <span class='ocr_line' id='line_1_10' title="bbox 137 727 1925 775; baseline 0.002 -12"><span class='ocrx_word' id='word_1_90' title='bbox 137 727 253 772; x_wconf 78' lang='lat' dir='ltr'><strong>Quam</strong></span> <span class='ocrx_word' id='word_1_91' title='bbox 276 727 544 764; x_wconf 88' lang='lat' dir='ltr'><strong>affectationem</strong></span> <span class='ocrx_word' id='word_1_92' title='bbox 569 729 741 764; x_wconf 86' lang='lat' dir='ltr'><strong>credibile</strong></span> <span class='ocrx_word' id='word_1_93' title='bbox 775 734 830 765; x_wconf 91' lang='lat' dir='ltr'><strong>est</strong></span> <span class='ocrx_word' id='word_1_94' title='bbox 856 729 962 764; x_wconf 86' lang='lat' dir='ltr'><strong>etiam</strong></span> <span class='ocrx_word' id='word_1_95' title='bbox 989 729 1079 773; x_wconf 89' lang='lat' dir='ltr'><strong>Soli,</strong></span> <span class='ocrx_word' id='word_1_96' title='bbox 1111 731 1235 765; x_wconf 85' lang='lat' dir='ltr'><strong>Lunae</strong></span> <span class='ocrx_word' id='word_1_97' title='bbox 1268 730 1467 773; x_wconf 89' lang='lat' dir='ltr'><strong>ceterisque</strong></span> <span class='ocrx_word' id='word_1_98' title='bbox 1502 731 1693 766; x_wconf 82' lang='lat' dir='ltr'><strong>errantium</strong></span> <span class='ocrx_word' id='word_1_99' title='bbox 1725 730 1925 775; x_wconf 82' lang='lat' dir='ltr'><strong>fulgoribus</strong></span> 
     </span>
     <span class='ocr_line' id='line_1_11' title="bbox 135 785 1927 833; baseline 0.002 -13"><span class='ocrx_word' id='word_1_100' title='bbox 135 785 269 826; x_wconf 89' lang='lat' dir='ltr'><strong>inesse,</strong></span> <span class='ocrx_word' id='word_1_101' title='bbox 306 790 346 820; x_wconf 91' lang='lat' dir='ltr'><strong>ut</strong></span> <span class='ocrx_word' id='word_1_102' title='bbox 371 786 449 830; x_wconf 90' lang='lat' dir='ltr'><strong>ejus</strong></span> <span class='ocrx_word' id='word_1_103' title='bbox 480 787 642 823; x_wconf 85' lang='lat' dir='ltr'><strong>efficacia</strong></span> <span class='ocrx_word' id='word_1_104' title='bbox 676 788 713 822; x_wconf 91' lang='lat' dir='ltr'><strong>in</strong></span> <span class='ocrx_word' id='word_1_105' title='bbox 745 798 787 823; x_wconf 88' lang='lat' dir='ltr'><strong>ea</strong></span> <span class='ocrx_word' id='word_1_106' title='bbox 815 798 885 831; x_wconf 90' lang='lat' dir='ltr'><strong>qua</strong></span> <span class='ocrx_word' id='word_1_107' title='bbox 923 798 960 823; x_wconf 91' lang='lat' dir='ltr'><strong>se</strong></span> <span class='ocrx_word' id='word_1_108' title='bbox 993 792 1265 832; x_wconf 88' lang='lat' dir='ltr'><strong>repraesentant</strong></span> <span class='ocrx_word' id='word_1_109' title='bbox 1298 787 1518 822; x_wconf 85' lang='lat' dir='ltr'><strong>rotunditate</strong></span> <span class='ocrx_word' id='word_1_110' title='bbox 1551 793 1802 832; x_wconf 75' lang='lat' dir='ltr'><strong>permaneant,</strong></span> <span class='ocrx_word' id='word_1_111' title='bbox 1836 799 1927 833; x_wconf 89' lang='lat' dir='ltr'><strong>quae</strong></span> 
     </span>
     <span class='ocr_line' id='line_1_12' title="bbox 137 842 1924 889; baseline 0.003 -12"><span class='ocrx_word' id='word_1_112' title='bbox 137 842 364 878; x_wconf 91' lang='lat' dir='ltr'><strong>nihilominus</strong></span> <span class='ocrx_word' id='word_1_113' title='bbox 390 843 510 879; x_wconf 87' lang='lat' dir='ltr'><strong>multis</strong></span> <span class='ocrx_word' id='word_1_114' title='bbox 536 845 651 879; x_wconf 93' lang='lat' dir='ltr'><strong>modis</strong></span> <span class='ocrx_word' id='word_1_115' title='bbox 678 856 762 880; x_wconf 91' lang='lat' dir='ltr'><strong>suos</strong></span> <span class='ocrx_word' id='word_1_116' title='bbox 788 845 948 881; x_wconf 85' lang='lat' dir='ltr'><strong>efficiunt</strong></span> <span class='ocrx_word' id='word_1_117' title='bbox 974 845 1155 881; x_wconf 86' lang='lat' dir='ltr'><strong>circuitus.</strong></span> <span class='ocrx_word' id='word_1_118' title='bbox 1205 845 1242 881; x_wconf 87' lang='lat' dir='ltr'><strong>Si</strong></span> <span class='ocrx_word' id='word_1_119' title='bbox 1267 845 1374 889; x_wconf 91' lang='lat' dir='ltr'><strong>igitur</strong></span> <span class='ocrx_word' id='word_1_120' title='bbox 1399 848 1434 880; x_wconf 89' lang='lat' dir='ltr'><strong>et</strong></span> <span class='ocrx_word' id='word_1_121' title='bbox 1460 846 1571 880; x_wconf 88' lang='lat' dir='ltr'><strong>Terra</strong></span> <span class='ocrx_word' id='word_1_122' title='bbox 1601 846 1708 881; x_wconf 81' lang='lat' dir='ltr'><strong>faciat</strong></span> <span class='ocrx_word' id='word_1_123' title='bbox 1733 847 1839 889; x_wconf 81' lang='lat' dir='ltr'><strong>alios,</strong></span> <span class='ocrx_word' id='word_1_124' title='bbox 1866 859 1924 883; x_wconf 90' lang='lat' dir='ltr'><strong>ne-</strong></span> 
     </span>
     <span class='ocr_line' id='line_1_13' title="bbox 138 896 1927 948; baseline 0.003 -14"><span class='ocrx_word' id='word_1_125' title='bbox 138 911 238 935; x_wconf 89' lang='lat' dir='ltr'><strong>cesse</strong></span> <span class='ocrx_word' id='word_1_126' title='bbox 264 901 341 946; x_wconf 88' lang='lat' dir='ltr'><strong>erit,</strong></span> <span class='ocrx_word' id='word_1_127' title='bbox 368 912 430 937; x_wconf 91' lang='lat' dir='ltr'><strong>eos</strong></span> <span class='ocrx_word' id='word_1_128' title='bbox 456 912 547 945; x_wconf 87' lang='lat' dir='ltr'><strong>esse,</strong></span> <span class='ocrx_word' id='word_1_129' title='bbox 572 902 633 948; x_wconf 90' lang='lat' dir='ltr'><strong>qui</strong></span> <span class='ocrx_word' id='word_1_130' title='bbox 659 896 818 939; x_wconf 89' lang='lat' dir='ltr'><strong>similiter</strong></span> <span class='ocrx_word' id='word_1_131' title='bbox 841 903 1067 939; x_wconf 86' lang='lat' dir='ltr'><strong>extrinsecus</strong></span> <span class='ocrx_word' id='word_1_132' title='bbox 1092 904 1128 938; x_wconf 91' lang='lat' dir='ltr'><strong>in</strong></span> <span class='ocrx_word' id='word_1_133' title='bbox 1153 903 1275 939; x_wconf 88' lang='lat' dir='ltr'><strong>multis</strong></span> <span class='ocrx_word' id='word_1_134' title='bbox 1300 906 1488 948; x_wconf 82' lang='lat' dir='ltr'><strong>apparent,</strong></span> <span class='ocrx_word' id='word_1_135' title='bbox 1513 903 1550 938; x_wconf 94' lang='lat' dir='ltr'><strong>in</strong></span> <span class='ocrx_word' id='word_1_136' title='bbox 1575 904 1704 948; x_wconf 90' lang='lat' dir='ltr'><strong>quibus</strong></span> <span class='ocrx_word' id='word_1_137' title='bbox 1728 905 1927 941; x_wconf 84' lang='lat' dir='ltr'><strong>invenimus</strong></span> 
     </span>
     <span class='ocr_line' id='line_1_14' title="bbox 137 960 1926 1008; baseline 0.003 -15"><span class='ocrx_word' id='word_1_138' title='bbox 137 970 293 996; x_wconf 83' lang='lat' dir='ltr'><strong>annuum</strong></span> <span class='ocrx_word' id='word_1_139' title='bbox 325 960 546 996; x_wconf 82' lang='lat' dir='ltr'><strong>circuitum.“</strong></span> <span class='ocrx_word' id='word_1_140' title='bbox 596 960 689 997; x_wconf 86' lang='lat' dir='ltr'><strong>Hinc</strong></span> <span class='ocrx_word' id='word_1_141' title='bbox 723 962 905 998; x_wconf 84' lang='lat' dir='ltr'><strong>concludit</strong></span> <span class='ocrx_word' id='word_1_142' title='bbox 937 962 1173 1007; x_wconf 82' lang='lat' dir='ltr'><strong>Copernicus,</strong></span> <span class='ocrx_word' id='word_1_143' title='bbox 1209 961 1299 998; x_wconf 87' lang='lat' dir='ltr'><strong>coeli</strong></span> <span class='ocrx_word' id='word_1_144' title='bbox 1335 966 1469 997; x_wconf 89' lang='lat' dir='ltr'><strong>motum</strong></span> <span class='ocrx_word' id='word_1_145' title='bbox 1502 966 1733 1008; x_wconf 86' lang='lat' dir='ltr'><strong>apparentem</strong></span> <span class='ocrx_word' id='word_1_146' title='bbox 1767 967 1926 998; x_wconf 87' lang='lat' dir='ltr'><strong>assumto</strong></span> 
     </span>
     <span class='ocr_line' id='line_1_15' title="bbox 139 1017 1359 1065; baseline 0.002 -12"><span class='ocrx_word' id='word_1_147' title='bbox 139 1017 273 1054; x_wconf 86' lang='lat' dir='ltr'><strong>Terrae</strong></span> <span class='ocrx_word' id='word_1_148' title='bbox 297 1024 397 1054; x_wconf 86' lang='lat' dir='ltr'><strong>motu</strong></span> <span class='ocrx_word' id='word_1_149' title='bbox 422 1024 458 1054; x_wconf 90' lang='lat' dir='ltr'><strong>et</strong></span> <span class='ocrx_word' id='word_1_150' title='bbox 483 1019 558 1054; x_wconf 90' lang='lat' dir='ltr'><strong>Soli</strong></span> <span class='ocrx_word' id='word_1_151' title='bbox 581 1019 829 1055; x_wconf 84' lang='lat' dir='ltr'><strong>immobilitate</strong></span> <span class='ocrx_word' id='word_1_152' title='bbox 854 1030 1026 1055; x_wconf 86' lang='lat' dir='ltr'><strong>concessa</strong></span> <span class='ocrx_word' id='word_1_153' title='bbox 1051 1020 1215 1055; x_wconf 83' lang='lat' dir='ltr'><strong>excusari</strong></span> <span class='ocrx_word' id='word_1_154' title='bbox 1239 1031 1359 1065; x_wconf 89' lang='lat' dir='ltr'><strong>posse.</strong></span> 
     </span>
    </p>

    <p class='ocr_par' dir='ltr' id='par_1_4' title="bbox 131 1077 1928 2111">
     <span class='ocr_line' id='line_1_16' title="bbox 275 1077 1927 1124; baseline 0.002 -12"><span class='ocrx_word' id='word_1_155' title='bbox 275 1077 399 1122; x_wconf 87' lang='lat' dir='ltr'><strong>Capite</strong></span> <span class='ocrx_word' id='word_1_156' title='bbox 428 1079 477 1114; x_wconf 87' lang='lat'><strong>10.</strong></span> <span class='ocrx_word' id='word_1_157' title='bbox 516 1078 591 1113; x_wconf 91' lang='lat' dir='ltr'><strong>adit</strong></span> <span class='ocrx_word' id='word_1_158' title='bbox 628 1077 846 1123; x_wconf 89' lang='lat' dir='ltr'><strong>Copernicus</strong></span> <span class='ocrx_word' id='word_1_159' title='bbox 884 1078 1083 1113; x_wconf 89' lang='lat' dir='ltr'><strong>ordinem</strong></span> <span class='ocrx_word' id='word_1_160' title='bbox 1128 1078 1299 1113; x_wconf 90' lang='lat' dir='ltr'><strong>orbium</strong></span> <span class='ocrx_word' id='word_1_161' title='bbox 1337 1078 1622 1124; x_wconf 89' lang='lat' dir='ltr'><strong>coelestium,</strong></span> <span class='ocrx_word' id='word_1_162' title='bbox 1662 1079 1797 1124; x_wconf 92' lang='lat' dir='ltr'><strong>primus</strong></span> <span class='ocrx_word' id='word_1_163' title='bbox 1834 1080 1927 1116; x_wconf 91' lang='lat' dir='ltr'><strong>inter</strong></span> 
     </span>
     <span class='ocr_line' id='line_1_17' title="bbox 136 1135 1926 1183; baseline 0.002 -14"><span class='ocrx_word' id='word_1_164' title='bbox 136 1145 260 1170; x_wconf 89' lang='lat' dir='ltr'><strong>omnes</strong></span> <span class='ocrx_word' id='word_1_165' title='bbox 294 1135 544 1171; x_wconf 87' lang='lat' dir='ltr'><strong>demonstrans</strong></span> <span class='ocrx_word' id='word_1_166' title='bbox 577 1136 776 1172; x_wconf 89' lang='lat' dir='ltr'><strong>rationibus</strong></span> <span class='ocrx_word' id='word_1_167' title='bbox 810 1136 969 1182; x_wconf 77' lang='lat' dir='ltr'><strong>physicis</strong></span> <span class='ocrx_word' id='word_1_168' title='bbox 1002 1141 1038 1172; x_wconf 90' lang='lat' dir='ltr'><strong>et</strong></span> <span class='ocrx_word' id='word_1_169' title='bbox 1067 1136 1327 1183; x_wconf 87' lang='lat' dir='ltr'><strong>philosophicis</strong></span> <span class='ocrx_word' id='word_1_170' title='bbox 1362 1136 1464 1172; x_wconf 91' lang='lat' dir='ltr'><strong>illum</strong></span> <span class='ocrx_word' id='word_1_171' title='bbox 1499 1137 1657 1172; x_wconf 88' lang='lat' dir='ltr'><strong>ordinem</strong></span> <span class='ocrx_word' id='word_1_172' title='bbox 1691 1137 1926 1182; x_wconf 89' lang='lat' dir='ltr'><strong>planetarum,</strong></span> 
     </span>
     <span class='ocr_line' id='line_1_18' title="bbox 136 1192 1928 1241; baseline 0.004 -15"><span class='ocrx_word' id='word_1_173' title='bbox 136 1202 241 1237; x_wconf 89' lang='lat' dir='ltr'><strong>quem</strong></span> <span class='ocrx_word' id='word_1_174' title='bbox 267 1192 350 1228; x_wconf 92' lang='lat' dir='ltr'><strong>hinc</strong></span> <span class='ocrx_word' id='word_1_175' title='bbox 373 1192 456 1228; x_wconf 91' lang='lat' dir='ltr'><strong>inde</strong></span> <span class='ocrx_word' id='word_1_176' title='bbox 481 1193 525 1228; x_wconf 90' lang='lat' dir='ltr'><strong>ad</strong></span> <span class='ocrx_word' id='word_1_177' title='bbox 550 1198 674 1229; x_wconf 90' lang='lat' dir='ltr'><strong>nostra</strong></span> <span class='ocrx_word' id='word_1_178' title='bbox 699 1205 814 1239; x_wconf 90' lang='lat' dir='ltr'><strong>usque</strong></span> <span class='ocrx_word' id='word_1_179' title='bbox 838 1200 999 1241; x_wconf 83' lang='lat' dir='ltr'><strong>tempora</strong></span> <span class='ocrx_word' id='word_1_180' title='bbox 1024 1200 1064 1231; x_wconf 90' lang='lat' dir='ltr'><strong>ut</strong></span> <span class='ocrx_word' id='word_1_181' title='bbox 1081 1206 1201 1231; x_wconf 89' lang='lat' dir='ltr'><strong>verum</strong></span> <span class='ocrx_word' id='word_1_182' title='bbox 1219 1200 1470 1231; x_wconf 83' lang='lat' dir='ltr'><strong>assumserunt</strong></span> <span class='ocrx_word' id='word_1_183' title='bbox 1494 1197 1689 1232; x_wconf 86' lang='lat' dir='ltr'><strong>astronomi</strong></span> <span class='ocrx_word' id='word_1_184' title='bbox 1718 1197 1847 1232; x_wconf 89' lang='lat' dir='ltr'><strong>sinceri</strong></span> <span class='ocrx_word' id='word_1_185' title='bbox 1863 1208 1928 1233; x_wconf 88' lang='lat' dir='ltr'><strong>nec</strong></span> 
     </span>
     <span class='ocr_line' id='line_1_19' title="bbox 133 1251 1928 1301; baseline 0.002 -14"><span class='ocrx_word' id='word_1_186' title='bbox 133 1252 303 1297; x_wconf 89' lang='lat' dir='ltr'><strong>opinione</strong></span> <span class='ocrx_word' id='word_1_187' title='bbox 329 1251 422 1288; x_wconf 88' lang='lat' dir='ltr'><strong>falsa</strong></span> <span class='ocrx_word' id='word_1_188' title='bbox 447 1252 483 1286; x_wconf 91' lang='lat' dir='ltr'><strong>in</strong></span> <span class='ocrx_word' id='word_1_189' title='bbox 508 1251 614 1286; x_wconf 88' lang='lat' dir='ltr'><strong>aliam</strong></span> <span class='ocrx_word' id='word_1_190' title='bbox 640 1252 732 1287; x_wconf 80' lang='lat' dir='ltr'><strong>viam</strong></span> <span class='ocrx_word' id='word_1_191' title='bbox 759 1252 911 1288; x_wconf 87' lang='lat' dir='ltr'><strong>deducti.</strong></span> <span class='ocrx_word' id='word_1_192' title='bbox 960 1254 1099 1288; x_wconf 90' lang='lat' dir='ltr'><strong>Motum</strong></span> <span class='ocrx_word' id='word_1_193' title='bbox 1124 1255 1256 1289; x_wconf 85' lang='lat' dir='ltr'><strong>Terrae</strong></span> <span class='ocrx_word' id='word_1_194' title='bbox 1289 1253 1415 1289; x_wconf 87' lang='lat' dir='ltr'><strong>tribuit</strong></span> <span class='ocrx_word' id='word_1_195' title='bbox 1448 1254 1683 1300; x_wconf 88' lang='lat' dir='ltr'><strong>triplicem</strong></span> <span class='ocrx_word' id='word_1_196' title='bbox 1711 1256 1928 1301; x_wconf 90' lang='lat' dir='ltr'><strong>Copernicus</strong></span> 
     </span>
     <span class='ocr_line' id='line_1_20' title="bbox 133 1310 1924 1359; baseline 0.002 -14"><span class='ocrx_word' id='word_1_197' title='bbox 133 1314 222 1356; x_wconf 86' lang='lat' dir='ltr'><strong>(cap.</strong></span> <span class='ocrx_word' id='word_1_198' title='bbox 251 1311 336 1354; x_wconf 89' lang='grc'><strong>11.),</strong></span> <span class='ocrx_word' id='word_1_199' title='bbox 376 1310 550 1355; x_wconf 87' lang='lat' dir='ltr'><strong>„primum</strong></span> <span class='ocrx_word' id='word_1_200' title='bbox 582 1314 855 1355; x_wconf 75' lang='grc' dir='ltr'><em>νυχθημερινον,</em></span> <span class='ocrx_word' id='word_1_201' title='bbox 895 1310 964 1346; x_wconf 88' lang='lat' dir='ltr'><strong>diei</strong></span> <span class='ocrx_word' id='word_1_202' title='bbox 996 1311 1186 1356; x_wconf 86' lang='lat' dir='ltr'><strong>noctisque</strong></span> <span class='ocrx_word' id='word_1_203' title='bbox 1218 1311 1405 1347; x_wconf 86' lang='lat' dir='ltr'><strong>circuitum</strong></span> <span class='ocrx_word' id='word_1_204' title='bbox 1438 1312 1623 1356; x_wconf 90' lang='lat' dir='ltr'><strong>proprium</strong></span> <span class='ocrx_word' id='word_1_205' title='bbox 1654 1313 1749 1349; x_wconf 88' lang='lat' dir='ltr'><strong>circa</strong></span> <span class='ocrx_word' id='word_1_206' title='bbox 1783 1318 1924 1359; x_wconf 81' lang='lat' dir='ltr'><strong>axem“;</strong></span> 
     </span>
     <span class='ocr_line' id='line_1_21' title="bbox 133 1369 1927 1413; baseline 0.002 -10"><span class='ocrx_word' id='word_1_207' title='bbox 133 1369 329 1404; x_wconf 86' lang='lat' dir='ltr'><strong>secundum</strong></span> <span class='ocrx_word' id='word_1_208' title='bbox 354 1375 490 1404; x_wconf 88' lang='lat' dir='ltr'><strong>motum</strong></span> <span class='ocrx_word' id='word_1_209' title='bbox 515 1369 626 1405; x_wconf 87' lang='lat' dir='ltr'><strong>centri</strong></span> <span class='ocrx_word' id='word_1_210' title='bbox 651 1380 810 1404; x_wconf 90' lang='lat' dir='ltr'><strong>annuum</strong></span> <span class='ocrx_word' id='word_1_211' title='bbox 835 1369 929 1404; x_wconf 89' lang='lat' dir='ltr'><strong>circa</strong></span> <span class='ocrx_word' id='word_1_212' title='bbox 955 1369 1085 1404; x_wconf 83' lang='lat' dir='ltr'><strong>Solem.</strong></span> <span class='ocrx_word' id='word_1_213' title='bbox 1135 1369 1279 1405; x_wconf 88' lang='lat' dir='ltr'><strong>Tertius</strong></span> <span class='ocrx_word' id='word_1_214' title='bbox 1312 1370 1444 1404; x_wconf 83' lang='lat' dir='ltr'><strong>Terrae</strong></span> <span class='ocrx_word' id='word_1_215' title='bbox 1477 1375 1594 1405; x_wconf 87' lang='lat' dir='ltr'><strong>motus</strong></span> <span class='ocrx_word' id='word_1_216' title='bbox 1628 1371 1757 1407; x_wconf 87' lang='lat' dir='ltr'><strong>dicitur</strong></span> <span class='ocrx_word' id='word_1_217' title='bbox 1789 1378 1927 1413; x_wconf 88' lang='lat' dir='ltr'><strong>„motus</strong></span> 
     </span>
     <span class='ocr_line' id='line_1_22' title="bbox 134 1427 1927 1474; baseline 0.002 -11"><span class='ocrx_word' id='word_1_218' title='bbox 134 1427 396 1471; x_wconf 81' lang='lat' dir='ltr'><strong>declinationis,</strong></span> <span class='ocrx_word' id='word_1_219' title='bbox 422 1431 548 1463; x_wconf 84' lang='lat' dir='ltr'><strong>contra</strong></span> <span class='ocrx_word' id='word_1_220' title='bbox 571 1431 706 1463; x_wconf 87' lang='lat' dir='ltr'><strong>motum</strong></span> <span class='ocrx_word' id='word_1_221' title='bbox 732 1427 847 1462; x_wconf 89' lang='lat' dir='ltr'><strong>centri</strong></span> <span class='ocrx_word' id='word_1_222' title='bbox 871 1437 990 1463; x_wconf 88' lang='lat' dir='ltr'><strong>annua</strong></span> <span class='ocrx_word' id='word_1_223' title='bbox 1015 1427 1238 1462; x_wconf 88' lang='lat' dir='ltr'><strong>revolutione</strong></span> <span class='ocrx_word' id='word_1_224' title='bbox 1256 1427 1480 1471; x_wconf 83' lang='lat' dir='ltr'><strong>reflectens“,</strong></span> <span class='ocrx_word' id='word_1_225' title='bbox 1508 1441 1578 1474; x_wconf 89' lang='lat' dir='ltr'><strong>quo</strong></span> <span class='ocrx_word' id='word_1_226' title='bbox 1597 1430 1773 1466; x_wconf 86' lang='lat' dir='ltr'><strong>efficiatur</strong></span> <span class='ocrx_word' id='word_1_227' title='bbox 1791 1431 1927 1466; x_wconf 88' lang='lat' dir='ltr'><strong>dierum</strong></span> 
     </span>
     <span class='ocr_line' id='line_1_23' title="bbox 132 1485 1926 1532; baseline 0.002 -12"><span class='ocrx_word' id='word_1_228' title='bbox 132 1490 169 1521; x_wconf 92' lang='lat' dir='ltr'><strong>et</strong></span> <span class='ocrx_word' id='word_1_229' title='bbox 192 1486 350 1521; x_wconf 91' lang='lat' dir='ltr'><strong>noctium</strong></span> <span class='ocrx_word' id='word_1_230' title='bbox 375 1486 613 1530; x_wconf 85' lang='lat' dir='ltr'><strong>inaequalitas</strong></span> <span class='ocrx_word' id='word_1_231' title='bbox 633 1490 669 1520; x_wconf 90' lang='lat' dir='ltr'><strong>et</strong></span> <span class='ocrx_word' id='word_1_232' title='bbox 686 1485 770 1521; x_wconf 88' lang='lat' dir='ltr'><strong>anni</strong></span> <span class='ocrx_word' id='word_1_233' title='bbox 787 1490 988 1530; x_wconf 89' lang='lat' dir='ltr'><strong>temporum</strong></span> <span class='ocrx_word' id='word_1_234' title='bbox 1008 1486 1205 1521; x_wconf 87' lang='lat' dir='ltr'><strong>diversitas.</strong></span> <span class='ocrx_word' id='word_1_235' title='bbox 1252 1486 1331 1527; x_wconf 74' lang='lat' dir='ltr'><strong>„Sic</strong></span> <span class='ocrx_word' id='word_1_236' title='bbox 1348 1486 1520 1521; x_wconf 90' lang='lat' dir='ltr'><strong>ambobus</strong></span> <span class='ocrx_word' id='word_1_237' title='bbox 1539 1487 1690 1522; x_wconf 87' lang='lat' dir='ltr'><strong>invicem</strong></span> <span class='ocrx_word' id='word_1_238' title='bbox 1716 1488 1926 1532; x_wconf 87' lang='lat' dir='ltr'><strong>aequalibus</strong></span> 
     </span>
     <span class='ocr_line' id='line_1_24' title="bbox 131 1543 1926 1590; baseline 0.001 -12"><span class='ocrx_word' id='word_1_239' title='bbox 131 1544 207 1579; x_wconf 88' lang='lat' dir='ltr'><strong>fere</strong></span> <span class='ocrx_word' id='word_1_240' title='bbox 232 1548 268 1578; x_wconf 87' lang='lat' dir='ltr'><strong>et</strong></span> <span class='ocrx_word' id='word_1_241' title='bbox 293 1543 405 1580; x_wconf 90' lang='lat' dir='ltr'><strong>obviis</strong></span> <span class='ocrx_word' id='word_1_242' title='bbox 430 1548 553 1579; x_wconf 90' lang='lat' dir='ltr'><strong>mutuo</strong></span> <span class='ocrx_word' id='word_1_243' title='bbox 579 1544 715 1588; x_wconf 87' lang='lat' dir='ltr'><strong>evenit,</strong></span> <span class='ocrx_word' id='word_1_244' title='bbox 750 1548 790 1578; x_wconf 93' lang='lat' dir='ltr'><strong>ut</strong></span> <span class='ocrx_word' id='word_1_245' title='bbox 820 1544 898 1579; x_wconf 86' lang='lat' dir='ltr'><strong>axis</strong></span> <span class='ocrx_word' id='word_1_246' title='bbox 925 1543 1057 1579; x_wconf 87' lang='lat' dir='ltr'><strong>Terrae</strong></span> <span class='ocrx_word' id='word_1_247' title='bbox 1083 1550 1119 1580; x_wconf 88' lang='lat' dir='ltr'><strong>et</strong></span> <span class='ocrx_word' id='word_1_248' title='bbox 1148 1545 1185 1580; x_wconf 90' lang='lat' dir='ltr'><strong>in</strong></span> <span class='ocrx_word' id='word_1_249' title='bbox 1210 1545 1288 1590; x_wconf 89' lang='lat' dir='ltr'><strong>ipso</strong></span> <span class='ocrx_word' id='word_1_250' title='bbox 1315 1545 1491 1580; x_wconf 76' lang='lat' dir='ltr'><strong>maximus</strong></span> <span class='ocrx_word' id='word_1_251' title='bbox 1526 1545 1779 1590; x_wconf 85' lang='lat' dir='ltr'><strong>parallelorum</strong></span> <span class='ocrx_word' id='word_1_252' title='bbox 1805 1546 1926 1590; x_wconf 88' lang='lat' dir='ltr'><strong>aequi-</strong></span> 
     </span>
     <span class='ocr_line' id='line_1_25' title="bbox 132 1601 1927 1649; baseline 0.003 -14"><span class='ocrx_word' id='word_1_253' title='bbox 132 1601 299 1637; x_wconf 88' lang='lat' dir='ltr'><strong>noctialis</strong></span> <span class='ocrx_word' id='word_1_254' title='bbox 332 1601 368 1636; x_wconf 92' lang='lat' dir='ltr'><strong>in</strong></span> <span class='ocrx_word' id='word_1_255' title='bbox 395 1601 543 1636; x_wconf 89' lang='lat' dir='ltr'><strong>eandem</strong></span> <span class='ocrx_word' id='word_1_256' title='bbox 577 1601 651 1637; x_wconf 90' lang='lat' dir='ltr'><strong>fere</strong></span> <span class='ocrx_word' id='word_1_257' title='bbox 681 1602 803 1638; x_wconf 89' lang='lat' dir='ltr'><strong>mundi</strong></span> <span class='ocrx_word' id='word_1_258' title='bbox 827 1606 967 1647; x_wconf 88' lang='lat' dir='ltr'><strong>partem</strong></span> <span class='ocrx_word' id='word_1_259' title='bbox 993 1607 1177 1649; x_wconf 89' lang='lat' dir='ltr'><strong>spectent,</strong></span> <span class='ocrx_word' id='word_1_260' title='bbox 1213 1604 1362 1649; x_wconf 87' lang='lat' dir='ltr'><strong>perinde</strong></span> <span class='ocrx_word' id='word_1_261' title='bbox 1386 1615 1429 1639; x_wconf 88' lang='lat' dir='ltr'><strong>ac</strong></span> <span class='ocrx_word' id='word_1_262' title='bbox 1452 1605 1482 1638; x_wconf 90' lang='lat' dir='ltr'><strong>si</strong></span> <span class='ocrx_word' id='word_1_263' title='bbox 1506 1604 1704 1640; x_wconf 87' lang='lat' dir='ltr'><strong>immobiles</strong></span> <span class='ocrx_word' id='word_1_264' title='bbox 1729 1609 1927 1642; x_wconf 84' lang='lat' dir='ltr'><strong>manerent.</strong></span> 
     </span>
     <span class='ocr_line' id='line_1_26' title="bbox 132 1659 1927 1705; baseline 0.003 -11"><span class='ocrx_word' id='word_1_265' title='bbox 132 1660 256 1695; x_wconf 87' lang='lat' dir='ltr'><strong>Motus</strong></span> <span class='ocrx_word' id='word_1_266' title='bbox 280 1659 340 1695; x_wconf 88' lang='lat' dir='ltr'><strong>ille</strong></span> <span class='ocrx_word' id='word_1_267' title='bbox 364 1660 459 1696; x_wconf 86' lang='lat' dir='ltr'><strong>circa</strong></span> <span class='ocrx_word' id='word_1_268' title='bbox 483 1671 587 1695; x_wconf 85' lang='lat' dir='ltr'><strong>axem</strong></span> <span class='ocrx_word' id='word_1_269' title='bbox 613 1660 838 1705; x_wconf 84' lang='lat' dir='ltr'><strong>superficiem</strong></span> <span class='ocrx_word' id='word_1_270' title='bbox 863 1660 1010 1697; x_wconf 88' lang='lat' dir='ltr'><strong>insumit</strong></span> <span class='ocrx_word' id='word_1_271' title='bbox 1035 1662 1210 1704; x_wconf 88' lang='lat' dir='ltr'><strong>conicam,</strong></span> <span class='ocrx_word' id='word_1_272' title='bbox 1242 1663 1278 1697; x_wconf 92' lang='lat' dir='ltr'><strong>in</strong></span> <span class='ocrx_word' id='word_1_273' title='bbox 1310 1666 1431 1698; x_wconf 89' lang='lat' dir='ltr'><strong>centro</strong></span> <span class='ocrx_word' id='word_1_274' title='bbox 1457 1662 1590 1697; x_wconf 83' lang='lat' dir='ltr'><strong>Terrae</strong></span> <span class='ocrx_word' id='word_1_275' title='bbox 1614 1663 1804 1699; x_wconf 89' lang='lat' dir='ltr'><strong>habentem</strong></span> <span class='ocrx_word' id='word_1_276' title='bbox 1828 1664 1927 1700; x_wconf 88' lang='lat' dir='ltr'><strong>fasti-</strong></span> 
     </span>
     <span class='ocr_line' id='line_1_27' title="bbox 134 1717 1926 1766; baseline 0.004 -16"><span class='ocrx_word' id='word_1_277' title='bbox 134 1717 242 1761; x_wconf 87' lang='lat' dir='ltr'><strong>gium,</strong></span> <span class='ocrx_word' id='word_1_278' title='bbox 268 1717 371 1753; x_wconf 88' lang='lat' dir='ltr'><strong>basin</strong></span> <span class='ocrx_word' id='word_1_279' title='bbox 395 1728 478 1753; x_wconf 81' lang='lat' dir='ltr'><strong>vero</strong></span> <span class='ocrx_word' id='word_1_280' title='bbox 505 1718 678 1755; x_wconf 88' lang='lat' dir='ltr'><strong>circulum</strong></span> <span class='ocrx_word' id='word_1_281' title='bbox 695 1718 948 1763; x_wconf 89' lang='lat' dir='ltr'><strong>aequinoctiali</strong></span> <span class='ocrx_word' id='word_1_282' title='bbox 965 1719 1191 1764; x_wconf 85' lang='lat' dir='ltr'><strong>parallelum.</strong></span> <span class='ocrx_word' id='word_1_283' title='bbox 1233 1720 1338 1755; x_wconf 89' lang='lat' dir='ltr'><strong>Patet</strong></span> <span class='ocrx_word' id='word_1_284' title='bbox 1355 1720 1473 1764; x_wconf 82' lang='lat' dir='ltr'><strong>igitur,</strong></span> <span class='ocrx_word' id='word_1_285' title='bbox 1500 1721 1678 1766; x_wconf 91' lang='lat' dir='ltr'><strong>quomodo</strong></span> <span class='ocrx_word' id='word_1_286' title='bbox 1698 1727 1926 1758; x_wconf 87' lang='lat' dir='ltr'><strong>occurrentes</strong></span> 
     </span>
     <span class='ocr_line' id='line_1_28' title="bbox 132 1775 1926 1823; baseline 0.003 -14"><span class='ocrx_word' id='word_1_287' title='bbox 132 1775 284 1810; x_wconf 89' lang='lat' dir='ltr'><strong>invicem</strong></span> <span class='ocrx_word' id='word_1_288' title='bbox 316 1776 391 1812; x_wconf 90' lang='lat' dir='ltr'><strong>bini</strong></span> <span class='ocrx_word' id='word_1_289' title='bbox 421 1781 558 1822; x_wconf 82' lang='lat' dir='ltr'><strong>motuS,</strong></span> <span class='ocrx_word' id='word_1_290' title='bbox 594 1777 708 1812; x_wconf 91' lang='lat' dir='ltr'><strong>centri</strong></span> <span class='ocrx_word' id='word_1_291' title='bbox 735 1777 879 1822; x_wconf 89' lang='lat' dir='ltr'><strong>inquam</strong></span> <span class='ocrx_word' id='word_1_292' title='bbox 912 1782 948 1813; x_wconf 86' lang='lat' dir='ltr'><strong>et</strong></span> <span class='ocrx_word' id='word_1_293' title='bbox 976 1777 1233 1822; x_wconf 85' lang='lat' dir='ltr'><strong>inclinationis,</strong></span> <span class='ocrx_word' id='word_1_294' title='bbox 1266 1783 1399 1823; x_wconf 89' lang='lat' dir='ltr'><strong>cogunt</strong></span> <span class='ocrx_word' id='word_1_295' title='bbox 1432 1788 1535 1813; x_wconf 80' lang='lat' dir='ltr'><strong>axem</strong></span> <span class='ocrx_word' id='word_1_296' title='bbox 1566 1778 1702 1814; x_wconf 89' lang='lat' dir='ltr'><strong>Terrae</strong></span> <span class='ocrx_word' id='word_1_297' title='bbox 1733 1779 1770 1814; x_wconf 89' lang='lat' dir='ltr'><strong>in</strong></span> <span class='ocrx_word' id='word_1_298' title='bbox 1801 1779 1926 1815; x_wconf 90' lang='lat' dir='ltr'><strong>eodem</strong></span> 
     </span>
     <span class='ocr_line' id='line_1_29' title="bbox 133 1832 1925 1881; baseline 0.004 -15"><span class='ocrx_word' id='word_1_299' title='bbox 133 1832 346 1868; x_wconf 87' lang='lat' dir='ltr'><strong>libramento</strong></span> <span class='ocrx_word' id='word_1_300' title='bbox 372 1845 516 1869; x_wconf 88' lang='lat' dir='ltr'><strong>manere</strong></span> <span class='ocrx_word' id='word_1_301' title='bbox 541 1845 583 1870; x_wconf 88' lang='lat' dir='ltr'><strong>ac</strong></span> <span class='ocrx_word' id='word_1_302' title='bbox 608 1835 789 1879; x_wconf 88' lang='lat' dir='ltr'><strong>positione</strong></span> <span class='ocrx_word' id='word_1_303' title='bbox 816 1835 993 1871; x_wconf 90' lang='lat' dir='ltr'><strong>consimili</strong></span> <span class='ocrx_word' id='word_1_304' title='bbox 1011 1840 1047 1871; x_wconf 83' lang='lat' dir='ltr'><strong>et</strong></span> <span class='ocrx_word' id='word_1_305' title='bbox 1064 1846 1238 1881; x_wconf 85' lang='lat' dir='ltr'><strong>apparere</strong></span> <span class='ocrx_word' id='word_1_306' title='bbox 1256 1837 1384 1880; x_wconf 91' lang='lat' dir='ltr'><strong>omnia,</strong></span> <span class='ocrx_word' id='word_1_307' title='bbox 1410 1836 1511 1880; x_wconf 86' lang='lat' dir='ltr'><strong>quasi</strong></span> <span class='ocrx_word' id='word_1_308' title='bbox 1531 1836 1601 1871; x_wconf 89' lang='lat' dir='ltr'><strong>sint</strong></span> <span class='ocrx_word' id='word_1_309' title='bbox 1618 1836 1753 1871; x_wconf 89' lang='lat' dir='ltr'><strong>solares</strong></span> <span class='ocrx_word' id='word_1_310' title='bbox 1770 1840 1925 1873; x_wconf 90' lang='lat' dir='ltr'><strong>motus“.</strong></span> 
     </span>
     <span class='ocr_line' id='line_1_30' title="bbox 132 1890 1927 1939; baseline 0.003 -14"><span class='ocrx_word' id='word_1_311' title='bbox 132 1890 237 1925; x_wconf 89' lang='lat' dir='ltr'><strong>Hunc</strong></span> <span class='ocrx_word' id='word_1_312' title='bbox 261 1891 407 1926; x_wconf 88' lang='lat' dir='ltr'><strong>tertium</strong></span> <span class='ocrx_word' id='word_1_313' title='bbox 426 1892 557 1928; x_wconf 87' lang='lat' dir='ltr'><strong>Terrae</strong></span> <span class='ocrx_word' id='word_1_314' title='bbox 582 1898 717 1928; x_wconf 91' lang='lat' dir='ltr'><strong>motum</strong></span> <span class='ocrx_word' id='word_1_315' title='bbox 736 1893 1020 1937; x_wconf 90' lang='lat' dir='ltr'><strong>Copernicanum</strong></span> <span class='ocrx_word' id='word_1_316' title='bbox 1045 1893 1223 1937; x_wconf 87' lang='lat' dir='ltr'><strong>Keplerus</strong></span> <span class='ocrx_word' id='word_1_317' title='bbox 1250 1894 1295 1928; x_wconf 92' lang='lat' dir='ltr'><strong>ad</strong></span> <span class='ocrx_word' id='word_1_318' title='bbox 1319 1904 1397 1929; x_wconf 90' lang='lat' dir='ltr'><strong>eam</strong></span> <span class='ocrx_word' id='word_1_319' title='bbox 1414 1894 1568 1936; x_wconf 82' lang='lat' dir='ltr'><strong>reduxit,</strong></span> <span class='ocrx_word' id='word_1_320' title='bbox 1595 1905 1686 1939; x_wconf 88' lang='lat' dir='ltr'><strong>quae</strong></span> <span class='ocrx_word' id='word_1_321' title='bbox 1704 1905 1742 1929; x_wconf 91' lang='lat' dir='ltr'><strong>re</strong></span> <span class='ocrx_word' id='word_1_322' title='bbox 1759 1906 1844 1931; x_wconf 85' lang='lat' dir='ltr'><strong>vera</strong></span> <span class='ocrx_word' id='word_1_323' title='bbox 1861 1900 1927 1938; x_wconf 88' lang='lat' dir='ltr'><strong>est,</strong></span> 
     </span>
     <span class='ocr_line' id='line_1_31' title="bbox 131 1948 1928 1998; baseline 0.003 -16"><span class='ocrx_word' id='word_1_324' title='bbox 131 1948 413 1985; x_wconf 90' lang='lat' dir='ltr'><strong>immobilitatem</strong></span> <span class='ocrx_word' id='word_1_325' title='bbox 431 1950 533 1995; x_wconf 88' lang='lat' dir='ltr'><strong>quasi</strong></span> <span class='ocrx_word' id='word_1_326' title='bbox 550 1951 627 1986; x_wconf 77' lang='lat' dir='ltr'><strong>axis</strong></span> <span class='ocrx_word' id='word_1_327' title='bbox 644 1961 708 1996; x_wconf 90' lang='lat' dir='ltr'><strong>per</strong></span> <span class='ocrx_word' id='word_1_328' title='bbox 727 1949 912 1986; x_wconf 90' lang='lat' dir='ltr'><strong>circuitum</strong></span> <span class='ocrx_word' id='word_1_329' title='bbox 928 1961 1095 1990; x_wconf 84' lang='lat' dir='ltr'><strong>annuum,</strong></span> <span class='ocrx_word' id='word_1_330' title='bbox 1113 1950 1273 1987; x_wconf 86' lang='lat' dir='ltr'><strong>inclinati</strong></span> <span class='ocrx_word' id='word_1_331' title='bbox 1289 1952 1334 1987; x_wconf 88' lang='lat' dir='ltr'><strong>ad</strong></span> <span class='ocrx_word' id='word_1_332' title='bbox 1353 1951 1564 1997; x_wconf 83' lang='lat' dir='ltr'><strong>eclipticam,</strong></span> <span class='ocrx_word' id='word_1_333' title='bbox 1583 1962 1757 1997; x_wconf 81' lang='lat' dir='ltr'><strong>axemque</strong></span> <span class='ocrx_word' id='word_1_334' title='bbox 1775 1953 1842 1989; x_wconf 90' lang='lat' dir='ltr'><strong>sibi</strong></span> <span class='ocrx_word' id='word_1_335' title='bbox 1858 1953 1928 1998; x_wconf 91' lang='lat' dir='ltr'><strong>ipsi</strong></span> 
     </span>
     <span class='ocr_line' id='line_1_32' title="bbox 135 2006 1925 2055; baseline 0.003 -15"><span class='ocrx_word' id='word_1_336' title='bbox 135 2016 276 2052; x_wconf 90' lang='lat' dir='ltr'><strong>semper</strong></span> <span class='ocrx_word' id='word_1_337' title='bbox 299 2006 514 2052; x_wconf 87' lang='lat' dir='ltr'><strong>parallelum</strong></span> <span class='ocrx_word' id='word_1_338' title='bbox 538 2014 740 2044; x_wconf 88' lang='lat' dir='ltr'><strong>manentem</strong></span> <span class='ocrx_word' id='word_1_339' title='bbox 767 2011 823 2052; x_wconf 77' lang='lat' dir='ltr'><strong>(ut</strong></span> <span class='ocrx_word' id='word_1_340' title='bbox 846 2008 904 2043; x_wconf 89' lang='lat' dir='ltr'><strong>hic</strong></span> <span class='ocrx_word' id='word_1_341' title='bbox 929 2008 1237 2053; x_wconf 87' lang='lat' dir='ltr'><strong>aequinoctiorum</strong></span> <span class='ocrx_word' id='word_1_342' title='bbox 1261 2009 1548 2055; x_wconf 88' lang='lat' dir='ltr'><strong>praecessionem</strong></span> <span class='ocrx_word' id='word_1_343' title='bbox 1572 2010 1742 2045; x_wconf 87' lang='lat' dir='ltr'><strong>intactam</strong></span> <span class='ocrx_word' id='word_1_344' title='bbox 1768 2015 1925 2055; x_wconf 90' lang='lat' dir='ltr'><strong>praeter-</strong></span> 
     </span>
     <span class='ocr_line' id='line_1_33' title="bbox 133 2064 340 2111; baseline 0.019 -13"><span class='ocrx_word' id='word_1_345' title='bbox 133 2064 340 2111; x_wconf 88' lang='lat' dir='ltr'><strong>mittamus).</strong></span> 
     </span>
    </p>

    <p class='ocr_par' dir='ltr' id='par_1_5' title="bbox 131 2123 1926 2226">
     <span class='ocr_line' id='line_1_34' title="bbox 272 2123 1926 2172; baseline 0.002 -13"><span class='ocrx_word' id='word_1_346' title='bbox 272 2123 455 2169; x_wconf 89' lang='lat' dir='ltr'><strong>Capitibus</strong></span> <span class='ocrx_word' id='word_1_347' title='bbox 480 2125 536 2161; x_wconf 82' lang='lat'><strong>12.</strong></span> <span class='ocrx_word' id='word_1_348' title='bbox 558 2125 612 2162; x_wconf 87' lang='lat'><strong>13.</strong></span> <span class='ocrx_word' id='word_1_349' title='bbox 640 2125 721 2161; x_wconf 90' lang='lat' dir='ltr'><strong>libri</strong></span> <span class='ocrx_word' id='word_1_350' title='bbox 739 2125 767 2160; x_wconf 93' lang='grc' dir='ltr'><strong>Ι.</strong></span> <span class='ocrx_word' id='word_1_351' title='bbox 798 2125 968 2170; x_wconf 88' lang='lat' dir='ltr'><strong>proponit</strong></span> <span class='ocrx_word' id='word_1_352' title='bbox 994 2125 1214 2171; x_wconf 87' lang='lat' dir='ltr'><strong>Copernicus</strong></span> <span class='ocrx_word' id='word_1_353' title='bbox 1240 2125 1439 2162; x_wconf 88' lang='lat' dir='ltr'><strong>doctrinam</strong></span> <span class='ocrx_word' id='word_1_354' title='bbox 1463 2126 1722 2170; x_wconf 88' lang='lat' dir='ltr'><strong>triangulorum</strong></span> <span class='ocrx_word' id='word_1_355' title='bbox 1739 2127 1926 2172; x_wconf 88' lang='lat' dir='ltr'><strong>planorum</strong></span> 
     </span>
     <span class='ocr_line' id='line_1_35' title="bbox 131 2180 930 2226; baseline 0.001 -10"><span class='ocrx_word' id='word_1_356' title='bbox 131 2185 168 2216; x_wconf 89' lang='lat' dir='ltr'><strong>et</strong></span> <span class='ocrx_word' id='word_1_357' title='bbox 193 2180 460 2226; x_wconf 84' lang='lat' dir='ltr'><strong>sphaericorum</strong></span> <span class='ocrx_word' id='word_1_358' title='bbox 484 2183 605 2220; x_wconf 87' lang='lat' dir='ltr'><strong>addita</strong></span> <span class='ocrx_word' id='word_1_359' title='bbox 629 2183 753 2219; x_wconf 86' lang='lat' dir='ltr'><strong>tabula</strong></span> <span class='ocrx_word' id='word_1_360' title='bbox 777 2183 930 2218; x_wconf 90' lang='lat' dir='ltr'><strong>sinuum.</strong></span> 
     </span>
    </p>

    <p class='ocr_par' dir='ltr' id='par_1_6' title="bbox 133 2239 1926 3106">
     <span class='ocr_line' id='line_1_36' title="bbox 270 2239 1925 2288; baseline 0.004 -14"><span class='ocrx_word' id='word_1_361' title='bbox 270 2239 406 2276; x_wconf 92' lang='lat' dir='ltr'><strong>Libro</strong></span> <span class='ocrx_word' id='word_1_362' title='bbox 431 2241 485 2277; x_wconf 90' lang='lat' dir='ltr'><strong>II.</strong></span> <span class='ocrx_word' id='word_1_363' title='bbox 518 2242 759 2278; x_wconf 86' lang='lat' dir='ltr'><strong>astronomiae</strong></span> <span class='ocrx_word' id='word_1_364' title='bbox 790 2240 1000 2286; x_wconf 87' lang='lat' dir='ltr'><strong>sphaericae</strong></span> <span class='ocrx_word' id='word_1_365' title='bbox 1031 2241 1166 2285; x_wconf 80' lang='lat' dir='ltr'><strong>dicato,</strong></span> <span class='ocrx_word' id='word_1_366' title='bbox 1202 2242 1409 2285; x_wconf 88' lang='lat' dir='ltr'><strong>praemissis</strong></span> <span class='ocrx_word' id='word_1_367' title='bbox 1445 2244 1540 2288; x_wconf 91' lang='lat' dir='ltr'><strong>(cap.</strong></span> <span class='ocrx_word' id='word_1_368' title='bbox 1571 2245 1618 2288; x_wconf 87' lang='lat'><strong>1.)</strong></span> <span class='ocrx_word' id='word_1_369' title='bbox 1658 2244 1925 2280; x_wconf 87' lang='lat' dir='ltr'><strong>definitionibus</strong></span> 
     </span>
     <span class='ocr_line' id='line_1_37' title="bbox 134 2297 1926 2346; baseline 0.002 -14"><span class='ocrx_word' id='word_1_370' title='bbox 134 2297 348 2334; x_wconf 88' lang='lat' dir='ltr'><strong>circulorum</strong></span> <span class='ocrx_word' id='word_1_371' title='bbox 371 2299 408 2333; x_wconf 92' lang='lat' dir='ltr'><strong>in</strong></span> <span class='ocrx_word' id='word_1_372' title='bbox 433 2299 605 2344; x_wconf 88' lang='lat' dir='ltr'><strong>sphaera,</strong></span> <span class='ocrx_word' id='word_1_373' title='bbox 640 2300 716 2336; x_wconf 83' lang='lat' dir='ltr'><strong>adit</strong></span> <span class='ocrx_word' id='word_1_374' title='bbox 743 2300 961 2344; x_wconf 89' lang='lat' dir='ltr'><strong>Copernicus</strong></span> <span class='ocrx_word' id='word_1_375' title='bbox 999 2299 1185 2344; x_wconf 90' lang='lat' dir='ltr'><strong>eclipticae</strong></span> <span class='ocrx_word' id='word_1_376' title='bbox 1217 2299 1464 2344; x_wconf 89' lang='lat' dir='ltr'><strong>obliquitatem</strong></span> <span class='ocrx_word' id='word_1_377' title='bbox 1491 2302 1588 2345; x_wconf 88' lang='lat' dir='ltr'><strong>(cap.</strong></span> <span class='ocrx_word' id='word_1_378' title='bbox 1614 2301 1684 2344; x_wconf 84' lang='lat'><strong>2.)‚</strong></span> <span class='ocrx_word' id='word_1_379' title='bbox 1719 2301 1822 2336; x_wconf 87' lang='lat' dir='ltr'><strong>docet</strong></span> <span class='ocrx_word' id='word_1_380' title='bbox 1856 2312 1926 2346; x_wconf 85' lang='lat' dir='ltr'><strong>qua</strong></span> 
     </span>
     <span class='ocr_line' id='line_1_38' title="bbox 134 2356 1926 2402; baseline 0.003 -13"><span class='ocrx_word' id='word_1_381' title='bbox 134 2356 270 2392; x_wconf 90' lang='lat' dir='ltr'><strong>ratione</strong></span> <span class='ocrx_word' id='word_1_382' title='bbox 294 2356 356 2392; x_wconf 89' lang='lat' dir='ltr'><strong>illa</strong></span> <span class='ocrx_word' id='word_1_383' title='bbox 381 2358 584 2393; x_wconf 88' lang='lat' dir='ltr'><strong>inveniatur</strong></span> <span class='ocrx_word' id='word_1_384' title='bbox 608 2357 735 2402; x_wconf 91' lang='lat' dir='ltr'><strong>hisque</strong></span> <span class='ocrx_word' id='word_1_385' title='bbox 759 2357 849 2393; x_wconf 91' lang='lat' dir='ltr'><strong>haec</strong></span> <span class='ocrx_word' id='word_1_386' title='bbox 874 2357 1077 2402; x_wconf 83' lang='lat' dir='ltr'><strong>subjungit:</strong></span> <span class='ocrx_word' id='word_1_387' title='bbox 1104 2357 1332 2392; x_wconf 86' lang='lat' dir='ltr'><strong>Ptolemaeus</strong></span> <span class='ocrx_word' id='word_1_388' title='bbox 1357 2358 1466 2402; x_wconf 89' lang='lat' dir='ltr'><strong>igitur</strong></span> <span class='ocrx_word' id='word_1_389' title='bbox 1490 2358 1716 2393; x_wconf 86' lang='lat' dir='ltr'><strong>intervallum</strong></span> <span class='ocrx_word' id='word_1_390' title='bbox 1742 2359 1810 2394; x_wconf 90' lang='lat' dir='ltr'><strong>hoc</strong></span> <span class='ocrx_word' id='word_1_391' title='bbox 1834 2361 1926 2394; x_wconf 90' lang='lat' dir='ltr'><strong>inter</strong></span> 
     </span>
     <span class='ocr_line' id='line_1_39' title="bbox 136 2413 1926 2462; baseline 0.003 -15"><span class='ocrx_word' id='word_1_392' title='bbox 136 2413 284 2449; x_wconf 89' lang='lat' dir='ltr'><strong>limitem</strong></span> <span class='ocrx_word' id='word_1_393' title='bbox 308 2415 460 2451; x_wconf 89' lang='lat' dir='ltr'><strong>boreum</strong></span> <span class='ocrx_word' id='word_1_394' title='bbox 487 2421 523 2451; x_wconf 89' lang='lat' dir='ltr'><strong>et</strong></span> <span class='ocrx_word' id='word_1_395' title='bbox 548 2417 747 2452; x_wconf 91' lang='lat' dir='ltr'><strong>austrinum</strong></span> <span class='ocrx_word' id='word_1_396' title='bbox 772 2416 1011 2462; x_wconf 89' lang='lat' dir='ltr'><strong>deprehendit</strong></span> <span class='ocrx_word' id='word_1_397' title='bbox 1037 2418 1101 2452; x_wconf 71' lang='lat'><strong>47⁰</strong></span> <span class='ocrx_word' id='word_1_398' title='bbox 1127 2417 1184 2451; x_wconf 69' lang='lat'><strong>4⁴2¹</strong></span> <span class='ocrx_word' id='word_1_399' title='bbox 1209 2417 1294 2457; x_wconf 74' lang='lat'><strong>40¹¹,</strong></span> <span class='ocrx_word' id='word_1_400' title='bbox 1320 2415 1503 2452; x_wconf 88' lang='lat' dir='ltr'><strong>dimidium</strong></span> <span class='ocrx_word' id='word_1_401' title='bbox 1527 2418 1591 2452; x_wconf 84' lang='lat'><strong>230</strong></span> <span class='ocrx_word' id='word_1_402' title='bbox 1616 2419 1671 2453; x_wconf 74' lang='lat'><strong>51¹</strong></span> <span class='ocrx_word' id='word_1_403' title='bbox 1697 2419 1776 2454; x_wconf 84' lang='lat'><em>20¹¹.</em></span> <span class='ocrx_word' id='word_1_404' title='bbox 1821 2419 1926 2460; x_wconf 82' lang='lat' dir='ltr'><strong>„Exi-</strong></span> 
     </span>
     <span class='ocr_line' id='line_1_40' title="bbox 136 2472 1926 2520; baseline 0.003 -14"><span class='ocrx_word' id='word_1_405' title='bbox 136 2472 294 2508; x_wconf 85' lang='lat' dir='ltr'><strong>stimavit</strong></span> <span class='ocrx_word' id='word_1_406' title='bbox 316 2473 560 2519; x_wconf 86' lang='lat' dir='ltr'><strong>Ptolemaeus,</strong></span> <span class='ocrx_word' id='word_1_407' title='bbox 585 2474 844 2509; x_wconf 88' lang='lat' dir='ltr'><strong>invariabiliter</strong></span> <span class='ocrx_word' id='word_1_408' title='bbox 870 2474 920 2510; x_wconf 88' lang='lat' dir='ltr'><strong>sic</strong></span> <span class='ocrx_word' id='word_1_409' title='bbox 945 2485 984 2509; x_wconf 91' lang='lat' dir='ltr'><strong>se</strong></span> <span class='ocrx_word' id='word_1_410' title='bbox 1009 2474 1141 2509; x_wconf 88' lang='lat' dir='ltr'><strong>habere</strong></span> <span class='ocrx_word' id='word_1_411' title='bbox 1167 2478 1202 2509; x_wconf 90' lang='lat' dir='ltr'><strong>et</strong></span> <span class='ocrx_word' id='word_1_412' title='bbox 1226 2485 1498 2518; x_wconf 86' lang='lat' dir='ltr'><strong>permansurum</strong></span> <span class='ocrx_word' id='word_1_413' title='bbox 1524 2485 1675 2520; x_wconf 90' lang='lat' dir='ltr'><strong>semper.</strong></span> <span class='ocrx_word' id='word_1_414' title='bbox 1725 2477 1856 2511; x_wconf 80' lang='lat' dir='ltr'><strong>Verum</strong></span> <span class='ocrx_word' id='word_1_415' title='bbox 1880 2478 1926 2511; x_wconf 90' lang='lat' dir='ltr'><strong>ab</strong></span> 
     </span>
     <span class='ocr_line' id='line_1_41' title="bbox 133 2532 1925 2578; baseline 0.002 -13"><span class='ocrx_word' id='word_1_416' title='bbox 133 2541 176 2566; x_wconf 91' lang='lat' dir='ltr'><strong>eo</strong></span> <span class='ocrx_word' id='word_1_417' title='bbox 201 2536 362 2575; x_wconf 89' lang='lat' dir='ltr'><strong>tempore</strong></span> <span class='ocrx_word' id='word_1_418' title='bbox 384 2532 613 2568; x_wconf 89' lang='lat' dir='ltr'><strong>inveniuntur</strong></span> <span class='ocrx_word' id='word_1_419' title='bbox 637 2533 727 2568; x_wconf 91' lang='lat' dir='ltr'><strong>haec</strong></span> <span class='ocrx_word' id='word_1_420' title='bbox 753 2532 921 2568; x_wconf 89' lang='lat' dir='ltr'><strong>continuo</strong></span> <span class='ocrx_word' id='word_1_421' title='bbox 948 2533 1149 2568; x_wconf 89' lang='lat' dir='ltr'><strong>decrevisse</strong></span> <span class='ocrx_word' id='word_1_422' title='bbox 1175 2533 1219 2568; x_wconf 90' lang='lat' dir='ltr'><strong>ad</strong></span> <span class='ocrx_word' id='word_1_423' title='bbox 1238 2543 1302 2567; x_wconf 91' lang='lat' dir='ltr'><strong>nos</strong></span> <span class='ocrx_word' id='word_1_424' title='bbox 1328 2543 1455 2577; x_wconf 85' lang='lat' dir='ltr'><strong>usque.</strong></span> <span class='ocrx_word' id='word_1_425' title='bbox 1490 2534 1647 2578; x_wconf 87' lang='lat' dir='ltr'><strong>Reperta</strong></span> <span class='ocrx_word' id='word_1_426' title='bbox 1664 2537 1720 2570; x_wconf 91' lang='lat' dir='ltr'><strong>est</strong></span> <span class='ocrx_word' id='word_1_427' title='bbox 1744 2534 1835 2568; x_wconf 90' lang='lat' dir='ltr'><strong>enim</strong></span> <span class='ocrx_word' id='word_1_428' title='bbox 1851 2534 1925 2578; x_wconf 85' lang='lat' dir='ltr'><strong>jam</strong></span> 
     </span>
     <span class='ocr_line' id='line_1_42' title="bbox 135 2589 1925 2636; baseline 0 -10"><span class='ocrx_word' id='word_1_429' title='bbox 135 2602 156 2626; x_wconf 93' lang='lat' dir='ltr'><strong>a</strong></span> <span class='ocrx_word' id='word_1_430' title='bbox 180 2590 284 2625; x_wconf 90' lang='lat' dir='ltr'><strong>nobis</strong></span> <span class='ocrx_word' id='word_1_431' title='bbox 308 2594 345 2624; x_wconf 86' lang='lat' dir='ltr'><strong>et</strong></span> <span class='ocrx_word' id='word_1_432' title='bbox 370 2589 450 2625; x_wconf 87' lang='lat' dir='ltr'><strong>aliis</strong></span> <span class='ocrx_word' id='word_1_433' title='bbox 477 2589 692 2633; x_wconf 88' lang='lat' dir='ltr'><strong>quibusdam</strong></span> <span class='ocrx_word' id='word_1_434' title='bbox 718 2591 921 2627; x_wconf 87' lang='lat' dir='ltr'><strong>coaetaneis</strong></span> <span class='ocrx_word' id='word_1_435' title='bbox 947 2591 1079 2627; x_wconf 84' lang='lat' dir='ltr'><strong>nostris</strong></span> <span class='ocrx_word' id='word_1_436' title='bbox 1106 2591 1276 2627; x_wconf 88' lang='lat' dir='ltr'><strong>distantia</strong></span> <span class='ocrx_word' id='word_1_437' title='bbox 1300 2592 1519 2636; x_wconf 88' lang='lat' dir='ltr'><strong>tropicorum</strong></span> <span class='ocrx_word' id='word_1_438' title='bbox 1536 2592 1600 2628; x_wconf 75' lang='lat'><strong>46⁰</strong></span> <span class='ocrx_word' id='word_1_439' title='bbox 1625 2594 1681 2627; x_wconf 74' lang='lat'><strong>57¹</strong></span> <span class='ocrx_word' id='word_1_440' title='bbox 1704 2592 1779 2627; x_wconf 88' lang='lat' dir='ltr'><strong>fere</strong></span> <span class='ocrx_word' id='word_1_441' title='bbox 1805 2597 1841 2626; x_wconf 87' lang='lat' dir='ltr'><strong>et</strong></span> <span class='ocrx_word' id='word_1_442' title='bbox 1865 2603 1925 2627; x_wconf 83' lang='lat' dir='ltr'><strong>an-</strong></span> 
     </span>
     <span class='ocr_line' id='line_1_43' title="bbox 135 2647 1925 2695; baseline 0.001 -12"><span class='ocrx_word' id='word_1_443' title='bbox 135 2648 240 2694; x_wconf 86' lang='lat' dir='ltr'><strong>gulus</strong></span> <span class='ocrx_word' id='word_1_444' title='bbox 266 2647 435 2684; x_wconf 86' lang='lat' dir='ltr'><strong>sectionis</strong></span> <span class='ocrx_word' id='word_1_445' title='bbox 460 2648 524 2683; x_wconf 81' lang='lat'><strong>23⁰</strong></span> <span class='ocrx_word' id='word_1_446' title='bbox 548 2648 640 2694; x_wconf 58' lang='lat'><strong>283¹,</strong></span> <span class='ocrx_word' id='word_1_447' title='bbox 668 2653 705 2683; x_wconf 90' lang='lat' dir='ltr'><strong>ut</strong></span> <span class='ocrx_word' id='word_1_448' title='bbox 731 2650 819 2684; x_wconf 88' lang='lat' dir='ltr'><strong>satis</strong></span> <span class='ocrx_word' id='word_1_449' title='bbox 840 2649 914 2693; x_wconf 87' lang='lat' dir='ltr'><strong>jam</strong></span> <span class='ocrx_word' id='word_1_450' title='bbox 939 2653 1073 2695; x_wconf 85' lang='lat' dir='ltr'><strong>pateat,</strong></span> <span class='ocrx_word' id='word_1_451' title='bbox 1098 2648 1265 2685; x_wconf 91' lang='lat' dir='ltr'><strong>mobilem</strong></span> <span class='ocrx_word' id='word_1_452' title='bbox 1292 2659 1371 2684; x_wconf 90' lang='lat' dir='ltr'><strong>esse</strong></span> <span class='ocrx_word' id='word_1_453' title='bbox 1396 2650 1502 2684; x_wconf 86' lang='lat' dir='ltr'><strong>etiam</strong></span> <span class='ocrx_word' id='word_1_454' title='bbox 1528 2649 1687 2695; x_wconf 82' lang='lat' dir='ltr'><strong>signiferi</strong></span> <span class='ocrx_word' id='word_1_455' title='bbox 1713 2649 1925 2693; x_wconf 86' lang='lat' dir='ltr'><strong>obliquatio-</strong></span> 
     </span>
     <span class='ocr_line' id='line_1_44' title="bbox 134 2706 1924 2752; baseline -0.001 -9"><span class='ocrx_word' id='word_1_456' title='bbox 134 2717 235 2752; x_wconf 91' lang='lat' dir='ltr'><strong>nem,</strong></span> <span class='ocrx_word' id='word_1_457' title='bbox 259 2706 429 2751; x_wconf 89' lang='lat' dir='ltr'><strong>illamque</strong></span> <span class='ocrx_word' id='word_1_458' title='bbox 452 2716 634 2750; x_wconf 89' lang='lat' dir='ltr'><strong>nunquam</strong></span> <span class='ocrx_word' id='word_1_459' title='bbox 659 2707 830 2751; x_wconf 87' lang='lat' dir='ltr'><strong>majorem</strong></span> <span class='ocrx_word' id='word_1_460' title='bbox 857 2708 970 2743; x_wconf 79' lang='lat' dir='ltr'><strong>fuisse</strong></span> <span class='ocrx_word' id='word_1_461' title='bbox 996 2709 1059 2745; x_wconf 82' lang='grc' dir='ltr'><strong>23Ο</strong></span> <span class='ocrx_word' id='word_1_462' title='bbox 1083 2710 1139 2744; x_wconf 82' lang='grc'><strong>52’</strong></span> <span class='ocrx_word' id='word_1_463' title='bbox 1162 2718 1228 2744; x_wconf 88' lang='lat' dir='ltr'><strong>nec</strong></span> <span class='ocrx_word' id='word_1_464' title='bbox 1253 2718 1409 2752; x_wconf 89' lang='lat' dir='ltr'><strong>unquam</strong></span> <span class='ocrx_word' id='word_1_465' title='bbox 1439 2707 1611 2742; x_wconf 88' lang='lat' dir='ltr'><strong>minorem</strong></span> <span class='ocrx_word' id='word_1_466' title='bbox 1635 2707 1793 2742; x_wconf 88' lang='lat' dir='ltr'><strong>futuram</strong></span> <span class='ocrx_word' id='word_1_467' title='bbox 1819 2717 1924 2751; x_wconf 88' lang='lat' dir='ltr'><strong>quam</strong></span> 
     </span>
     <span class='ocr_line' id='line_1_45' title="bbox 135 2764 1924 2810; baseline 0 -10"><span class='ocrx_word' id='word_1_468' title='bbox 135 2765 199 2800; x_wconf 80' lang='grc' dir='ltr'><strong>23ο</strong></span> <span class='ocrx_word' id='word_1_469' title='bbox 223 2765 311 2807; x_wconf 78' lang='grc'><strong>28’,“</strong></span> <span class='ocrx_word' id='word_1_470' title='bbox 347 2765 442 2809; x_wconf 87' lang='lat' dir='ltr'><strong>quod</strong></span> <span class='ocrx_word' id='word_1_471' title='bbox 472 2764 563 2800; x_wconf 86' lang='lat' dir='ltr'><strong>libro</strong></span> <span class='ocrx_word' id='word_1_472' title='bbox 588 2765 651 2799; x_wconf 92' lang='lat' dir='ltr'><strong>III.</strong></span> <span class='ocrx_word' id='word_1_473' title='bbox 677 2775 755 2809; x_wconf 87' lang='lat' dir='ltr'><strong>cap.</strong></span> <span class='ocrx_word' id='word_1_474' title='bbox 782 2765 814 2800; x_wconf 79' lang='grc'><strong>2.</strong></span> <span class='ocrx_word' id='word_1_475' title='bbox 850 2766 1003 2809; x_wconf 88' lang='lat' dir='ltr'><strong>probare</strong></span> <span class='ocrx_word' id='word_1_476' title='bbox 1034 2766 1111 2801; x_wconf 88' lang='lat' dir='ltr'><strong>vult</strong></span> <span class='ocrx_word' id='word_1_477' title='bbox 1141 2765 1360 2810; x_wconf 89' lang='lat' dir='ltr'><strong>Copernicus</strong></span> <span class='ocrx_word' id='word_1_478' title='bbox 1393 2764 1605 2800; x_wconf 88' lang='lat' dir='ltr'><strong>testimoniis</strong></span> <span class='ocrx_word' id='word_1_479' title='bbox 1637 2764 1924 2800; x_wconf 86' lang='lat' dir='ltr'><strong>observationum</strong></span> 
     </span>
     <span class='ocr_line' id='line_1_46' title="bbox 135 2821 1922 2867; baseline 0 -10"><span class='ocrx_word' id='word_1_480' title='bbox 135 2822 219 2857; x_wconf 90' lang='lat' dir='ltr'><strong>inde</strong></span> <span class='ocrx_word' id='word_1_481' title='bbox 244 2834 266 2858; x_wconf 87' lang='lat' dir='ltr'><strong>a</strong></span> <span class='ocrx_word' id='word_1_482' title='bbox 289 2823 504 2859; x_wconf 88' lang='lat' dir='ltr'><strong>Timochare</strong></span> <span class='ocrx_word' id='word_1_483' title='bbox 528 2821 774 2857; x_wconf 86' lang='lat' dir='ltr'><strong>Alexandrino</strong></span> <span class='ocrx_word' id='word_1_484' title='bbox 800 2833 914 2867; x_wconf 91' lang='lat' dir='ltr'><strong>usque</strong></span> <span class='ocrx_word' id='word_1_485' title='bbox 938 2823 975 2858; x_wconf 94' lang='lat' dir='ltr'><strong>in</strong></span> <span class='ocrx_word' id='word_1_486' title='bbox 1000 2834 1130 2859; x_wconf 90' lang='lat' dir='ltr'><strong>annum</strong></span> <span class='ocrx_word' id='word_1_487' title='bbox 1157 2825 1244 2860; x_wconf 79' lang='lat'>1525</span> <span class='ocrx_word' id='word_1_488' title='bbox 1270 2824 1513 2857; x_wconf 85' lang='lat' dir='ltr'><strong>institutarum</strong></span> <span class='ocrx_word' id='word_1_489' title='bbox 1540 2821 1619 2866; x_wconf 85' lang='lat' dir='ltr'><strong>(cfr.</strong></span> <span class='ocrx_word' id='word_1_490' title='bbox 1638 2822 1706 2857; x_wconf 89' lang='lat' dir='ltr'><strong>vol.</strong></span> <span class='ocrx_word' id='word_1_491' title='bbox 1724 2822 1786 2856; x_wconf 90' lang='lat'>111.</span> <span class='ocrx_word' id='word_1_492' title='bbox 1813 2833 1847 2867; x_wconf 88' lang='lat' dir='ltr'><strong>p.</strong></span> <span class='ocrx_word' id='word_1_493' title='bbox 1867 2823 1922 2866; x_wconf 81' lang='lat'><strong>54,</strong></span> 
     </span>
     <span class='ocr_line' id='line_1_47' title="bbox 135 2879 1923 2927; baseline -0.002 -10"><span class='ocrx_word' id='word_1_494' title='bbox 135 2882 197 2917; x_wconf 91' lang='lat' dir='ltr'><strong>VI.</strong></span> <span class='ocrx_word' id='word_1_495' title='bbox 222 2894 256 2927; x_wconf 92' lang='lat' dir='ltr'><strong>p.</strong></span> <span class='ocrx_word' id='word_1_496' title='bbox 285 2882 354 2927; x_wconf 75' lang='lat'><strong>68).</strong></span> <span class='ocrx_word' id='word_1_497' title='bbox 402 2880 504 2917; x_wconf 90' lang='lat' dir='ltr'><strong>Libri</strong></span> <span class='ocrx_word' id='word_1_498' title='bbox 527 2881 570 2915; x_wconf 91' lang='grc' dir='ltr'><strong>Π.</strong></span> <span class='ocrx_word' id='word_1_499' title='bbox 597 2879 775 2925; x_wconf 88' lang='lat' dir='ltr'><strong>capitibus</strong></span> <span class='ocrx_word' id='word_1_500' title='bbox 799 2881 912 2916; x_wconf 80' lang='lat'><strong>3—14</strong></span> <span class='ocrx_word' id='word_1_501' title='bbox 943 2882 1067 2917; x_wconf 89' lang='lat' dir='ltr'><strong>insunt</strong></span> <span class='ocrx_word' id='word_1_502' title='bbox 1090 2881 1315 2917; x_wconf 88' lang='lat' dir='ltr'><strong>definitiones</strong></span> <span class='ocrx_word' id='word_1_503' title='bbox 1347 2881 1391 2915; x_wconf 88' lang='lat' dir='ltr'><strong>ad</strong></span> <span class='ocrx_word' id='word_1_504' title='bbox 1425 2879 1677 2915; x_wconf 86' lang='lat' dir='ltr'><strong>astronomiam</strong></span> <span class='ocrx_word' id='word_1_505' title='bbox 1701 2880 1923 2924; x_wconf 90' lang='lat' dir='ltr'><strong>sphaericam</strong></span> 
     </span>
     <span class='ocr_line' id='line_1_48' title="bbox 136 2938 1923 2986; baseline -0.003 -10"><span class='ocrx_word' id='word_1_506' title='bbox 136 2941 357 2986; x_wconf 88' lang='lat' dir='ltr'><strong>pertinentes</strong></span> <span class='ocrx_word' id='word_1_507' title='bbox 383 2945 420 2975; x_wconf 93' lang='lat' dir='ltr'><strong>et</strong></span> <span class='ocrx_word' id='word_1_508' title='bbox 444 2938 672 2985; x_wconf 87' lang='lat' dir='ltr'><strong>problemata</strong></span> <span class='ocrx_word' id='word_1_509' title='bbox 696 2939 1008 2983; x_wconf 88' lang='lat' dir='ltr'><strong>theoremataque‚</strong></span> <span class='ocrx_word' id='word_1_510' title='bbox 1043 2950 1136 2984; x_wconf 86' lang='lat' dir='ltr'><strong>quae</strong></span> <span class='ocrx_word' id='word_1_511' title='bbox 1168 2938 1238 2973; x_wconf 91' lang='lat' dir='ltr'><strong>illis</strong></span> <span class='ocrx_word' id='word_1_512' title='bbox 1263 2938 1480 2982; x_wconf 87' lang='lat' dir='ltr'><strong>innituntur,</strong></span> <span class='ocrx_word' id='word_1_513' title='bbox 1515 2938 1639 2973; x_wconf 88' lang='lat' dir='ltr'><strong>eadem</strong></span> <span class='ocrx_word' id='word_1_514' title='bbox 1671 2938 1746 2973; x_wconf 85' lang='lat' dir='ltr'><strong>fere</strong></span> <span class='ocrx_word' id='word_1_515' title='bbox 1771 2949 1862 2983; x_wconf 88' lang='lat' dir='ltr'><strong>quae</strong></span> <span class='ocrx_word' id='word_1_516' title='bbox 1887 2938 1923 2972; x_wconf 90' lang='lat' dir='ltr'><strong>in</strong></span> 
     </span>
     <span class='ocr_line' id='line_1_49' title="bbox 136 2996 1922 3043; baseline -0.002 -9"><span class='ocrx_word' id='word_1_517' title='bbox 136 2999 235 3034; x_wconf 88' lang='lat' dir='ltr'><strong>libris</strong></span> <span class='ocrx_word' id='word_1_518' title='bbox 259 2999 456 3035; x_wconf 86' lang='lat' dir='ltr'><strong>Ptolemaei</strong></span> <span class='ocrx_word' id='word_1_519' title='bbox 482 3003 518 3033; x_wconf 90' lang='lat' dir='ltr'><strong>et</strong></span> <span class='ocrx_word' id='word_1_520' title='bbox 541 2998 747 3043; x_wconf 87' lang='lat' dir='ltr'><strong>Albategnii</strong></span> <span class='ocrx_word' id='word_1_521' title='bbox 772 2997 1084 3042; x_wconf 85' lang='lat' dir='ltr'><strong>deprehendimus.</strong></span> <span class='ocrx_word' id='word_1_522' title='bbox 1123 2997 1342 3041; x_wconf 87' lang='lat' dir='ltr'><strong>Subjunctae</strong></span> <span class='ocrx_word' id='word_1_523' title='bbox 1367 3002 1450 3031; x_wconf 86' lang='lat' dir='ltr'><strong>sunt</strong></span> <span class='ocrx_word' id='word_1_524' title='bbox 1475 2996 1618 3032; x_wconf 86' lang='lat' dir='ltr'><strong>tabulae</strong></span> <span class='ocrx_word' id='word_1_525' title='bbox 1644 2997 1922 3032; x_wconf 90' lang='lat' dir='ltr'><strong>declinationum</strong></span> 
     </span>
     <span class='ocr_line' id='line_1_50' title="bbox 139 3054 1921 3106; baseline -0.002 -13"><span class='ocrx_word' id='word_1_526' title='bbox 139 3058 354 3106; x_wconf 80' lang='lat' dir='ltr'><strong>„signit&#39;eri“,</strong></span> <span class='ocrx_word' id='word_1_527' title='bbox 379 3055 658 3095; x_wconf 80' lang='lat' dir='ltr'><strong>differentiarum</strong></span> <span class='ocrx_word' id='word_1_528' title='bbox 682 3056 931 3092; x_wconf 88' lang='lat' dir='ltr'><strong>ascensionum</strong></span> <span class='ocrx_word' id='word_1_529' title='bbox 956 3055 1194 3103; x_wconf 86' lang='lat' dir='ltr'><strong>obliquarum‚</strong></span> <span class='ocrx_word' id='word_1_530' title='bbox 1226 3054 1477 3091; x_wconf 85' lang='lat' dir='ltr'><strong>ascensionum</strong></span> <span class='ocrx_word' id='word_1_531' title='bbox 1499 3060 1677 3091; x_wconf 87' lang='lat' dir='ltr'><strong>rectarum</strong></span> <span class='ocrx_word' id='word_1_532' title='bbox 1702 3060 1737 3090; x_wconf 89' lang='lat' dir='ltr'><strong>et</strong></span> <span class='ocrx_word' id='word_1_533' title='bbox 1761 3055 1921 3100; x_wconf 86' lang='lat' dir='ltr'><strong>obliqua-</strong></span> 
     </span>
    </p>
   </div>
  </div>
 </body>
</html>
