2157 3398
278 157 359 201 636
681 155 916 191 Summarium
940 155 1121 191 Historiae
1145 153 1396 191 Astronomiae
1421 156 1542 193 seculo
1567 157 1665 193 XVI.

274 283 375 317 esset
406 278 607 326 aequatio,
640 278 831 325 potuisset
863 276 1024 315 eandem
1054 280 1202 325 partem
1235 277 1477 325 aequationis
1505 277 1546 312 -in
1579 276 1690 313 Luna
1728 278 1909 315 omissam
1948 278 2062 316 etiam

276 340 312 374 in
346 335 435 374 Sole
469 336 666 379 omittere,
709 339 750 371 ut
781 335 836 372 sic
866 347 943 372 una
974 335 1109 372 tabula
1140 336 1291 382 utrique
1324 334 1596 372 consuleretur.
1658 334 1710 371 At
1742 336 1833 384 quia
1865 348 1982 373 causa
2012 338 2065 374 rei

277 397 440 433 obscura
472 394 553 440 suit,
587 391 709 429 voluit
740 392 813 430 hac
844 394 1063 430 tabularum
1096 392 1318 430 diversitate
1351 392 1556 430 admonere
1589 397 1735 430 ceteros
1776 393 1822 431 de
1854 396 1980 431 causis
2011 396 2066 432 rei

276 451 521 501 quaerendis,
556 452 637 499 ipse
670 451 818 488 interim
850 451 922 488 hac
954 450 1172 488 tabularum
1214 451 1436 488 diversitate
1475 449 1668 488 consuluit
1707 451 1922 490 observatis
1967 453 2067 491 circa

275 512 437 555 Lunam,
471 514 512 546 ut
543 510 624 545 sine
656 508 929 557 impedimento
964 509 1207 557 aliquatenus
1240 509 1417 558 progredi
1449 514 1592 557 posset.

419 570 461 615 6)
493 566 721 606 Rectissime
754 568 792 605 in
824 567 987 605 eundem
1029 569 1145 605 situm
1186 567 1487 615 conjunctionis,
1531 568 1785 616 oppositionis
1825 572 1863 606 et
1895 567 2064 617 quadra-

274 633 458 666 turarum.

413 683 454 731 7>
487 682 586 720 Nam
620 684 775 721 omnino
807 695 874 733 per
905 683 1156 735 epicyclicam
1188 683 1552 733 prosthaphaeresin
1586 694 1699 721 verus
1723 682 1858 722 Lunae
1889 683 1997 722 locus
2029 685 2067 721 in

274 743 335 780 his
363 742 444 791 jam
477 740 587 778 dictis
620 742 773 779 casibus
805 742 945 791 prodit.

413 801 456 845 8)
489 800 569 837 Nec
603 801 702 837 enim
735 800 814 838 ulla
846 800 952 838 deest
983 799 1318 850 prosthapheresis
1350 800 1668 838 eccentricitatis:
1701 800 1739 836 in
1771 798 1884 839 dictis
1915 800 2068 839 casibus

277 861 423 909 quippe
454 857 560 895 nulla
594 863 662 903 est,
695 858 761 895 sed
794 859 1031 905 absorbetur,

417 919 459 962 9)
492 921 534 953 ut
566 921 602 953 et
633 916 850 954 librationis
883 918 1064 965 aequatio
1097 918 1133 952 in
1166 916 1225 953 his
1258 915 1429 953 articulis
1462 916 1703 956 absorbetur.

394 974 461 1024 10)
494 974 574 1011 Nec
605 974 818 1012 differentia
856 977 953 1012 inter
991 975 1119 1012 locum
1164 975 1310 1011 orbitae
1343 979 1381 1011 et
1411 974 1630 1022 eclipticum
1664 974 1876 1022 quidquam
1914 976 2068 1013 veritati

275 1034 328 1071 rei
361 1032 537 1071 detrahit.
586 1032 684 1070 Nam
707 1032 809 1081 quod
833 1032 1086 1082 quadraturas
1117 1033 1264 1078 attinet,
1299 1032 1422 1070 ductis
1455 1031 1604 1069 circulis
1627 1032 1676 1069 ad
1699 1033 1916 1081 eclipticam
1937 1035 2063 1081 rectis,

276 1092 395 1130 altero
427 1103 494 1140 per
525 1089 676 1138 Solem,
716 1091 836 1129 altero
868 1103 935 1140 per
967 1091 1135 1137 Lunam,
1175 1092 1206 1127 si
1239 1102 1349 1128 arcus
1382 1089 1582 1139 eclipticae
1614 1091 1846 1140 interceptus
1879 1096 1937 1129 est
1969 1104 2067 1142 qua-

276 1149 401 1196 drans,
436 1150 504 1186 erit
536 1154 573 1186 et
604 1160 713 1186 arcus
746 1150 892 1187 orbitae
925 1149 1057 1186 Lunae
1090 1148 1296 1197 quadrans.
1351 1147 1463 1196 Quod
1488 1160 1576 1186 vero
1601 1150 1738 1186 attinet
1769 1148 1929 1198 copulas
1955 1161 2001 1192 00
2029 1155 2067 1188 et

279 1216 342 1255 Os,
376 1209 518 1246 veritas
550 1208 603 1245 rei
634 1207 731 1245 haec
763 1213 840 1254 est,
882 1212 924 1244 ut
963 1212 1134 1245 centrum
1167 1207 1368 1244 eccentrici
1401 1208 1450 1244 sit
1480 1207 1556 1244 imo
1595 1206 1703 1253 1000,
1744 1207 1899 1256 quando
1932 1208 1998 1245 Sol
2032 1213 2069 1246 et

273 1266 385 1304 Luna
415 1265 629 1314 aequaliter
668 1266 807 1303 absunt
840 1278 861 1303 a
894 1265 1016 1311 nodo,
1050 1277 1124 1302 non
1164 1265 1361 1311 obstante,
1408 1264 1511 1313 quod
1552 1264 1660 1302 10005
1694 1265 1827 1303 Lunae
1867 1266 2068 1315 eclipticus

274 1324 328 1375 (id
359 1329 416 1362 est
448 1325 699 1371 imaginarius
732 1324 793 1362 vel
825 1321 1025 1368 relativus)
1056 1324 1190 1373 paucis
1211 1324 1369 1360 minutis
1400 1325 1450 1360 sit
1473 1327 1560 1361 ante
1583 1323 1645 1361 vel
1666 1328 1754 1373 post
1775 1323 1904 1362 Solem
1934 1325 2069 1373 ejusve

275 1384 506 1433 oppositum.

411 1440 487 1478 Sed
519 1438 630 1477 aliter
663 1439 834 1489 objectio
868 1439 1063 1477 informari
1095 1443 1244 1488 potest:
1278 1450 1436 1488 nempe,
1469 1443 1558 1476 utut
1588 1439 1686 1477 bene
1718 1439 1862 1478 habeat
1893 1452 1979 1478 cum
2010 1440 2070 1479 his

274 1502 298 1538 4
322 1499 504 1543 articulis,
528 1497 675 1546 reliqua
696 1503 797 1536 certe
820 1498 906 1536 loca
928 1498 1167 1546 intermedia,
1191 1499 1415 1546 praesertim
1439 1502 1624 1543 octantes‚
1649 1500 1782 1536 teneri.
1822 1498 2069 1548 RespondeO,

274 1559 307 1596 si
338 1569 427 1606 ergo
460 1556 599 1604 aliquis
631 1561 742 1605 putat
772 1556 846 1594 hac
877 1558 1025 1594 ratione
1057 1558 1206 1605 peccari
1239 1556 1410 1593 notabile
1444 1555 1590 1604 aliquid
1612 1557 1650 1593 111
1673 1556 1835 1604 calculo,
1867 1558 1899 1594 is
1921 1562 2071 1606 repetat

272 1616 443 1654 laborem
477 1620 514 1652 ct
545 1626 641 1663 quas
673 1616 925 1663 aequationes
948 1616 1056 1663 prius
1079 1615 1326 1663 quaesiverat
1348 1626 1415 1662 per
1434 1613 1797 1662 prosthaphaeresin
1821 1615 2070 1665 epicyclicam

275 1674 409 1720 solam,
443 1672 597 1711 easdem
629 1678 766 1722 postea
796 1678 957 1721 quaerat
987 1684 1054 1721 per
1087 1684 1218 1709 omnes
1241 1672 1619 1721 prostliaphaereses,
1647 1673 1729 1721 jam
1752 1673 1869 1711 semel
1893 1675 2069 1712 crassiori

271 1733 448 1771 Minerva
479 1730 685 1779 adhibitas,
718 1736 760 1768 ut
791 1743 861 1780 ego
893 1731 1017 1768 facere
1046 1742 1130 1768 sum
1153 1730 1310 1768 solitus:
1344 1731 1515 1768 inveniet
1547 1735 1675 1768 autem
1698 1731 1812 1780 plane
1834 1736 2069 1770 contemtum

275 1791 473 1841 quippiam
514 1791 665 1827 mutari.
728 1789 826 1826 Nam
858 1789 931 1826 hae
963 1789 1333 1838 prosthapbaereses
1364 1793 1603 1835 menstruae,
1645 1791 1869 1838 praesertim
1900 1789 2067 1837 libratio,

274 1851 312 1886 in
346 1848 566 1887 octantibus
599 1852 688 1885 sunt
718 1849 921 1892 maximae,
956 1852 993 1885 et
1024 1852 1156 1884 notum
1190 1852 1265 1894 est,
1311 1846 1466 1895 quando
1499 1847 1689 1885 maximae
1722 1852 1828 1894 sunt,
1872 1854 1961 1886 tunc
2004 1861 2069 1886 eas

273 1907 380 1945 tarde
412 1907 571 1953 mutari,
610 1910 652 1943 ut
683 1907 854 1955 proxime
888 1905 989 1942 idem
1021 1910 1247 1954 excerpatur
1283 1917 1351 1954 per
1392 1905 1613 1942 distantiam
1645 1905 1777 1944 Lunae
1809 1918 1832 1943 a
1864 1906 1954 1944 Sole
1985 1908 2068 1945 sive

276 1963 349 2004 44⁰
381 1966 463 2002 sive
498 1962 571 2002 45⁰
602 1965 683 2001 sive
718 1961 803 2002 46⁰.
866 1962 1060 2012 Objicias,
1104 1963 1345 2001 inartificiale
1383 1963 1456 2001 hoc
1498 1974 1605 2009 esse,
1650 1965 1761 2011 quasi
1793 1976 1862 2013 per
1894 1965 2068 2013 regulam

272 2024 361 2062 falsi
400 2023 560 2071 operari.
622 2021 874 2070 Respondeo:
919 2026 1061 2059 certum
1104 2027 1181 2069 est,
1224 2026 1351 2059 motus
1391 2021 1525 2059 Lunae
1568 2020 1783 2070 dispensari
1821 2034 1889 2071 per
1928 2034 2068 2061 causas

273 2082 465 2132 physicas,
508 2082 637 2129 itaque
678 2092 761 2118 esse
793 2079 1015 2129 inaequales
1057 2081 1173 2117 etiam
1216 2079 1322 2126 illos,
1368 2081 1434 2128 qui
1472 2079 1817 2128 inaequalitatibus
1852 2081 2068 2130 majoribus

275 2138 504 2189 quaerendis
537 2139 720 2185 serviunt,
755 2139 897 2187 quique
919 2137 1023 2186 apud
1044 2143 1286 2176 astronomos
1309 2142 1457 2176 ceteros
1478 2137 1664 2185 aequales
1688 2144 1801 2186 sunt3
1834 2150 1910 2176 uno
1934 2140 2066 2187 verbo,

276 2203 419 2237 certum
461 2201 535 2243 est,
578 2197 831 2245 aequatione-s
876 2200 1091 2234 menstruas
1131 2196 1297 2245 pendere
1331 2208 1353 2233 a
1387 2207 1477 2233 vera
1519 2195 1702 2233 distantia
1742 2196 1876 2235 Lunae
1911 2209 1932 2234 a
1964 2197 2068 2237 Sole.

276 2258 349 2294 Eat
379 2257 495 2304 igitur
528 2256 746 2303 quicunque
779 2254 877 2291 alius
912 2259 948 2292 et
980 2253 1117 2292 doceat
1149 2253 1302 2291 modum
1328 2253 1575 2302 computandi
1607 2266 1653 2292 ex
1675 2254 1733 2291 his
1756 2255 1952 2304 principiis
1975 2256 2069 2293 arti-

275 2315 523 2357 ficiosiorem,
558 2318 594 2350 et
626 2314 696 2350 erit
725 2312 819 2349 mihi
860 2324 1022 2361 magnus
1055 2312 1298 2360 Apollonius.
1362 2312 1447 2349 Non
1490 2316 1548 2349 est
1586 2313 1622 2348 in
1655 2314 1892 2351 astronomia
1924 2314 1978 2351 ita
2009 2315 2070 2350 in-

274 2373 402 2411 solens
447 2371 646 2418 neglectus
685 2371 926 2408 minimarum
969 2371 1254 2419 particularum.
1322 2370 1570 2407 Ptolemaeus
1611 2371 1727 2408 etiam
1767 2383 1791 2409 a
1829 2383 1922 2409 vera
1966 2371 2068 2410 Solis

276 2430 459 2468 distantia
506 2428 707 2477 suspendit
755 2431 1008 2477 aequationes
1054 2433 1280 2466 menstruas
1354 2427 1468 2466 Solus
1515 2428 1750 2476 Copernicus
1804 2429 1957 2468 cautela
1997 2430 2071 2468 hac

276 2494 453 2534 ostensa,
488 2487 578 2524 dum
610 2486 794 2525 delicatos
826 2486 950 2524 reddit
980 2491 1214 2535 geometras,
1248 2497 1324 2524 non
1355 2486 1544 2524 satisfacit
1576 2488 1808 2525 astronomis
1841 2488 2071 2526 observato-

275 2548 391 2594 ribus,
426 2550 468 2583 ut
499 2545 633 2594 Tycho
666 2550 846 2594 expertus
878 2550 947 2582 est.

416 2604 484 2653 11)
518 2604 832 2640 Demonstratum
864 2607 940 2654 est,
982 2602 1179 2651 querelam
1220 2602 1319 2640 hanc
1351 2601 1397 2640 de
1429 2604 1531 2640 veris
1563 2612 1610 2646 0²
1659 2607 1697 2641 01
1731 2613 1794 2650 00,
1827 2607 1869 2640 ut
1900 2602 2070 2652 quadra-

277 2664 382 2710 turis,
415 2662 596 2710 injustam
630 2673 726 2699 esse.

417 2719 485 2769 12)
519 2720 566 2757 Et
598 2719 647 2756 ad
678 2719 777 2758 hanc
816 2719 930 2768 plane
970 2717 1186 2767 respondeo
1219 2717 1376 2766 eadem,
1419 2730 1518 2767 quae
1559 2723 1691 2757 contra
1731 2730 1838 2758 num.
1884 2723 1946 2757 10.
1987 2731 2070 2758 105-

278 2777 412 2827 pondi3
445 2778 525 2826 jam
560 2779 661 2816 enim
694 2777 836 2816 dictum
869 2781 939 2815 est.

420 2837 489 2883 13)
521 2836 674 2881 Mirum,
707 2847 783 2874 non
816 2836 946 2873 videre
978 2838 1249 2884 opponentem,
1282 2835 1313 2872 si
1335 2835 1531 2873 anomalia
1553 2836 1767 2884 corrigitur,
1801 2836 1917 2873 etiam
1939 2847 2071 2875 veram

281 2892 501 2930 distantiam
532 2893 666 2931 Lunae
697 2906 720 2932 a
751 2893 841 2932 Sole
874 2894 1023 2941 corrigi.

421 2952 489 2998 14)
522 2951 570 2988 Et
602 2962 667 2988 cur
696 2957 835 3001 negat,
869 2952 1003 2989 Lunae
1036 2962 1104 2999 per
1137 2962 1177 2988 se
1209 2956 1356 2988 motum
1388 2951 1555 3001 corrigi?
1605 2951 1716 2989 Luna
1747 2951 1889 3001 quippe
1922 2951 2070 2991 distans

282 3006 355 3046 450
386 3019 409 3044 a
439 3008 528 3046 Sole
561 3007 735 3046 adhibita
766 3010 971 3048 libratione
1005 3008 1164 3046 distabit
1197 3006 1271 3047 45⁰
1305 3010 1382 3047 40‘.
1950 3033 1954 3040 ·

424 3064 490 3117 15)
521 3065 626 3103 Vera
658 3071 715 3104 est
745 3067 841 3106 haec
873 3068 1054 3116 objectio,
1086 3071 1127 3105 at
1157 3078 1232 3104 non
1263 3068 1495 3107 necessaria.
1545 3067 1630 3104 Non
1653 3067 1871 3105 necessaria
1902 3068 1950 3106 ob
1973 3068 2069 3106 sub-

280 3122 459 3165 tilitatem
491 3124 668 3173 effectus3
709 3136 801 3164 vera
840 3126 1085 3174 geometrice,
1145 3125 1245 3168 Nam
1283 3129 1464 3166 manente
1501 3124 1635 3165 eadem
1677 3126 1894 3175 quantitate
1926 3125 2069 3169 circelli
