2126 3388
974 173 1073 211 1605.
1828 172 1910 216 767

120 290 225 330 aliud
265 302 386 341 agens
419 297 456 331 et
487 303 574 331 cum
606 292 694 331 aliis
725 291 970 341 colloquens,
1011 293 1137 332 amisi.
1198 291 1285 331 Hoc
1315 293 1484 342 retineo,
1525 293 1724 343 quaesisse
1756 297 1794 331 tc
1824 305 1914 344 per-

117 362 232 399 quam
277 356 451 389 amanter
483 356 520 389 ct
550 349 761 390 honorifice
803 350 849 388 dc
891 352 986 388 meis
1027 351 1179 389 studiis.
1240 351 1324 400 Ego
1359 363 1469 399 vero,
1510 364 1557 390 ex
1588 363 1665 401 quo
1699 350 1747 390 ad
1779 350 1834 389 M.
1867 351 1912 388 Τ.

117 409 254 446 ultimo
286 410 433 459 scripsi,
465 409 561 447 nihil
594 409 781 460 praestiti.
843 408 943 447 Nam
976 421 1041 459 pcr
1073 415 1149 448 tres
1180 420 1330 448 menses
1363 410 1469 447 abfui
1501 412 1538 447 in
1560 410 1702 461 Styria‚
1736 410 1800 448 ubi
1833 411 1914 447 sin-

121 467 296 515 gularem
319 467 369 507 D.
392 467 535 506 Casalii
558 466 870 506 benevolentiam
894 473 1075 517 expertus
1096 480 1192 515 sum,
1227 479 1342 517 quarn
1365 468 1434 505 tibi
1456 469 1604 507 ascribo
1637 474 1915 518 acceptamque

117 525 208 565 fero.
249 524 341 563 Jam
362 526 521 575 accingo
544 538 604 563 mc
626 525 676 564 ad
699 525 994 576 descriptionem
1015 526 1150 565 stellae
1172 538 1299 564 novae
1331 531 1369 564 et
1390 526 1482 575 quia
1503 528 1594 565 mihi
1625 538 1685 566 res
1708 533 1766 565 est
1786 527 1915 564 futura

119 594 204 621 cum
237 583 496 634 philosophis,
531 584 577 622 dc
608 584 709 631 fato,
749 584 923 630 fortuna,
957 595 1071 632 casu,
1111 584 1200 622 dum
1232 584 1409 634 expendo
1441 586 1654 623 mirabilem
1686 597 1915 624 concursum

118 642 402 691 conjunctionis
432 653 596 691 magnac
630 648 667 680 et
698 641 845 690 stellae,
879 641 966 680 ideo
998 643 1108 692 coepi
1130 643 1258 692 legere
1280 644 1540 692 Augustinum
1562 644 1607 681 de
1632 643 1802 682 Ciu-itate
1823 643 1914 681 Dei.

257 700 426 739 Theoria
448 700 585 737 Martis
610 706 808 750 exspectat
831 700 1013 749 aliquem,
1047 702 1112 749 qui
1135 707 1284 739 sumtus
1316 703 1353 738 in
1376 712 1473 751 opus
1496 703 1678 740 conferat.
1710 703 1761 741 D.
1783 702 1914 740 Pisto-

117 758 197 795 rius
229 758 269 795 in
299 751 417 809 spem¹
438 770 498 796 me
531 759 671 805 erexit,
714 765 938 808 nuncupata
971 758 1128 796 Caesari
1160 771 1310 797 summa
1342 761 1670 809 octingentorum,
1709 772 1786 809 qua
1819 771 1916 811 opus

117 815 295 864 habeam,
329 828 428 866 quae
460 828 549 867 spes
581 817 728 854 utinam
758 816 853 853 mihi
885 827 961 853 non
984 815 1173 855 damnosa
1194 823 1232 856 et
1254 819 1436 868 temporis
1464 818 1618 867 J'actura
1639 819 1717 857 fiat.
1766 818 1916 868 Quodsi

119 875 235 913 ctiam
267 876 433 924 pecunia
463 876 503 912 in
535 880 687 925 promtu
718 875 787 921 sit,
831 875 936 924 prius
970 875 1062 912 mihi
1093 875 1323 926 Tengnaglii
1357 873 1566 915 consensus
1600 879 1670 916 erit
1702 870 1913 928 impetran-

122 932 206 980 dus,
240 934 300 970 cui
334 933 540 971 obstrictus
572 945 669 971 sum.
731 932 793 970 Ad
823 933 1111 981 Hipparchum
1148 934 1265 983 igitur
1296 946 1424 972 meum
1455 946 1539 973 sum
1571 938 1807 986 propensior.
1870 936 1914 973 In

120 990 288 1029 Saturno
319 997 414 1042 puto
453 991 533 1040 jam
573 1002 692 1042 prope
733 996 929 1041 peractam
962 1003 1053 1030 rem.
1115 991 1160 1029 In
1192 991 1296 1031 Jove
1327 1005 1449 1043 parva
1481 993 1698 1032 difficultas.
1749 994 1915 1033 Veneris

119 1048 315 1100 epicyelus
357 1049 466 1100 (mihi
506 1050 759 1099 eccentricus)
801 1049 1038 1088 moderatam
1080 1049 1199 1088 habet
1240 1053 1575 1090 eccentricitatem.
1636 1053 1681 1090 In
1722 1053 1915 1091 Mercurio

120 1107 267 1156 aliquid
306 1111 455 1146 tentare
497 1109 644 1157 cogito:
687 1118 732 1146 eo
773 1107 1003 1147 succedente
1041 1108 1124 1157 jam
1154 1108 1414 1160 Ephemerida
1444 1111 1482 1147 in
1514 1117 1740 1160 sequentem
1771 1123 1914 1150 annum

120 1166 250 1204 animo
283 1167 460 1216 concepi,
493 1166 578 1205 Deo
611 1167 713 1204 vires
745 1172 782 1204 et
815 1167 935 1204 otium
965 1165 1165 1216 largiente.
1227 1167 1424 1207 Labor-avi
1456 1169 1493 1206 in
1525 1168 1700 1220 Hespero
1741 1169 1917 1208 nonnihil

120 1235 166 1263 ex
199 1235 276 1273 quo
306 1223 424 1271 redii,
468 1226 524 1263 sic
555 1230 592 1263 et
624 1226 661 1261 in
694 1224 824 1272 Luna,
864 1225 932 1263 ubi
971 1236 1095 1263 novas
1128 1225 1216 1264 cudi
1247 1226 1421 1274 tabulas,
1466 1232 1507 1265 ut
1538 1227 1650 1266 Luna
1682 1230 1818 1267 ceteris
1848 1228 1917 1266 fiat

119 1282 266 1320 similis.
327 1283 386 1320 Ex
416 1284 463 1320 iis
491 1283 573 1332 jam
604 1288 662 1321 est
692 1283 796 1322 facta
826 1283 1053 1334 Ephemeris
1094 1295 1212 1334 opera
1249 1284 1426 1326 studiosi.
1487 1285 1644 1324 Saturni
1683 1292 1722 1325 et
1752 1287 1917 1325 Veneris

118 1340 276 1379 tabulas
306 1340 711 1392 prosthaphaereseon
744 1342 847 1379 orbis
879 1343 996 1380 annui
1019 1342 1220 1391 generales
1241 1344 1423 1383 inchoavi
1453 1350 1541 1383 ante
1563 1344 1776 1383 discessum
1798 1347 1919 1384 inter-

119 1410 242 1448 eaque
275 1398 365 1437 dum
397 1400 535 1438 absum
565 1412 633 1450 per
663 1399 880 1438 studiosum
911 1412 1009 1451 pene
1040 1401 1193 1451 perfeci.
1256 1402 1301 1439 In
1331 1401 1467 1440 Lunae
1498 1404 1667 1442 motibus
1698 1404 1747 1442 ad
1779 1416 1917 1442 causas

118 1457 299 1509 physicas
330 1457 540 1496 referendis
572 1458 736 1496 multum
768 1458 880 1496 sudo.
941 1459 1010 1496 Est
1049 1461 1149 1497 enim
1181 1459 1294 1499 Luna
1333 1460 1530 1500 dissimilis
1561 1461 1676 1500 Marti
1714 1464 1752 1499 in
1785 1475 1832 1501 ea
1863 1475 1917 1510 rc,

119 1515 224 1565 quod
255 1515 352 1554 duas
384 1516 502 1555 habet
532 1516 834 1566 inaequalitates
866 1516 1010 1566 reales,
1054 1517 1159 1556 Mars
1199 1530 1316 1557 unam
1355 1519 1482 1557 solum
1520 1520 1685 1569 realem,
1728 1521 1918 1571 reliquam

118 1574 287 1625 opticam
319 1586 365 1613 ex
397 1575 489 1614 orbe
521 1587 663 1614 annuo.
725 1574 801 1613 Sed
833 1580 961 1614 tamen
994 1581 1031 1614 et
1062 1576 1125 1615 hic
1155 1579 1281 1627 magis
1312 1589 1433 1628 nuper
1463 1579 1502 1615 in
1533 1590 1610 1617 una
1642 1580 1737 1618 hora
1759 1580 1914 1630 perfeci,

118 1643 235 1682 quam
277 1634 448 1683 quinque
486 1634 809 1684 praecedentibus
841 1635 966 1673 annis.
1018 1634 1210 1685 Exspecto
1253 1640 1403 1685 tamen,
1445 1642 1488 1675 ut
1530 1640 1811 1677 consentientia
1842 1639 1916 1676 sibi

117 1695 252 1730 mutuo
285 1691 584 1743 deprehendam.
617 1715 672 1720 —
704 1692 839 1731 Habes
871 1691 1026 1731 abunde
1056 1694 1152 1732 satis
1185 1694 1404 1733 verborum.
1467 1695 1566 1735 Vale
1597 1702 1668 1737 ete.

254 1757 500 1794 Maestlino
526 1759 708 1804 Keplerus
740 1759 929 1804 respoudit
960 1759 1006 1795 ad
1029 1759 1173 1805 literas,
1208 1771 1297 1806 quas
1324 1772 1435 1806 supra
1461 1762 1506 1806 (p.
1534 1765 1613 1807 763)
1647 1765 1915 1812 proposuimus,

117 1815 154 1852 d.
180 1817 211 1852 5.
237 1815 359 1851 Martii
383 1817 493 1853 1605:
533 1813 687 1863 Quanto
720 1827 780 1854 me
802 1816 946 1865 gaudio
969 1820 1060 1855 tuae
1081 1817 1278 1856 affecerint
1297 1819 1444 1866 literae,
1477 1819 1709 1871 Praeceptor
1741 1821 1914 1870 colende,

118 1877 201 1912 tute
232 1873 316 1923 ipse
347 1873 532 1921 aestima,
573 1875 638 1922 qui
671 1875 785 1912 toties
816 1874 993 1925 pulsatus
1024 1877 1121 1914 meis
1153 1877 1382 1927 importunis
1413 1877 1535 1916 literis
1568 1879 1723 1917 tandem
1753 1891 1916 1930 respon-

118 1931 220 1969 disti.
267 1929 406 1969 Ordiar
436 1937 567 1970 autem
597 1943 825 1981 responsum
857 1945 984 1971 meum
1015 1946 1038 1971 a
1069 1934 1300 1974 refutatione
1330 1941 1422 1974 tuae
1455 1934 1711 1987 εὐσχημονιας.
1762 1938 1915 1977 Gradus

119 1994 158 2027 et
188 1989 376 2027 honorum
409 1991 616 2028 eminentia
646 2002 766 2039 penes
798 2003 858 2029 me
889 1991 997 2030 nulla
1028 1997 1096 2040 est,
1130 1994 1222 2031 vivo
1255 1995 1292 2031 in
1324 1994 1474 2033 theatro
1508 1996 1610 2033 orbis
1642 1998 1838 2045 privatus,
1881 1998 1914 2034 si

117 2047 209 2097 quid
242 2047 289 2086 de
319 2059 406 2086 meo
449 2043 590 2087 &lario
625 2061 669 2086 ex
702 2049 792 2088 aula
823 2055 1054 2100 extorqueo,
1100 2050 1223 2089 laetor
1263 2064 1324 2090 me
1366 2064 1443 2091 non
1483 2055 1520 2090 in
1551 2054 1718 2092 solidum
1751 2055 1797 2093 de
1828 2067 1914 2093 meo

115 2107 261 2145 vivere.
323 2106 383 2144 De
423 2111 548 2145 cetero
593 2109 647 2146 sic
679 2119 739 2146 me
772 2120 972 2157 comparo,
1017 2120 1062 2147 ac
1101 2111 1134 2147 si
1165 2121 1242 2148 non
1275 2111 1433 2150 Caesari
1476 2111 1544 2150 sed
1583 2115 1714 2161 generi
1744 2113 1913 2151 humano

115 2165 360 2214 posterisque
392 2166 573 2213 serviam,
607 2177 684 2214 qua
715 2166 857 2205 fiducia
888 2172 925 2205 et
957 2167 1098 2217 gradus
1130 2173 1168 2206 et
1199 2170 1427 2208 eminentias
1460 2181 1592 2208 omnes
1625 2182 1709 2209 cum
1742 2173 1848 2221 ipsis,
1881 2173 1913 2209 si

117 2234 215 2273 opus
247 2226 318 2271 est,
351 2224 574 2261 auctoribus
608 2224 760 2263 occulto
792 2225 998 2275 supercilio
1032 2231 1258 2276 contcm1103
1290 2227 1383 2265 mihi
1415 2228 1517 2267 hunc
1547 2240 1665 2266 unum
1698 2230 1747 2268 ob
1780 2229 1913 2267 oculos

116 2280 301 2320 honorem
331 2292 455 2331 pono,
498 2281 601 2331 quod
644 2282 776 2322 divina
817 2283 1070 2333 dispositione
1109 2283 1160 2324 ad
1194 2286 1486 2326 observationes
1517 2287 1714 2338 Tychonis
1754 2300 1911 2337 promo-

118 2345 180 2378 tus
211 2350 309 2378 sum.

253 2397 466 2447 Eclipsium
489 2398 781 2438 observationes
804 2400 1079 2451 qualesquales
1111 2401 1242 2441 videre
1273 2407 1401 2442 tamen
1422 2405 1560 2454 gestio,
1592 2404 1730 2443 saltem
1753 2405 1910 2454 quanti-

115 2460 216 2494 tates
248 2456 530 2495 obscurationis
561 2459 754 2496 maximae
759 2487 898 2500 .....
958 2459 1051 2499 Jam
1083 2461 1120 2498 in
1153 2466 1219 2499 tuo
1251 2473 1338 2500 aere
1369 2474 1474 2511 sum,
1515 2464 1582 2512 qui
1612 2465 1765 2502 senatui
1800 2463 1911 2501 debi-

115 2519 197 2552 turn
228 2511 422 2567 (Optices)
466 2516 662 2565 exemplar
692 2517 906 2555 instruxisti
944 2523 987 2556 ut
1017 2531 1086 2568 par
1116 2519 1200 2558 fuit.
1260 2519 1372 2569 Rogo
1405 2533 1551 2559 moram
1590 2523 1767 2570 exiguam
1797 2521 1908 2568 feras,

118 2572 354 2610 satisfaciam
385 2572 455 2610 tibi
486 2585 554 2622 per
584 2585 710 2612 meam
739 2580 914 2625 matrem,
948 2589 1046 2626 quae
1077 2577 1140 2616 hic
1172 2589 1216 2616 eo
1249 2580 1402 2618 nomine
1422 2579 1541 2618 habet
1571 2578 1715 2626 literas,
1748 2584 1790 2617 ut
1820 2580 1911 2616 mit-

117 2635 187 2678 tat,
221 2629 325 2679 quod
354 2635 392 2668 et
421 2630 592 2669 Besoldo
624 2644 801 2681 reponas.

254 2688 314 2726 De
345 2687 483 2726 Martis
526 2695 633 2727 motu
669 2691 834 2728 scribam
876 2690 1016 2730 clarius
1020 2721 1194 2731 ......
1254 2695 1475 2733 Distantiae
1507 2707 1530 2733 a
1561 2694 1650 2733 Sole
1691 2706 1767 2732 non
1798 2700 1841 2732 ut
1870 2696 1909 2733 in

117 2745 260 2784 circulo
292 2745 475 2795 perfecto,
507 2746 575 2785 sed
606 2753 648 2784 ut
679 2749 718 2784 in
751 2749 867 2796 ovali‚
901 2749 1012 2797 cujus
1044 2751 1199 2789 tandem
1220 2758 1309 2801 post
1328 2753 1497 2790 infinitos
1528 2752 1680 2791 labores
1704 2752 1909 2802 descriptio

115 2806 273 2843 inventa
315 2808 373 2842 est
378 2832 514 2842 .....
574 2803 662 2843 Hoc
688 2806 769 2854 jam
798 2817 908 2855 opus,
940 2807 1003 2845 hic
1032 2807 1143 2846 labor
1172 2809 1258 2858 fuit,
1289 2810 1472 2849 reducere
1503 2810 1600 2848 duas
1632 2810 1749 2848 falsas
1781 2811 1909 2861 hypo-

115 2862 244 2901 theses
275 2864 314 2899 in
346 2874 462 2900 unam
493 2874 637 2910 veram,
668 2864 735 2900 ubi
767 2864 864 2901 verti
895 2875 954 2901 me
985 2866 1023 2901 in
1055 2866 1159 2904 mille
1190 2867 1343 2915 formas,
1376 2879 1536 2917 quarum
1559 2868 1711 2917 aliquas
1743 2868 1840 2907 sorte
1870 2871 1909 2906 in

116 2921 378 2970 superioribus
408 2922 626 2970 perscripsi,
673 2921 754 2959 Nec
785 2921 897 2959 aliter
926 2921 1009 2960 fieri
1040 2925 1178 2972 potuit,
1210 2926 1285 2962 nisi
1315 2925 1555 2964 naturalibus
1587 2929 1714 2965 causis
1745 2928 1908 2966 investi-

116 2980 217 3028 gatis
222 3007 362 3020 .....
423 2978 588 3028 Saepius
622 2978 704 3028 jam
736 2991 808 3017 usu
841 2981 968 3027 venit,
1013 2987 1055 3019 ut
1092 2982 1368 3031 triumpharem
1400 2989 1491 3022 ante
1531 2985 1754 3032 victoriam,
1802 2985 1908 3034 quod

116 3036 363 3086 deprehendi,
395 3037 462 3075 ubi
494 3036 543 3075 ad
574 3037 702 3086 plures
734 3038 1027 3078 observationes
1050 3041 1152 3077 veni.
1192 3040 1304 3080 Nunc
1333 3041 1501 3088 tandem,
1533 3044 1566 3080 si
1599 3055 1697 3092 quae
1728 3049 1907 3083 tentave-

116 3095 200 3142 rim,
232 3107 332 3144 quae
353 3096 598 3143 excesserint,
628 3107 727 3144 quae
749 3095 967 3144 defecerint,
1000 3097 1195 3146 quomodo
1217 3098 1314 3138 haec
1334 3101 1546 3140 novissima
1575 3103 1674 3140 ratio
1695 3103 1735 3140 in
1755 3102 1906 3143 medio·-

118 3153 253 3194 critate
284 3152 438 3196 illorum
468 3158 652 3206 versetur,
683 3153 890 3206 perpendo,
921 3165 1035 3206 spero
1067 3155 1232 3208 denique
1264 3157 1501 3202 debellatum
1533 3170 1630 3201 esse.
