2126 3388
294 173 378 219 768
972 174 1055 211 Vita
1079 174 1103 210 J
1106 175 1232 211 oannis
1256 175 1415 222 Kepleri.

431 289 530 334 Quae
555 289 678 323 insunt
702 287 759 323 his
777 288 925 334 Kepleri
941 289 1055 326 literis
1077 292 1313 336 gravioribus,
1338 293 1468 338 quibus
1494 294 1642 338 propius
1660 293 1735 328 adit
1756 294 1800 329 ad
1820 293 2081 339 speculationes

291 359 386 393 suaS‚
412 348 583 393 leguntur
606 347 674 382 vol.
702 347 765 384 III.
792 359 825 393 p.
853 350 896 384 56
915 359 981 392 ss,;
1009 349 1076 385 sub
1101 350 1208 387 finem
1233 352 1323 397 petit
1349 363 1369 387 a
1394 351 1597 394 Maestlino,
1623 356 1663 387 ut
1688 351 1865 387 calculum
1891 352 2081 387 anomalia-

291 418 370 441 rum
396 405 620 450 planetarum
645 405 681 439 in
708 415 747 440 se
774 406 962 451 suscipiat:
991 418 1130 453 ‚,sper0,
1156 410 1282 455 inquit,
1311 410 1484 456 quidquid
1509 410 1642 446 laboris
1668 411 1737 445 hoe
1755 410 1832 455 erit,
1859 410 2083 455 compensari

287 467 431 509 posse&
479 464 695 499 Maestlinus
720 474 805 500 vero
831 464 962 500 iterum
988 466 1181 513 obmutuit3
1214 479 1307 505 anno
1335 469 1475 504 demum
1501 469 1602 505 1610.
1630 469 1815 513 proximae
1849 469 1926 514 ejus
1952 480 2081 504 occur—

287 526 371 557 runt
395 521 530 557 literae.

423 586 649 622 Matthias
682 587 1042 626 Hafenrefferus
1077 590 1180 626 initio
1215 591 1300 627 anni
1334 592 1422 627 1605
1448 590 1612 636 Tubinga
1648 591 1738 627 haec
1771 591 1871 627 dedit
1902 589 2078 636 Keplero:

287 644 388 686 „Vidi
414 648 450 679 et
473 644 542 688 legi
568 645 803 689 cogitationes
830 651 910 682 tuas
937 647 980 683 de
1006 648 1114 684 stella
1140 659 1251 695 nova,
1289 660 1380 694 quae
1405 649 1517 684 multo
1549 650 1636 685 mihi
1657 650 1941 694 jucundissimae
1965 649 2078 691 fuere,

284 702 379 746 quod
405 714 483 737 cum
508 714 589 738 mea
613 704 838 749 Epiphaniae
864 707 1037 741 concione
1068 707 1104 742 in
1128 712 1262 752 puncto
1291 707 1513 743 difficultatis
1542 708 1722 744 divinandi
1751 708 1966 743 examussim
1998 717 2079 742 con-

283 760 462 804 gruebant
488 761 558 805 (cfr.
586 763 651 796 vol.
678 766 704 799 I.
731 775 766 806 p.
790 766 882 809 475).
933 765 1111 800 Proximis
1143 766 1315 801 insecutis
1350 766 1475 801 diebus
1509 766 1580 801 vidi
1604 766 1739 801 incluto
1765 765 1912 801 scholae
1938 766 2079 801 senatui

283 818 404 852 offerri
429 820 613 864 exemplar
638 820 940 866 Paralipomenon
971 823 1006 858 in
1031 823 1261 859 Vitellioncm
1295 828 1331 858 et
1356 824 1460 859 simul
1493 825 1612 860 audivi
1643 825 1766 860 literas
1799 824 1943 859 recitari
1967 834 2010 858 ea
2034 822 2079 856 de

280 887 390 911 causa
414 882 581 912 exaratas
608 880 655 925 (v,
682 881 710 915 s‘.
735 892 770 925 p.
798 881 890 925 759).
940 882 996 916 Ad
1027 881 1109 917 illas
1142 883 1286 926 quidem
1318 888 1456 927 gratam
1489 888 1637 918 senatus
1674 883 1894 918 voluntatem
1920 881 2078 916 declara-

278 940 381 970 turus
407 937 450 972 D.
476 937 610 972 Rector
640 939 874 982 respondebit
906 944 973 975 etc.
1021 942 1117 985 (Vide
1143 943 1207 977 vol.
1236 944 1276 975 II.
1308 954 1341 985 p.
1368 946 1429 987 34,
1467 946 1524 975 ubi
1551 945 1651 975 etiam
1684 943 1909 985 deprehendes
1942 941 2077 973 Besoldi

277 994 391 1027 literas
416 996 529 1027 itidem
555 997 594 1028 de
620 996 743 1038 Optica
767 999 926 1042 agentes.)

413 1058 518 1092 Anno
546 1058 636 1094 *1604
668 1059 801 1095 adiisse
827 1061 1022 1106 Keplerum
1057 1063 1234 1099 medicum
1259 1064 1576 1100 Kaufburnensem
1609 1063 1666 1099 JO.
1695 1063 1736 1098 G.
1763 1063 2075 1107 Brenggerum,

277 1113 447 1157 adjuncto
474 1114 566 1150 forte
593 1127 701 1161 opere
728 1117 771 1153 de
798 1117 935 1165 Optica,
962 1130 1007 1155 ex
1032 1121 1087 1156 his
1105 1123 1302 1166 Brenggeri
1327 1123 1444 1158 verbis
1472 1122 1608 1158 elucet:
1630 1147 1753 1157 .....
1782 1121 1950 1164 „Amicus
1975 1131 2075 1156 meus

275 1174 325 1208 M.
351 1173 566 1209 Prechlerus
592 1175 851 1212 humanitatem
877 1182 975 1214 tuam
1001 1179 1091 1215 adeo
1118 1180 1351 1225 praedicavit,
1378 1186 1418 1216 ut
1444 1181 1672 1224 decreverim,
1698 1179 1843 1215 tandem
1868 1178 2004 1223 aliquid
2030 1178 2076 1214 ad

277 1236 314 1266 te
339 1231 436 1268 dare.
488 1233 560 1268 Sed
585 1244 668 1269 ecce
695 1238 820 1280 optato
846 1248 940 1273 nunc
967 1238 1135 1274 advolant
1161 1239 1288 1274 literae
1313 1243 1414 1284 tuae,
1443 1250 1535 1284 quae
1561 1250 1631 1284 quo
1657 1238 1774 1273 minus
1801 1249 1821 1273 a
1845 1247 1901 1272 me
1928 1247 2076 1282 exspec-

274 1293 372 1325 tatae
398 1301 439 1326 eo
466 1291 642 1336 gratiores
666 1292 753 1328 mihi
778 1295 997 1340 obtigerunt.
1034 1297 1159 1342 Video,
1186 1302 1221 1332 te
1246 1297 1358 1333 libere
1376 1297 1626 1343 philosophari
1652 1301 1688 1332 et
1713 1307 1831 1332 rerum
1856 1295 2072 1331 naturalium

274 1359 401 1384 causas
434 1360 478 1384 ex
502 1349 590 1395 ipsis
618 1351 765 1388 rationis
798 1353 957 1390 fontibus
989 1356 1126 1401 potius,
1161 1367 1268 1400 quam
1301 1366 1344 1391 ex
1377 1357 1577 1401 priscorum
1611 1355 1912 1400 philosophorum
1937 1353 2071 1400 rivulis⁷

273 1420 528 1454 nonnunquam
559 1413 730 1458 turbidis,
766 1413 909 1448 haurire
945 1414 1177 1449 constituisse
1204 1418 1294 1449 etc.“
1356 1415 1525 1450 Pluribus
1555 1415 1630 1458 J'am
1663 1413 1737 1458 agit
1768 1412 1992 1456 Brenggerus
2027 1411 2071 1446 de

273 1468 410 1512 opticis,
437 1469 480 1503 de
505 1469 584 1505 loeo
610 1471 774 1515 imaginis
800 1483 863 1516 per
894 1471 1127 1507 reflexionem
1154 1474 1381 1519 apparentis,
1415 1474 1458 1508 de
1484 1473 1641 1518 speculis
1673 1472 1807 1518 planis,
1840 1471 2009 1506 convexis
2034 1474 2071 1505 et

272 1526 448 1570 concavis,
477 1527 520 1562 de
545 1528 822 1565 refractionibus
851 1531 1085 1574 (Batavorum
1111 1532 1398 1566 observationem
1425 1532 1606 1576 explicare
1632 1530 1783 1575 studet),
1810 1530 1853 1565 de
1878 1529 1969 1574 luce,
1996 1537 2069 1564 cre-

271 1583 452 1627 pusculis,
480 1586 573 1621 aeris
602 1587 778 1632 pondere,
817 1587 860 1622 de
886 1588 991 1623 stella
1015 1599 1107 1623 nova
1133 1592 1198 1624 etc.
1242 1590 1399 1633 (Literae
1425 1589 1530 1625 datae
1556 1593 1639 1625 sunt
1665 1589 1699 1625 d.
1728 1590 1783 1625 10.
1809 1587 1892 1623 Jan.
1920 1587 2008 1622 1605
2034 1590 2070 1621 et

269 1643 439 1689 integrae,
467 1644 560 1680 sicut
584 1646 729 1689 Kepleri
756 1647 954 1690 responsio,
983 1646 1015 1682 d.
1043 1647 1074 1682 d.
1105 1648 1156 1682 17.
1176 1648 1349 1693 Januarii,
1376 1648 1546 1693 leguntur
1570 1648 1639 1684 vol.
1659 1648 1702 1682 ΙΙ.
1730 1657 1751 1682 a
1775 1657 1855 1691 pag.
1876 1647 1918 1681 37
1937 1645 1982 1691 ad
2001 1645 2069 1688 (ΞΟ.)

269 1700 327 1733 Ex
353 1701 421 1735 hae
448 1702 595 1747 Kepleri
629 1704 864 1748 responsione
900 1704 990 1739 haec
1022 1709 1161 1740 tantum
1188 1706 1247 1741 hic
1272 1707 1468 1751 repetenda
1503 1707 1727 1751 censuimus,
1762 1705 1893 1750 quibus
1928 1702 2067 1738 initium

268 1757 575 1795 fecitliterarum:
608 1759 821 1796 Plurimum
855 1772 915 1798 me
949 1760 1188 1800 delectarunt
1219 1768 1309 1801 tuae
1340 1763 1487 1809 literae,
1519 1774 1606 1800 cum
1635 1766 1791 1811 propter
1821 1760 1900 1798 alia
1930 1758 2064 1806 multa,

269 1819 349 1852 tum
372 1817 537 1854 maxime
570 1817 673 1866 quod
694 1818 911 1857 libertatem
933 1820 972 1856 in
995 1819 1228 1869 philosopho
1261 1825 1462 1871 tantopere
1485 1820 1743 1859 commendas.
1782 1818 1889 1857 Nihil
1909 1822 2065 1867 poteras

268 1874 391 1922 magis
424 1874 473 1912 ad
505 1887 629 1913 meam
661 1877 890 1914 sententiam
924 1879 1224 1927 exprimendam,
1258 1890 1346 1916 nam
1379 1887 1510 1917 contra
1541 1879 1785 1917 adversarios
1807 1876 1922 1925 hujus
1953 1876 2065 1913 insti-

267 1934 338 1968 tuti
372 1943 418 1970 nc
461 1932 733 1982 disputandum
774 1935 928 1984 quidem
970 1948 1121 1974 censeo.
1183 1936 1259 1975 Sed
1293 1942 1329 1975 et
1367 1939 1589 1976 necessaria
1629 1942 1688 1975 est
1726 1935 1940 1974 moderatio
1973 1946 1995 1972 a
2027 1938 2064 1971 te

268 1989 380 2037 dicta,
413 2002 460 2029 ne
491 1991 602 2030 liberi
635 2004 718 2031 esse
751 1993 881 2040 velint,
917 2006 1013 2043 quos
1045 1999 1184 2033 natura
1215 2007 1349 2033 servos
1379 1997 1535 2044 creavit,
1569 2007 1643 2034 neu
1674 1995 1832 2033 libertas
1863 1993 1967 2042 juste
1999 2003 2063 2030 ar-

265 2053 373 2096 repta
403 2049 624 2088 rebellionis
657 2053 926 2100 convincatur3
959 2057 1017 2090 est
1048 2053 1184 2091 modus
1216 2055 1254 2090 in
1286 2054 1413 2102 rebus,
1445 2066 1516 2092 nec
1546 2066 1631 2092 raro
1665 2065 1737 2094 oeu
1770 2053 1894 2100 venit,
1927 2054 1970 2088 ut
2000 2051 2062 2086 in-

267 2109 520 2155 temperantia
561 2108 767 2147 festinandi
812 2111 1137 2149 existimationem
1177 2117 1348 2150 nostram
1388 2114 1608 2161 prostituat.
1680 2112 1869 2160 Expertus
1911 2108 2061 2158 loquor,

266 2164 388 2202 multa
418 2168 621 2205 inussitavi
653 2179 801 2205 mecum
836 2168 1051 2214 diutissime
1084 2175 1215 2208 contra
1246 2172 1537 2219 antiquitatem,
1579 2182 1679 2220 quae
1711 2174 1916 2219 postquam
1949 2166 2059 2205 deni-

266 2233 340 2270 que
372 2223 435 2261 vel
465 2225 563 2262 serio
596 2237 620 2263 a
651 2237 711 2263 me
742 2226 814 2264 sub
846 2228 1006 2265 rationis
1039 2227 1208 2266 calculos
1231 2233 1372 2266 vocata
1401 2229 1519 2276 suere,
1553 2228 1614 2266 vel
1637 2233 1808 2277 tempore
1829 2230 2058 2271 maturuere,

266 2280 505 2329 deprehensa
543 2289 632 2320 sunt
670 2285 884 2323 verissima.
956 2286 1084 2335 Atque
1122 2286 1160 2323 id
1191 2287 1336 2335 passim
1378 2287 1416 2323 in
1446 2298 1531 2325 meo
1564 2298 1698 2336 opere,
1741 2285 1949 2335 praecipue
1987 2283 2058 2321 sub

264 2337 397 2386 finem,
444 2352 528 2377 sum
570 2341 669 2379 ultro
706 2342 832 2380 fassus
865 2345 1051 2389 (11.381).
1122 2344 1269 2382 Vitium
1307 2356 1399 2382 sane
1440 2345 1533 2382 mihi
1572 2349 1757 2393 agnatum
1796 2349 1833 2381 et
1872 2342 2058 2386 celeritati

266 2398 519 2435 ratiocinandi
558 2410 687 2438 comes
719 2399 954 2440 individuus.
1015 2401 1059 2438 In
1091 2404 1292 2440 sententiis
1336 2402 1491 2451 quidem
1522 2408 1696 2442 veterum
1730 2401 1908 2440 taxandis
1939 2398 2058 2437 nihil-

265 2454 354 2492 dum
374 2456 527 2495 invenio
552 2470 575 2495 a
596 2469 654 2496 me
676 2464 878 2507 peccatum
901 2459 937 2495 in
962 2457 1112 2508 Optica,
1145 2460 1214 2498 sed
1239 2466 1365 2499 tamen
1390 2461 1497 2500 deest
1518 2461 1712 2500 sufficiens
1733 2466 1907 2499 veterum
1928 2457 2054 2497 lectio.

401 2527 528 2563 Mense
550 2528 747 2564 Februario
774 2531 918 2576 scripsit
942 2531 1079 2575 Anglus
1108 2532 1479 2578 Christophorus
1506 2534 1749 2579 Heydonus
1775 2533 1821 2568 ad
1847 2531 2054 2576 Keplerum,

262 2587 423 2621 maximis
448 2587 549 2622 illum
574 2587 741 2624 laudibus
768 2599 916 2634 ornans,
945 2591 1086 2633 quaerit
1111 2590 1154 2625 de
1179 2602 1272 2627 nova
1297 2592 1420 2636 stella,
1454 2593 1497 2628 de
1523 2594 1648 2628 Lunae
1681 2592 1824 2627 theoria
1849 2590 2055 2636 Tychonica

261 2650 297 2679 et
322 2645 527 2690 astrologia,
553 2645 658 2681 simul
692 2648 801 2682 verba
826 2647 911 2682 facit
937 2648 981 2683 de
1010 2649 1169 2691 „theoria
1195 2651 1362 2696 Martis“,
1390 2662 1496 2696 quam
1524 2651 1702 2694 „numeris
1728 2651 1803 2686 suis
1829 2648 2052 2685 absolutam“

259 2703 467 2748 propediem
498 2703 680 2748 pollicitus
712 2705 758 2739 sit
783 2706 972 2750 Keplerus.
1026 2708 1228 2752 Responsio
1254 2709 1402 2754 Kepleri
1436 2710 1490 2753 (de
1522 2710 1630 2746 rebus
1662 2708 1900 2753 astrologicis)
1935 2710 2054 2742 exstat

260 2760 329 2796 vol.
356 2762 383 2796 Ι.
409 2773 443 2805 p.
470 2762 536 2797 369
562 2772 608 2797 ss.
658 2763 712 2797 De
735 2762 916 2807 Tyehonis
950 2765 1261 2802 observationibus
1290 2772 1357 2803 ete.
1390 2769 1480 2803 haec
1512 2768 1709 2813 respondit,
1769 2765 1856 2802 Non
1888 2763 2052 2801 diffiteor

262 2827 323 2854 me
355 2816 540 2866 Tychone
573 2823 736 2865 mortuo,
770 2819 1002 2858 haeredibus
1037 2821 1099 2859 vel
1131 2823 1357 2861 absentibus
1389 2824 1452 2862 vel
1474 2836 1609 2874 parum
1629 2824 1773 2874 peritis,
1807 2822 2052 2861 observatio-

262 2885 353 2911 num
385 2874 602 2913 relictarum
634 2876 795 2915 tutelam
827 2877 919 2915 mihi
964 2879 1197 2918 confidenter
1229 2888 1265 2919 et
1296 2881 1425 2920 forsan
1457 2888 1680 2932 arroganter
1710 2892 1936 2930 usurpasse,
1977 2878 2049 2918 ad—

262 2933 383 2970 versis
413 2932 621 2972 haeredum
653 2936 938 2984 voluntatibus,
981 2949 1056 2975 non
1096 2939 1260 2977 obscura
1298 2945 1426 2978 tamen
1460 2941 1637 2989 jussione
1678 2939 1937 2989 imperatoris,
1983 2939 2049 2986 qui

262 3000 346 3026 cum
378 3002 507 3029 curam
537 2993 874 3032 instrumentorum
906 2995 1000 3032 mihi
1021 2995 1304 3043 demandasset,
1338 3010 1422 3047 ego,
1455 2999 1533 3037 late
1565 3003 1723 3048 accepto
1747 2996 1942 3044 mandato,
1975 2996 2047 3033 ob-

261 3049 501 3087 servationes
532 3052 776 3099 potissimum
807 3054 933 3102 recepi
965 3054 1166 3093 curandas.
1228 3055 1377 3094 Multae
1409 3068 1455 3094 ex
1488 3068 1533 3096 eo
1565 3057 1848 3095 controversiae
1868 3066 1928 3092 me
1950 3055 2048 3091 inter

263 3108 301 3143 et
330 3105 534 3158 haeredes,
576 3108 665 3148 dum
706 3121 778 3160 ego
808 3110 1007 3161 publicum
1038 3112 1282 3152 commodum
1310 3115 1493 3165 respicio,
1536 3116 1629 3167 ipsis
1660 3113 1706 3153 de
1737 3115 1889 3167 privato
1919 3119 1989 3152 suo
2022 3123 2046 3150 a
