2177 3408
468 194 704 232 Summarium
729 195 909 232 Historiae
935 195 1186 233 Astronomiae
1211 195 1332 231 seculo
1358 196 1452 232 XVI.
1788 193 1871 240 667

75 321 154 346 nem
182 316 217 348 et
243 312 330 348 alios
356 313 484 349 fecisse
508 314 617 357 vides,
643 314 837 349 Ptolemaei
862 323 1000 349 errores
1026 314 1203 359 ineptiore
1227 314 1332 349 modo
1359 312 1629 358 corrigentibus,
1672 311 1776 348 Unde
1800 312 1872 348 fac-

74 374 160 414 tum,
187 375 226 406 ut
252 371 493 407 calendarium
519 377 770 417 restauratum,
798 383 867 417 quo
894 383 1108 418 quamquam
1134 383 1204 407 non
1231 372 1393 408 omnibus
1420 373 1512 407 vitiis
1539 376 1692 417 purgato
1716 382 1774 407 res
1791 383 1871 417 pro-

75 434 172 463 mota
198 440 277 465 esse
308 434 405 465 recte
432 431 579 476 dicitur,
610 431 921 466 vehementissime
946 432 1216 476 impugnaretur
1242 435 1278 467 et
1303 431 1574 476 exspectatione
1600 431 1714 465 serius
1745 430 1872 475 proba-

75 492 190 531 retur3
227 487 358 524 factum
396 493 451 523 est
478 489 600 533 etiam,
636 494 676 524 ut
701 500 757 525 res
783 489 971 534 telescopii
1005 500 1073 535 ope
1105 491 1268 525 detectae
1300 490 1344 524 ab
1371 489 1583 524 adversariis
1609 498 1710 524 sacro
1736 488 1871 532 impetu

73 545 275 581 furentibus
310 552 544 592 negarentur3
577 548 710 584 factum
735 548 911 593 denique,
947 553 986 584 ut
1011 548 1160 593 physica
1186 553 1221 583 01
1245 548 1395 583 historia
1420 548 1594 583 naturalis
1621 546 1772 583 eundem
1798 546 1872 582 fere

74 603 192 639 locum
217 604 429 641 obtinerent.
457 617 561 651 quem
588 607 801 643 Aristoteles
828 608 977 652 ejusque
1004 610 1200 642 sectatores
1226 607 1307 641 inde
1334 617 1354 641 a
1380 606 1496 641 medio
1522 617 1608 642 aevo
1635 605 1738 651 quasi
1761 605 1873 640 fixum

74 663 345 699 constituerant.
405 665 538 699 Contra
568 664 760 708 astrologia
803 666 958 700 maxima
994 665 1145 700 florebat
1178 665 1410 708 auctoritate,
1448 664 1573 709 paucis
1605 668 1743 699 tantum
1775 663 1872 698 illius

68 721 194 766 jugum
227 722 512 765 excutientibus3
544 722 639 756 illius
672 722 817 757 oracula
846 723 958 767 pluris
990 728 1102 767 erant,
1128 735 1232 768 quam
1261 723 1437 766 integrum
1467 722 1708 757 astronomiae
1741 722 1871 765 lumen,

71 778 161 813 adeo
196 783 235 814 ut
268 783 554 814 astronomorum
589 790 708 823 nemo,
743 781 811 815 nisi
836 782 885 815 illi
913 786 1007 816 esset
1038 781 1221 825 addictus,
1257 780 1436 825 stipendio
1470 781 1656 825 proposito
1691 780 1871 824 gauderet.

75 836 227 872 Cardani
253 838 395 882 quidem
422 844 457 873 et
473 839 605 873 Portae
632 844 667 872 et
684 839 828 874 Fluddii
846 839 925 874 libri
952 839 1066 884 pluris
1084 839 1323 882 habebantur,
1350 849 1455 884 quam
1474 850 1681 883 paucorum,
1701 840 1760 883 qui
1785 838 1874 874 libe-

71 896 164 930 riore
186 896 322 940 judicio
348 896 552 940 utebantur,
580 907 705 941 opera,
732 902 793 931 aut
820 898 849 932 si
874 898 958 943 quid
984 898 1035 933 illi
1060 897 1252 941 habebant,
1281 897 1375 942 quod
1393 902 1517 942 posset
1541 897 1702 942 probari,
1728 907 1785 932 res
1812 898 1872 932 ob-

73 965 195 990 scuras
219 955 451 991 involvebant
474 955 591 989 verbis
617 956 882 990 obscurioribus
910 960 946 990 et
973 956 1241 1001 superstitionis
1269 956 1413 990 somniis
1441 956 1649 991 obruebant.

213 1013 378 1048 Siderum
413 1014 743 1057 cognoscendorum
779 1026 836 1049 ars
871 1016 968 1058 apud
1010 1015 1205 1060 plerosque
1236 1014 1347 1059 paulo
1379 1015 1493 1059 magis
1526 1025 1631 1059 quam
1663 1016 1780 1059 prisco
1812 1020 1874 1050 aut

73 1071 189 1106 medio
215 1082 301 1107 aevo
329 1077 406 1107 erat
433 1072 586 1108 exculta.
638 1073 819 1118 Tychonis
846 1074 990 1118 quidem
1015 1074 1158 1118 ingenio
1185 1073 1394 1114 excellenti,
1431 1073 1608 1108 industria
1632 1073 1813 1109 indefessa
1838 1078 1873 1110 et

76 1130 202 1174 grandi
235 1142 342 1175 quam
377 1131 547 1175 parandis
579 1132 827 1166 instrumentis
865 1133 1068 1168 insumebat
1103 1132 1256 1177 pecunia
1290 1132 1447 1167 siderum
1483 1133 1787 1168 observandorum
1813 1144 1869 1168 ars

72 1190 199 1224 mirum
223 1189 259 1223 in
287 1189 431 1224 modum
456 1194 562 1225 aucta
587 1193 654 1231 est,
682 1190 809 1225 stellae
833 1191 927 1225 fixae
953 1190 1083 1226 tabulis
1102 1191 1306 1235 descriptae
1332 1195 1416 1226 sunt
1442 1192 1580 1226 ratione
1605 1191 1710 1236 longe
1730 1202 1874 1227 accura-

72 1250 184 1287 tiore,
211 1258 316 1292 quam
342 1248 424 1283 illae
452 1259 544 1292 quae
570 1251 762 1283 occurrunt
786 1248 860 1282 fere
888 1259 1002 1292 usque
1028 1249 1073 1283 ad
1100 1249 1207 1284 finem
1234 1249 1346 1284 seculi
1371 1250 1474 1290 XVI)
1496 1248 1723 1294 planetarum
1749 1260 1874 1284 cursus

70 1307 184 1351 magis
210 1307 395 1350 magisque
421 1307 466 1342 ad
492 1317 569 1340 eam
595 1318 755 1341 normam
781 1307 899 1342 adacti
927 1312 1029 1351 sunt,
1062 1319 1133 1352 qua
1159 1308 1203 1343 ad
1229 1307 1387 1343 calculos
1412 1308 1572 1343 revocari
1599 1312 1758 1352 possent.
1805 1308 1875 1342 Sed

70 1365 200 1408 reliqui
225 1369 369 1409 praeter
394 1365 601 1411 Tychonem
629 1370 664 1400 et
687 1365 956 1410 Landgravium
982 1366 1212 1401 Guilielmum
1230 1366 1523 1401 destituebantur
1548 1365 1604 1400 his
1622 1365 1777 1410 auxiliis,
1805 1376 1874 1409 quo

71 1423 223 1466 factum,
260 1426 300 1458 ut
325 1428 361 1459 et
385 1429 461 1459 arte
487 1429 523 1458 et
549 1424 808 1459 exercitatione
841 1424 1055 1460 observandi
1085 1424 1301 1459 laborarent.
1351 1425 1443 1469 Quid
1469 1424 1613 1467 mirum,
1642 1423 1736 1468 quod
1762 1428 1874 1459 astro-

71 1482 166 1516 nomi
190 1482 252 1516 illa
277 1485 394 1517 aetate
420 1482 616 1517 innumeris
642 1482 823 1517 erroribus
848 1482 1021 1527 implicati
1047 1487 1148 1527 sunt,
1175 1482 1305 1527 quibus
1331 1483 1411 1518 libri
1439 1493 1561 1517 eorum
1587 1482 1799 1526 disciplinae
1823 1482 1875 1516 in-

72 1544 253 1576 cremento
281 1539 482 1583 officerent,
510 1551 727 1584 quamquam
753 1551 773 1575 a
797 1541 980 1575 nonnullis
1005 1541 1220 1576 auxiliorum
1246 1541 1406 1586 inopiam
1431 1541 1564 1586 ingenii
1590 1541 1788 1576 subtilitate
1814 1551 1874 1575 ex-

72 1602 277 1643 superatam
296 1609 375 1634 esse
394 1599 515 1642 negari
533 1610 605 1633 non
622 1603 754 1643 potest.
793 1599 880 1634 Tale
899 1599 1074 1634 auxilium
1091 1599 1258 1644 praebuit
1275 1599 1493 1634 astronomis
1510 1599 1614 1633 initio
1632 1598 1743 1634 seculi
1761 1599 1873 1633 XVII.

65 1656 158 1701 juris
185 1656 370 1691 consultus
396 1658 631 1701 Augustanus
650 1657 701 1692 Jo
714 1667 851 1692 annes
877 1658 1101 1702 Bayerus‚
1131 1656 1256 1693 stellas
1274 1658 1367 1693 fixas
1384 1656 1519 1692 tabulis
1536 1657 1708 1701 referens,
1735 1657 1876 1701 Tycho-

69 1715 123 1750 nis
152 1715 355 1759 catalogum
381 1720 546 1757 secutus,
582 1715 688 1759 longe
723 1714 839 1759 majus
873 1726 956 1750 vero
989 1715 1171 1750 detectum
1203 1716 1458 1760 telescopium,
1497 1726 1567 1760 quo
1604 1716 1697 1750 Solis
1729 1716 1873 1759 1010110,

69 1773 170 1808 Jovis
195 1774 370 1808 satellites
398 1778 433 1808 et
456 1774 609 1809 Veneris
628 1773 761 1818 phases
787 1774 824 1808 in
851 1778 1048 1818 conspectu
1072 1774 1310 1818 ponebantur,
1337 1785 1408 1818 quo
1429 1773 1618 1818 Copernici
1635 1773 1726 1807 ratio
1745 1784 1875 1808 novum

72 1832 228 1868 obtinuit
245 1837 495 1878 argumentum
513 1838 548 1868 et
578 1844 669 1877 quae
687 1833 914 1878 planetarum
939 1837 1100 1868 motuum
1118 1832 1177 1868 lex
1196 1837 1292 1868 esset
1317 1831 1556 1876 investigandi
1581 1833 1637 1866 via
1664 1836 1790 1876 aperta
1807 1836 1874 1867 est.

210 1892 251 1925 In
277 1891 508 1936 geometricis
537 1896 572 1927 01
598 1891 832 1926 arithmeticis
859 1891 1009 1926 ducibus
1035 1892 1232 1927 utebantur
1249 1891 1327 1926 aevi
1343 1890 1438 1926 illius
1456 1891 1698 1926 mathematici
1718 1890 1874 1934 Graecis,

70 1949 165 1994 quod
190 1954 343 1994 apparet
369 1960 413 1983 ex
438 1950 576 1994 graecis
602 1950 866 1985 mathematicis
894 1950 1096 1984 sexcenties
1154 1949 1268 1984 editis.
1320 1948 1605 1992 Trigonometria
1629 1948 1672 1983 ab
1698 1948 1875 1984 Arabibus

72 2007 107 2041 in
133 2017 260 2042 novam
296 2007 446 2043 formam
471 2007 627 2052 redacta,
655 2019 675 2042 a
700 2008 1002 2052 Regiomontano,
1040 2007 1256 2051 Copernico‚
1290 2006 1466 2041 Rhaetico
1493 2006 1591 2041 culta
1616 2010 1652 2041 et
1675 2011 1796 2051 aucta,
1822 2007 1874 2041 in-

70 2065 185 2100 ventis
203 2065 439 2100 fractionibus
459 2065 691 2100 decimalibus
710 2070 745 2100 01
761 2066 955 2110 praecipue
978 2064 1201 2109 Iogarithmis
1221 2065 1348 2109 (1614)
1376 2064 1620 2108 expediendis,
1646 2076 1738 2109 quae
1765 2070 1872 2101 antea

70 2124 224 2167 fuerant,
252 2124 524 2160 difficultatibus
551 2124 731 2168 egregium
750 2125 890 2169 accepit
906 2124 1164 2169 adjumentum,
1192 2135 1262 2168 quo
1280 2134 1364 2158 vero
1383 2123 1562 2168 Keplerus
1581 2132 1660 2158 sero
1679 2124 1871 2159 admodum

71 2181 122 2214 uti
148 2181 274 2226 potuit,
300 2193 372 2216 non
397 2182 514 2216 minus
541 2193 581 2217 ac
606 2181 731 2225 forma,
760 2194 869 2226 quam
888 2183 1029 2227 accepit
1054 2182 1276 2227 algebraicus
1295 2182 1456 2217 calculus
1474 2192 1495 2216 a
1512 2182 1618 2217 Victa
1636 2186 1671 2216 et
1691 2182 1869 2225 Hariotto,

71 2248 150 2273 sero
177 2239 368 2274 admodum
386 2239 541 2284 Keplero
562 2240 727 2283 innotuit,
754 2241 805 2276 ita
830 2245 869 2276 ut
893 2241 1075 2277 rarissime
1093 2251 1135 2276 eo
1161 2245 1325 2276 uteretur
1345 2240 1523 2285 Keplerus
1543 2240 1588 2275 ad
1607 2239 1764 2276 calculos
1788 2252 1872 2276 suos

71 2298 342 2334 astronomicos.
