2126 3388
238 220 322 267 948
669 212 671 214 ’
909 216 993 253 Vita
1017 216 1167 252 {Ioannis
1192 216 1349 262 Kepleri.

238 343 469 390 conquestus
507 341 582 383 est,
626 334 727 384 quod
772 347 794 372 a
828 345 869 372 se
909 335 1142 383 postularet,
1187 341 1231 373 ut
1266 346 1455 372 summam
1491 335 1804 383 superstitionem
1839 338 2023 373 tractaret

238 402 280 445 (Ι.
305 401 374 436 358
399 399 481 441 ss.);
521 400 558 432 et
592 393 694 430 haud
717 403 827 430 secus
850 392 1258 430 Wallenstenium
1293 393 1433 439 docuit,
1467 403 1621 430 caecam
1653 393 1886 441 astrologiae
1908 393 2020 429 fidem

238 456 287 493 ad
308 464 451 492 errores
474 452 611 489 ducere
633 451 821 487 maximos
845 456 882 488 et
913 450 1016 487 haud
1039 462 1174 498 parum
1206 450 1295 487 mali
1319 450 1467 487 efficere
1487 462 1603 498 posse
1631 453 1674 493 (v.
1696 463 1724 488 S.
1743 464 1778 496 p.
1797 452 1864 487 348
1883 453 1936 496 s.).
1955 472 1998 481 -Ὓ

374 512 430 548 Ex
463 509 637 558 epistolis
669 507 826 556 Kepleri
857 507 905 545 ad
927 508 1148 545 Fabricium
1180 508 1280 546 datis
1311 508 1407 545 hacc
1438 507 1647 556 repetenda
1669 508 1899 554 censuimus,
1933 509 2021 556 qui-

236 570 307 607 bus
338 569 599 617 probaremus,
632 577 730 614 quae
753 565 868 603 modo
892 565 1056 603 diximus
1079 565 1125 603 de
1143 566 1242 614 jocis
1274 571 1312 603 et
1342 566 1512 613 facetiis,
1547 565 1686 615 quibus
1715 564 1908 613 Keplerus
1939 567 2021 602 viro

236 627 502 675 superstitioso
534 624 742 673 respondit.
803 623 1003 661 Fabricius
1033 625 1258 672 scripserat,
1291 623 1541 672 astrologiam
1572 635 1612 661 se
1645 623 1819 661 excolere
1850 623 1952 662 velle
1986 629 2023 660 et

241 683 441 721 defendere
474 688 604 720 contra
635 683 809 718 inimicos
843 693 1105 730 quoscunque.
1168 681 1358 730 Keplerus
1396 681 1612 730 respondit:
1656 680 1715 718 Tu
1757 682 1789 717 si
1827 680 1919 729 quid
1960 681 2022 718 hic

241 742 488 790 praestiteris,
521 741 674 777 laudem
709 745 816 776 tanto
848 740 1032 787 majorem
1056 751 1172 788 quam
1195 751 1266 788 ego
1288 740 1515 789 reportabis,
1549 744 1694 788 quanto
1715 740 1873 787 propius
1895 744 2022 776 astro-

237 800 343 847 logia
374 799 422 835 ad
446 810 537 836 usus
559 799 748 835 humanos
772 797 932 843 accedit,
967 803 1111 846 quanto
1133 797 1230 835 haec
1251 796 1428 835 subtilior
1449 798 1697 835 astronomia.
1746 796 1889 834 Verum
1911 797 2019 843 scito,

236 858 398 905 primum
429 862 547 904 atque
580 863 618 892 tu
643 861 763 893 metas
796 853 986 905 ιῖκριβειιις
1018 860 1055 892 et
1077 856 1214 893 virium
1236 855 1393 893 humani
1425 857 1569 904 ingenii
1601 854 1910 902 transscenderis,
1944 866 2021 903 quo

237 916 392 962 longius
424 916 461 950 in
496 920 559 951 tua
592 914 842 962 persuasione
874 919 1080 961 provectus
1112 914 1246 961 fueris,
1290 913 1364 951 hoc
1395 915 1518 962 magis
1551 919 1587 950 te
1619 912 1710 950 mihi
1749 912 1828 950 fore
1859 924 2021 962 suspec-

236 978 317 1009 tum
349 971 585 1009 credulitatis
617 973 769 1008 nimiae.
831 970 908 1009 Sed
940 970 1057 1010 heus!
1093 970 1270 1019 Peccavi,
1303 983 1351 1009 ne
1383 972 1516 1009 ferias!
1548 971 1708 1008 Inermis
1731 969 1880 1009 adsum.
1925 970 2022 1008 Cum

237 1031 337 1067 enim
369 1031 512 1067 nemini
546 1035 582 1066 te
616 1031 848 1078 parciturum
881 1030 957 1075 ais,
992 1031 1119 1067 cautio
1151 1029 1243 1066 mihi
1276 1034 1334 1066 est
1366 1029 1603 1074 adhibenda,
1634 1040 1681 1065 ne
1713 1034 1751 1065 et
1781 1039 1840 1066 me
1871 1028 2021 1066 hostem

236 1088 306 1125 tibi
339 1087 527 1135 deligas.“
554 1117 561 1124 .
588 1120 593 1125 .
619 1115 627 1123 .
653 1115 662 1124 .
724 1086 850 1133 Suda,
895 1086 991 1124 suda
1029 1088 1074 1126 de
1108 1087 1408 1135 profectionibus
1448 1092 1484 1124 et
1525 1087 1817 1131 directionibus,
1862 1098 1950 1123 nam
1984 1091 2021 1124 et

237 1156 309 1194 ego
342 1142 523 1182 sudavi.“
586 1144 676 1182 Jam
709 1144 876 1193 explicat
906 1157 1015 1181 suam
1051 1143 1292 1197 „dirigentli“
1326 1147 1524 1191 rationem,
1560 1157 1659 1194 quae
1692 1156 1809 1193 quum
1842 1145 2021 1182 Fabricio

237 1215 313 1239 non
347 1202 576 1251 displiceret,
611 1203 669 1239 bis
702 1214 788 1239 eum
820 1202 954 1239 laudat
979 1203 1194 1252 Keplerus:
1231 1203 1412 1254 „Agnum
1444 1203 1507 1239 hic
1538 1204 1633 1251 agis,
1669 1205 1721 1239 ita
1753 1214 1792 1240 es
1824 1203 2019 1240 innocenS.

237 1261 371 1298 Placet
402 1262 471 1298 tibi
505 1261 778 1298 demonstratio
801 1266 1038 1309 aspectuum,
1073 1260 1333 1298 reductionem
1356 1261 1403 1297 ad
1425 1261 1641 1309 eclipticam
1674 1261 1885 1309 approbas,
1919 1260 2021 1296 divi-

240 1320 388 1356 sionem
421 1320 714 1356 eccentrieitatis
748 1318 847 1355 Solis
879 1318 1062 1365 admittis,
1095 1320 1299 1357 sanitatem
1331 1330 1534 1367 recuperas
1568 1319 1615 1356 ab
1648 1318 1880 1367 astrologica
1912 1318 2020 1365 febri,

238 1388 307 1414 nec
341 1376 551 1425 quidquam
583 1377 736 1422 scribis,
781 1376 882 1424 quod
916 1377 951 1412 in
986 1377 1058 1414 hac
1089 1388 1127 1413 re
1161 1388 1235 1413 non
1270 1378 1407 1414 eximie
1440 1374 1638 1425 pi·obem.“
1666 1406 1672 1413 .
1698 1405 1706 1414 .
1733 1405 1741 1414 .
1767 1405 1776 1414 .
1841 1376 1926 1424 „De
1958 1378 2020 1412 iu-

239 1434 511 1472 clinationibus
544 1434 748 1471 confudisti
778 1445 836 1470 me
869 1435 967 1470 inter
997 1434 1214 1483 legendum.
1277 1435 1404 1472 Velim
1436 1436 1643 1484 respiceres
1676 1434 1723 1471 ad
1755 1446 1861 1471 meas
1891 1434 2021 1471 literas

238 1494 394 1541 priores,
428 1492 519 1541 quid
553 1493 706 1529 omnino
739 1493 966 1540 scripserim.
1028 1493 1124 1529 Nam
1158 1492 1253 1530 haec
1285 1493 1459 1541 quidem,
1494 1493 1596 1542 quod
1629 1498 1669 1529 tn
1701 1493 1867 1539 refutas,
1906 1491 2020 1540 plane

238 1561 314 1587 non
346 1551 493 1599 scripsi.
555 1550 724 1596 Probas,
769 1549 951 1597 conjungi
983 1555 1286 1598 temperamenta
1318 1550 1633 1588 inclinationibus
1667 1556 1704 1588 ct
1735 1550 1850 1587 simul
1880 1551 2021 1586 immu-

238 1609 320 1645 tari.
383 1607 504 1656 Quasi
538 1620 608 1655 ego
641 1608 713 1644 hoc
745 1609 979 1656 negaverim.
1044 1608 1145 1645 Vera
1177 1608 1284 1655 dicis,
1318 1614 1464 1645 tantum
1498 1621 1543 1646 ne
1577 1608 1700 1655 dicas,
1734 1608 1795 1646 vel
1827 1614 2021 1656 tempera-

240 1671 369 1703 menta
402 1666 462 1703 vel
494 1665 761 1703 inclinationes
793 1665 1017 1703 naturaliter
1047 1678 1159 1714 posse
1191 1667 1399 1715 permutari
1444 1667 1556 1715 plane
1598 1668 1809 1704 contrariis.
1873 1666 1915 1702 In
1948 1665 2021 1703 hoc

240 1725 339 1761 enim
371 1725 558 1772 pervertis
591 1735 713 1760 meam
745 1725 988 1770 sententiam,
1023 1724 1110 1760 dnm
1143 1726 1290 1773 scripsi,
1324 1731 1366 1762 ut
1389 1725 1522 1761 oculus
1555 1724 1602 1761 ad
1636 1725 1766 1761 album
1799 1729 1836 1762 et
1856 1725 2020 1773 nigrum,

239 1783 293 1819 sic
325 1784 475 1818 animus
506 1781 555 1818 ad
595 1781 690 1819 haec
722 1786 831 1829 mcii-1,-
863 1781 1064 1829 colestia,
1106 1782 1288 1831 intelligis
1321 1788 1361 1819 tu
1395 1783 1442 1819 ad
1480 1783 1789 1829 inclinationem,
1834 1781 1882 1819 ad
1921 1783 2022 1819 furta

241 1845 312 1877 ete.
350 1839 436 1876 Non
468 1845 558 1888 peto
590 1851 611 1876 a
645 1845 693 1885 tc,
725 1840 775 1875 mi
798 1839 962 1886 Fabrici,
996 1846 1036 1876 ut
1068 1840 1189 1877 multa
1220 1841 1376 1886 scribas,
1410 1841 1476 1878 scd
1509 1847 1549 1878 ut
1570 1853 1613 1878 ex
1636 1840 1893 1878 fundamentis
1925 1840 2022 1877 bene

241 1897 487 1935 collectarum
521 1899 811 1945 cogitationum.
875 1897 934 1934 Tu
966 1909 1143 1947 namque,
1177 1899 1209 1935 si
1240 1899 1443 1946 relegisses
1475 1910 1561 1936 mea
1593 1904 1629 1936 et
1660 1904 1737 1945 tua,
1772 1898 1934 1934 vidisses
1953 1909 2022 1935 nos

241 1955 303 1992 hic
334 1954 433 1993 idem
466 1967 593 2003 agere.
654 1955 821 1992 Nimium
861 1960 900 1991 tu
939 1957 1050 1993 astris
1083 1957 1231 1994 tribuis.
1293 1957 1380 1994 Tibi
1414 1957 1522 1994 Deus
1555 1956 1603 1994 ad
1635 1961 1738 1994 astra
1768 1957 1941 2004 respicit,
1980 1961 2021 1992 ut

242 2018 543 2062 temperamenta
584 2013 720 2050 formet
751 2018 788 2050 et
826 2013 1113 2059 inclinationes,
1158 2014 1250 2050 milri
1290 2016 1441 2052 animae
1480 2014 1707 2051 sublunares
1751 2013 1798 2050 ad
1839 2014 1939 2051 idem
1972 2014 2020 2050 ob

239 2071 339 2108 idem
372 2072 619 2120 1·espiciunt.“
648 2099 657 2108 .
680 2102 689 2110 .
713 2101 719 2108 .
746 2102 753 2109 .
809 2070 1009 2122 „Ridicule
1043 2072 1203 2109 desinis:
1247 2072 1354 2110 Deus
1388 2079 1423 2110 et
1456 2072 1576 2110 Satan
1609 2071 2020 2109 concurrunt-stultum

242 2141 345 2177 ergo,
381 2130 508 2165 omnia
541 2128 588 2166 ad
621 2140 757 2165 causas
790 2129 985 2166 naturales
1017 2131 1165 2167 referre.
1226 2129 1363 2177 Multa,
1399 2131 1562 2176 Fabrici,
1597 2130 1729 2176 multa,
1763 2131 1840 2166 imo
1872 2130 2021 2178 pleras-

245 2199 320 2235 que
351 2188 532 2224 scientias
564 2186 678 2235 hujus
711 2188 924 2224 sentcntiae
956 2188 1157 2236 tyrannide
1181 2190 1386 2236 opprimes.
1429 2187 1530 2236 Quid
1554 2187 1686 2225 enim?
1718 2188 1758 2225 Si
1780 2187 1854 2224 boc
1876 2199 2020 2233 verum,

239 2257 329 2281 num
363 2245 448 2282 ideo
480 2256 603 2281 meam
635 2246 864 2281 sententiam
898 2256 981 2281 cum
1014 2251 1080 2282 tua
1111 2247 1357 2294 permutabo,
1398 2251 1600 2295 propterea
1644 2245 1747 2294 quod
1779 2251 1845 2282 tua
1878 2245 1950 2282 Dei
1984 2250 2021 2282 et

238 2303 401 2340 Diaboli
423 2314 518 2351 opus
539 2302 626 2351 plus
648 2302 805 2350 indiget,
838 2315 923 2340 mea
945 2303 1030 2340 illas
1053 2303 1356 2353 hyperphysicas
1377 2304 1491 2352 plane
1514 2315 1590 2340 non
1612 2302 1811 2341 excludit?
1861 2302 2020 2340 Minime
2040 2339 2042 2342 ,

239 2360 330 2398 hoc!
382 2359 518 2397 Potius
557 2372 707 2397 omnem
747 2360 993 2408 astrologiam
1033 2363 1229 2398 mittamus
1269 2367 1306 2399 et
1343 2361 1527 2399 mundum
1571 2361 1817 2399 sublunarem
1858 2361 1942 2399 Deo
1984 2365 2021 2398 et

239 2418 408 2456 Diabolo
440 2418 648 2467 regendum
680 2417 915 2456 trada1nus.“

386 2476 797 2524 „Dissertatiuntulam
829 2488 952 2514 meam
980 2480 1051 2523 (De
1076 2479 1315 2515 fundamentis
1341 2480 1582 2523 Astrologiae)
1615 2477 1785 2524 ador-iris,
1819 2476 1886 2514 Sed
1918 2477 2021 2514 osci-

239 2539 364 2572 tanter
395 2540 433 2571 ct
463 2533 603 2571 infelici
643 2535 815 2582 auspicio
821 2562 957 2572 .....
1021 2534 1145 2572 Pudet
1183 2547 1242 2573 me
1279 2542 1449 2584 repetere
1487 2548 1532 2573 ex
1566 2535 1916 2573 dissertatiuncula.
1979 2534 2019 2572 Si

241 2598 282 2629 tu
314 2594 532 2637 existimas,
565 2597 602 2629 te
633 2598 783 2640 gratum
817 2592 907 2629 milri
940 2592 1064 2630 facere
1096 2604 1155 2629 me
1178 2593 1389 2631 exercendo
1423 2594 1704 2641 objectionibus
1735 2604 1811 2631 non
1843 2593 1951 2630 seriis
1983 2597 2019 2629 et

239 2650 276 2686 in
309 2650 448 2698 quibus
478 2651 559 2699 ipse
592 2651 690 2686 scias
721 2649 963 2696 solutionem,
997 2650 1150 2689 falleris.
1201 2651 1286 2688 Non
1319 2657 1407 2700 peto
1439 2652 1508 2688 tibi
1542 2664 1583 2689 os
1616 2653 1778 2698 vincere,
1811 2649 1877 2688 sed
1909 2661 2018 2687 men-

239 2712 326 2755 tem,
360 2709 540 2753 animum,
573 2709 800 2744 sententiam
823 2709 891 2745 tibi
915 2710 1059 2757 eripere
1081 2709 1245 2757 penitus,
1279 2715 1345 2746 aut
1367 2720 1489 2746 meam
1512 2711 1581 2746 tibi
1604 2708 1749 2755 cedere,
1782 2710 1814 2745 si
1836 2705 2014 2745 viceris.“

378 2765 436 2802 Ad
470 2765 635 2802 Fabricii
669 2766 841 2803 timorem
873 2767 921 2803 ob
954 2767 1159 2804 instantem
1195 2766 1493 2814 „directionenfi
1529 2766 1734 2815 quandam,
1766 2766 1837 2803 sibi
1859 2765 1959 2802 mala
1981 2770 2019 2803 et

239 2822 410 2871 pericula
451 2823 744 2871 portendentem
781 2825 835 2861 sic
874 2823 1070 2872 respondit
1109 2824 1316 2873 Keplerus:
1362 2824 1422 2873 „O
1455 2830 1491 2862 tc
1523 2826 1700 2862 miserum
1743 2828 1781 2862 et
1810 2822 2014 2870 infelicem,

240 2882 306 2928 qui
339 2886 394 2917 tot
421 2881 501 2928 jam
540 2882 632 2917 meis
674 2882 990 2918 instructionibus
1034 2882 1203 2919 nondum
1249 2882 1400 2920 liberari
1439 2888 1548 2932 potes
1581 2895 1603 2919 a
1634 2887 1737 2919 metu
1781 2880 2013 2928 directionis,

243 2939 332 2985 quin
367 2942 403 2975 et
435 2938 617 2975 orandum
650 2939 718 2975 tibi
751 2944 876 2988 putas,
911 2951 957 2976 ne
989 2941 1138 2977 animae
1162 2945 1310 2978 noceat.
1363 2940 1587 2978 Benefaeiat
1609 2940 1716 2977 Deus
1737 2942 1826 2975 tuae
1848 2939 2013 2986 animae,

242 3000 406 3031 ceterum
439 3001 479 3032 ut
511 2995 695 3045 impediat
727 2997 989 3043 directionem,
1030 3009 1078 3034 ne
1111 2997 1163 3033 illi
1195 3003 1351 3044 noceat,
1385 2997 1479 3034 nihil
1512 3003 1568 3035 est
1600 2997 1795 3034 necesse«
1858 2995 1900 3032 In
1933 2997 2017 3046 epi-

241 3052 346 3088 stolis
383 3053 549 3090 Fabricii
593 3053 638 3090 de
678 3055 845 3090 motibus
878 3054 1014 3091 Martis
1053 3060 1295 3092 astronomus
1333 3057 1461 3092 sanior
1499 3053 1777 3105 praeponderat
1818 3053 2012 3102 astrologo

241 3108 316 3145 fere
347 3110 494 3156 insano,
527 3114 654 3147 tamen
687 3111 827 3148 excidit
859 3111 1006 3148 calamo
1030 3113 1065 3148 in
1091 3112 1339 3160 astrologiam
1372 3114 1480 3161 quasi
1512 3114 1549 3148 in
1580 3117 1754 3148 naturam
1787 3121 1896 3148 verso
1927 3122 2017 3150 ver—

239 3165 349 3203 bum:
385 3168 523 3215 „cupio
555 3167 624 3204 abs
656 3172 693 3205 te
725 3179 969 3218 cognoscere,
1002 3181 1068 3207 cur
1098 3171 1135 3206 in
1167 3174 1233 3207 tua
1263 3171 1394 3220 yenesi
1424 3181 1559 3208 secans
1582 3169 1876 3208 eccentrieitatis
1900 3167 2013 3208 dimi-
