2157 3398
218 132 301 177 670
881 127 966 163 Vita
986 126 1137 163 Joannis
1160 126 1316 172 Kepleri.

217 249 352 289 selben
383 260 431 286 zu
458 247 569 296 jhren
600 244 721 283 selbst
751 244 937 283 frommen
969 243 1074 282 diese
1106 244 1184 283 alte
1204 245 1451 294 verstandige
1470 244 1628 293 Mutter,
1661 245 1723 284 die
1744 244 2008 291 Astronomia,

219 308 337 346 durch
369 306 434 344 der
455 304 620 343 Tochter
641 303 975 353 Narrentaydung‚
1007 301 1096 340 weil
1126 305 1181 340 sie
1212 304 1340 342 zumal
1372 303 1470 342 auch
1503 305 1613 342 einen
1636 303 1795 354 Spiegel
1826 303 1904 351 hat,
1937 314 2008 340 nur

219 364 530 417 eyngeschwatzt
561 360 637 399 vnd
670 361 910 411 eyngelogen
942 360 1096 398 werden
1127 368 1274 399 muss.“

355 422 406 460 Ut
437 419 658 468 astrologici
690 421 856 457 muneris
889 420 949 456 sui
971 420 1099 467 aptius
1120 419 1314 467 quoddam
1339 418 1632 457 fundamentum
1652 419 1846 468 reperiret,
1879 419 2007 456 varios

216 482 407 531 Keplerus
440 484 619 527 expertus
650 483 708 515 est
738 477 886 515 modos.
948 476 1147 514 Invenisse
1179 480 1279 515 enirn
1312 489 1353 516 se
1384 479 1548 527 putavit,
1581 483 1794 526 temporum
1826 478 2006 514 mutatio-

217 552 302 586 nes,
347 549 443 587 quas
481 536 622 573 multos
662 547 729 585 per
759 546 881 573 annos
924 534 1159 573 observabat
1190 538 1252 582 (cf.
1277 543 1363 574 tom.
1382 539 1409 573 Ι.
1437 538 1513 573 602.
1540 537 1616 572 VII.
1644 538 1743 582 618),
1775 547 1861 573 cum
1893 536 2006 572 certis

216 599 456 647 planetarum
487 597 584 632 inter
615 605 656 631 se
686 594 944 642 positionibus
976 604 1059 630 esse
1083 592 1321 641 conjunctas,
1353 594 1452 630 sicut
1474 592 1587 629 hodie
1612 594 1728 630 etiam
1749 593 1860 630 multi
1880 592 2008 630 homi-

215 668 283 693 nes
305 655 438 692 Lunae
459 652 647 702 phasibus
671 653 769 689 ae'ris
791 653 1026 689 mutationes
1047 651 1217 699 praedici
1239 656 1396 699 putant3
1421 653 1551 699 itaque
1565 650 1757 698 Keplerus
1779 653 1816 687 in
1843 661 2006 703 „aspec—

220 713 307 751 tus“
342 713 587 761 potissimum
618 711 788 747 animum
820 709 994 747 intendit.
1045 708 1257 746 Hominum
1289 709 1450 746 consilia
1487 710 1701 758 petentium
1743 710 1823 747 sata
1853 709 2009 758 praedi-

218 783 302 810 cere
335 775 492 808 coactus
534 768 639 806 haud
680 768 787 806 aliud
830 770 978 805 invenit
1019 767 1270 805 dubitationis
1307 767 1509 816 effugium,
1555 775 1671 815 quam
1713 773 1754 804 ut
1785 779 1855 804 sua
1887 768 2007 816 ipsius

216 830 463 878 familiaeque
506 838 599 865 suae
641 826 721 864 sata
768 837 853 864 cum
899 825 1097 863 stellarum
1140 825 1477 873 conjunctionibus
1523 837 1745 874 comparare
1793 831 2008 863 conaretur.

217 887 410 937 Keplerus
441 887 569 935 igitur,
603 897 671 923 seu
693 897 716 922 a
736 886 860 933 prima
891 888 1020 921 aetate
1052 883 1216 920 multum
1248 885 1285 920 in
1308 883 1367 920 his
1388 883 1501 921 rebus
1523 888 1698 921 versatus
1726 884 2008 932 superstitionis

217 952 297 984 tum
328 947 426 983 inter
459 955 590 981 omnes
623 943 877 992 pervulgatae
908 953 982 979 non
1015 941 1128 990 plane
1160 942 1231 979 fuit
1262 953 1397 990 expers
1428 953 1497 979 seu
1522 963 1571 969 —
1595 953 1829 990 quamquam
1852 940 2008 979 oracula

215 1015 413 1053 nunquam
447 1002 586 1040 edebat
623 1003 698 1038 nisi
729 1001 904 1038 adhibita
943 1001 1196 1048 ambiguitate
1230 999 1398 1048 quadam
1428 1012 1552 1048 neque
1586 1001 1728 1037 omisso
1766 1002 2008 1048 interrogan—

215 1064 312 1101 tium
344 1067 449 1099 statu
479 1082 533 1088 ——
567 1060 887 1098 vaticinationum
919 1063 1061 1096 eventu
1092 1059 1357 1106 inexspectato
1389 1066 1533 1105 motus,
1568 1057 1722 1106 regulas
1755 1057 1801 1095 de
1831 1057 2012 1106 ponenda

217 1122 422 1159 nativitate
455 1133 477 1157 a
507 1130 549 1157 se
581 1118 692 1155 datas
724 1129 809 1155 cum
841 1117 955 1154 rebus
988 1117 1192 1153 convenire
1224 1117 1393 1164 putavit:
1437 1115 1650 1165 Keplerus,
1685 1115 1790 1163 dico,
1833 1115 2010 1165 exempla

217 1180 398 1229 colligere
430 1178 583 1226 incepit,
618 1176 757 1225 quibus
789 1187 854 1213 eas
887 1175 1136 1212 examinaret.
1187 1173 1260 1211 His
1283 1175 1475 1213 exercitiis
1506 1173 1749 1223 astrologicis
1776 1174 1920 1212 sactum
1941 1179 2010 1220 est,

217 1243 259 1275 ut
290 1239 387 1275 inter
417 1236 576 1284 Kepleri
606 1235 686 1271 fata
719 1245 766 1271 ex
799 1233 882 1282 ejus
913 1238 1007 1269 natu
1040 1243 1163 1280 usque
1195 1231 1244 1269 ad
1275 1244 1416 1270 annum
1452 1236 1580 1279 1628,
1622 1244 1697 1281 quo
1729 1232 1921 1281 ejusmodi
1951 1243 2010 1269 res

215 1302 349 1333 notare
371 1295 496 1341 desiit,
529 1295 593 1331 vix
616 1292 827 1341 quidquam
848 1291 980 1328 incerti
1003 1291 1114 1327 nobis
1142 1291 1190 1327 sit
1211 1290 1405 1338 relictum3
1438 1290 1660 1328 Hanschius
1692 1302 1846 1340 quoque
1879 1292 1917 1327 in
1949 1301 2007 1337 eo,

217 1366 292 1403 quo
308 1353 466 1402 Kepleri
482 1353 602 1389 vitam
624 1352 829 1397 enarravit,
854 1360 969 1398 opere
990 1349 1036 1385 iis
1057 1359 1148 1385 usus
1172 1354 1241 1386 est.
1273 1348 1480 1386 Praeterea
1498 1348 1690 1397 Keplerus
1713 1349 1782 1386 has
1802 1360 1862 1386 res
1885 1353 2011 1386 astro-

215 1412 361 1461 logicas
393 1416 560 1448 tractans
591 1409 778 1458 reperisse
810 1419 850 1445 se
882 1408 1045 1456 putavit,
1079 1411 1330 1455 cognatorum
1364 1407 1678 1445 constellationes
1711 1407 1843 1456 aliqua
1874 1405 2012 1444 simili-

216 1470 347 1508 tudine
380 1471 477 1507 inter
508 1480 549 1506 se
581 1479 665 1505 esse
688 1466 925 1515 conjunctas,
959 1476 1054 1514 quas
1086 1471 1128 1501 ut
1159 1466 1255 1502 inter
1286 1477 1328 1502 se
1360 1477 1583 1514 comparare
1608 1471 1741 1514 posset
1762 1476 1904 1514 magna
1925 1476 2011 1502 cum

219 1528 421 1578 diligentia
464 1527 509 1564 de
542 1526 717 1574 cognatis
756 1526 836 1561 suis
876 1529 913 1561 et
944 1535 1020 1571 quo
1061 1528 1231 1571 tempore
1271 1525 1352 1561 nati
1389 1530 1518 1561 essent
1561 1529 1599 1561 et
1630 1535 1730 1571 quae.
1770 1535 1901 1561 eorum
1931 1523 2012 1561 fata

216 1588 378 1624 fuissent
401 1585 611 1633 comperire
635 1588 672 1622 et
692 1582 872 1631 colligere
901 1581 1082 1619 studebat
1101 1583 1163 1627 (cf.
1183 1588 1265 1617 tom.
1287 1583 1313 1617 I.
1340 1595 1374 1627 p.
1394 1584 1473 1628 298,
1500 1584 1546 1618 II.
1567 1584 1645 1625 646,
1672 1584 1736 1618 ΙΙΙ.
1757 1585 1834 1626 319,
1852 1584 1898 1620 V.
1916 1583 2009 1627 261).

217 1645 411 1694 Keplerus
441 1645 605 1693 primum
639 1641 685 1680 de
719 1641 892 1690 cognatis
924 1641 1025 1685 suis,
1059 1638 1197 1676 deinde
1231 1639 1276 1676 de
1308 1651 1349 1676 se
1382 1641 1465 1688 ipso
1498 1639 1680 1688 loquitur,
1715 1640 1818 1689 quod
1851 1651 2010 1689 exemp-

215 1704 294 1740 lum
328 1709 365 1740 et
405 1713 474 1740 nos
506 1701 723 1750 sequimur,
768 1700 919 1736 omissis
964 1709 1055 1735 vero
1089 1697 1383 1746 quaestionibus
1423 1698 1627 1736 heraldicis
1660 1705 1697 1736 et
1734 1698 2009 1748 genealogicis,

220 1773 316 1811 quas
349 1761 488 1799 curiosi
520 1758 624 1808 apud
655 1757 871 1796 Grunerum
902 1757 1104 1805 reperient.

354 1818 463 1867 Quae
493 1816 686 1866 Keplerus
729 1815 775 1853 de
807 1828 848 1853 se
880 1816 976 1863 ipso,
1011 1813 1057 1852 de
1089 1814 1332 1862 parentibus,
1378 1813 1423 1851 de
1455 1815 1540 1852 avis
1572 1813 1686 1862 dixit,
1729 1815 1894 1863 propriis
1927 1813 2009 1862 ejus

217 1878 344 1916 verbis
377 1877 594 1923 afferimus,
638 1874 824 1912 addentes
867 1884 966 1921 quae
1005 1873 1044 1908 in
1086 1873 1259 1921 epistolis
1300 1878 1337 1909 et
1369 1873 1550 1921 operibus
1591 1873 1637 1910 de
1669 1873 1715 1910 iis
1756 1874 2008 1922 reperiuntur,

219 1937 279 1974 De
311 1935 514 1973 nobilitate
556 1944 789 1982 proavorum
820 1930 979 1980 Kepleri
1024 1933 1152 1968 confer
1183 1930 1260 1968 vol.
1293 1930 1382 1967 VII.
1415 1943 1452 1979 p.
1488 1935 1582 1968 472.
1634 1929 1912 1979 Norimbergae
1944 1941 2010 1968 eos

217 1993 371 2044 opifices
404 1994 522 2030 fuisse
555 1997 593 2029 et
622 1991 876 2039 Norimberga
908 1988 1052 2027 Wilam
1084 1990 1375 2037 transmigrasse
1408 2000 1454 2026 ex
1486 1989 1558 2026 hac
1591 1989 1756 2037 epistola
1787 2001 1810 2026 a
1840 1988 2008 2038 Keplero

220 2053 268 2090 ad
300 2054 564 2098 magistratum
595 2050 915 2098 Noribergensem
947 2049 1065 2084 missa
1098 2053 1257 2095 apparet
1278 2047 1436 2095 (scripta
1458 2058 1542 2085 esse
1567 2047 1717 2084 videtur
1739 2058 1839 2085 anno
1865 2045 2007 2097 1620):

357 2110 407 2148 Es
440 2108 550 2147 seind
582 2107 808 2146 verschinen
842 2111 877 2146 4.
911 2105 1089 2155 January
1121 2105 1284 2143 alberait
1317 2108 1367 2142 98
1401 2104 1499 2142 Jahr
1531 2105 1761 2153 verflossen,
1805 2105 1874 2142 das
1906 2106 2007 2142 mein

219 2168 378 2206 Vhrahn
411 2166 555 2206 Sebald
576 2166 733 2214 Kepner
764 2166 894 2203 seinen
919 2163 1198 2202 Geburtsbriefl
1232 2174 1306 2200 von
1339 2164 1464 2200 einem
1496 2163 1579 2200 Ers.
1602 2162 1705 2201 Rath
1736 2175 1783 2200 zu
1805 2163 2008 2211 Niirnberg

218 2227 466 2276 empfangen,
507 2226 545 2261 in
585 2223 800 2262 wollichem
832 2223 912 2260 Ime
955 2223 1080 2259 seines
1120 2221 1257 2258 Vaters
1296 2220 1443 2259 Bruder
1482 2220 1670 2259 Hainrich
1710 2221 1867 2270 Kepner
1908 2221 2008 2258 auch

220 2285 368 2334 Burger
399 2296 447 2321 zu
477 2283 691 2331 Niirnberg,
723 2282 846 2319 neben
879 2280 1021 2318 andern
1055 2279 1224 2328 Zeiigen,
1260 2279 1385 2316 diesse
1417 2278 1678 2316 Kundtschait
1709 2280 1813 2328 gibt,
1847 2279 1937 2317 dass
1969 2291 2009 2317 er

217 2355 294 2382 von
326 2341 470 2381 Sebald
500 2341 703 2390 Kepnern,
747 2338 1013 2385 Buchbinder,
1059 2339 1142 2375 eine
1183 2337 1296 2385 lange
1329 2337 1415 2375 Zeit
1448 2338 1484 2373 in
1515 2337 1718 2387 Niirnberg
1758 2339 1794 2373 in
1834 2342 2006 2386 guettem

218 2400 379 2440 leimuth
418 2399 593 2438 beiislich
636 2397 712 2435 vnd
755 2397 873 2446 habig
903 2406 1084 2446 gesessen
1126 2395 1201 2432 vnd
1234 2395 1359 2432 ehlich
1390 2406 1547 2444 geporn.
1600 2396 1674 2432 Mit
1706 2395 1893 2434 wolchen]
1926 2395 2007 2433 Ge-

217 2458 440 2498 burtsbrieff
473 2456 648 2495 ermelter
684 2457 785 2494 mein
819 2455 952 2492 Vrahn
992 2453 1133 2491 naclier
1164 2453 1268 2490 Weil
1311 2453 1376 2491 der
1408 2453 1510 2491 Statt
1545 2465 1742 2503 gezogen,
1784 2453 1876 2492 alda
1906 2455 2005 2492 mein

219 2519 302 2556 Ehn
335 2515 491 2563 Sebald,
525 2516 624 2553 mein
655 2514 793 2552 Vatter
823 2511 1011 2550 Hainrich
1043 2511 1120 2548 vnd
1152 2511 1220 2548 Ich
1251 2523 1417 2560 geporen
1451 2516 1521 2550 etc.

356 2576 485 2613 Avus
517 2571 778 2618 Sebaldus,
824 2571 959 2609 consul
992 2569 1122 2619 oppidi
1165 2569 1375 2618 imperialis
1410 2569 1556 2617 Wilae,
1601 2574 1715 2608 natus
1747 2581 1848 2608 anno
1883 2573 2004 2608 1521.

219 2636 320 2672 circa
349 2632 503 2672 Jacobi.
565 2631 622 2668 Ex
652 2630 775 2668 relatu
807 2630 927 2679 ipsius
958 2628 1097 2675 habeo,
1130 2628 1229 2666 circa
1262 2628 1364 2666 diem
1392 2627 1535 2666 Jacobi
1567 2628 1713 2667 editum
1744 2629 1783 2665 in
1813 2627 1913 2665 hanc
1943 2628 2005 2665 lu-

221 2704 301 2730 cem
334 2697 370 2729 et
397 2692 479 2740 jam
511 2701 624 2739 agere
660 2692 724 2727 75.
758 2699 900 2726 annum
928 2687 1079 2725 aetatis.
1140 2685 1318 2724 Honores
1360 2687 1397 2723 in
1429 2686 1556 2724 media
1594 2691 1722 2724 aetate
1755 2685 1918 2735 adeptus
1951 2692 2007 2723 est

223 2757 259 2788 et
289 2750 526 2798 gravissimis
565 2748 731 2796 negotiis
771 2758 839 2796 pro
872 2745 1090 2783 conditione
1131 2746 1278 2792 patriae
1310 2744 1519 2782 adhibitus.
1584 2743 1727 2782 Omnes
1758 2745 2005 2792 magistratus

223 2810 364 2856 gessit,
408 2812 538 2856 gratus
579 2807 785 2856 praecipue
826 2803 1041 2850 nobilitati,
1079 2804 1266 2840 maximas
1298 2802 1386 2841 inde
1419 2814 1512 2852 opes
1544 2804 1581 2839 in
1612 2807 1808 2841 senectute
1842 2801 2005 2850 adeptus

227 2871 284 2903 est
314 2866 482 2911 fortuito,
514 2876 651 2914 nempe
683 2875 730 2902 ex
760 2867 1003 2901 testamento.
1064 2861 1273 2909 Propterea
1295 2861 1362 2899 Sol
1393 2862 1430 2897 in
1461 2860 1634 2898 Medium
1666 2859 1773 2898 Coeli
1804 2859 2004 2908 ponendus

226 2924 306 2969 erit,
338 2925 392 2960 ita
423 2928 551 2961 tamen
583 2928 624 2960 ut
654 2922 693 2969 ‘ll
725 2923 762 2958 in
795 2919 1025 2958 aseendente
1056 2920 1277 2966 retineatur,
1311 2930 1396 2957 cum
1430 2919 1478 2957 ob
1505 2919 1587 2967 jam
1609 2918 1722 2965 dicta,
1755 2922 1836 2955 tum
1861 2918 1918 2969 ¹ob
1951 2919 2004 2954 in—

224 2982 370 3030 signem
403 2981 484 3029 ejus
515 2981 776 3028 arrogantiam
797 2984 835 3017 et
855 2979 1074 3028 superbiam
1097 2978 1135 3013 in
1159 2979 1314 3015 vestitu.
1375 2977 1456 3014 Aut
1485 2978 1517 3014 si
1550 2978 1674 3014 mavis
1700 2972 1742 3028 ‘21
1773 2987 1857 3013 eum
1889 2975 2006 3024 Spica

223 3039 263 3074 in
294 3038 461 3075 secunda
492 3039 664 3084 retinere,
698 3042 739 3074 ut
770 3038 826 3074 sic
859 3044 907 3079 Ο]
940 3034 972 3086 S?
1008 3041 1037 3080 (ζ
1074 3035 1187 3073 cadat
1217 3038 1254 3072 in
1286 3035 1566 3084 horoscopum,
1599 3033 1694 3071 nihil
1724 3045 2003 3083 repugnavero.

224 3096 294 3135 Est
325 3096 425 3134 enim
456 3094 672 3144 iracundus,
705 3096 899 3145 pervicaX,
932 3094 1181 3133 libidinosum
1211 3093 1329 3132 fuisse
1360 3093 1490 3132 vultus
1521 3093 1659 3142 arguit.
1701 3091 1842 3130 Vultus
1862 3091 2004 3132 rubeus
