2126 3388
268 135 351 181 746
945 135 1028 172 Vita
1050 134 1202 171 Joannis
1225 133 1384 181 Kepleri.

267 253 536 302 Weichardus,
568 252 801 292 Herwardus
833 258 870 293 et
900 253 1164 293 Theodoricus
1195 254 1244 293 ab
1278 254 1472 305 Aursperg
1501 255 1655 302 fratres,
1689 255 1732 295 L.
1763 256 1808 294 B.
1840 256 1886 298 Β.
1945 257 2049 296 Frau

268 314 502 359 Bschornin,
534 311 959 360 Hatschier-Furierin,
998 324 1040 350 so
1081 312 1250 351 hernach
1282 313 1386 351 Elias
1417 313 1598 365 Schiffin,
1636 314 2049 354 Hofkammerdienern

267 370 519 422 geheurathet
549 369 627 407 vnd
658 369 808 409 endlich
841 371 980 408 Wittib
1011 382 1059 408 zu
1079 370 1193 408 Wien
1225 371 1440 419 gestorben.
1481 373 1585 409 Frau
1606 371 1806 420 Schlagin,
1839 372 2050 412 Hatschie-

266 431 341 474 rin,
381 427 548 466 hernach
589 438 636 464 zu
677 427 781 477 Prag
819 429 1039 477 gestorben.
1099 428 1291 467 Salarium
1334 431 1596 468 constitutum.
1639 430 1773 478 (Initio
1816 432 1907 468 anni
1945 431 2050 469 edita

268 487 515 534 Astroloyiae
543 484 848 535 fundamenta.)

402 544 512 581 Duos
555 545 726 592 integros
757 555 908 582 menses
950 543 1087 582 stando
1131 545 1325 582 consumsi
1364 545 1402 581 in
1441 547 1607 594 equestri
1637 544 1783 595 palatio
1815 544 1947 583 salarii
1977 547 2051 583 im-

269 600 442 651 petrandi
481 612 610 639 causa.
683 605 719 639 9.
752 601 881 639 Martii
920 603 1079 651 primam
1120 604 1253 652 accepi
1294 603 1508 652 pecuniam.
1543 625 1597 631 —-
1627 603 1734 640 Lites
1775 615 1835 640 mc
1873 605 1970 641 inter
2014 610 2051 642 et

267 658 599 709 Tychonianos*)‚
634 659 947 697 observationum
978 671 1054 697 non
1086 665 1216 699 oratus
1248 665 1388 707 custos,
1422 673 1518 710 quas
1551 663 1644 699 citra
1674 660 1795 698 ullam
1827 666 2051 700 controver-

265 719 361 755 siam
391 716 543 755 tradidi.
594 716 770 755 Jubebar
791 720 988 756 nominare
1019 718 1146 756 studia
1175 730 1244 756 seu
1275 730 1403 768 opera,
1437 731 1536 768 quae
1567 720 1800 769 susciperem
1820 718 2052 769 perficienda

266 787 334 824 pro
374 775 516 812 salario
555 786 642 812 meo
674 777 907 822 (florenorum
933 779 970 812 in
997 779 1158 823 singulos
1184 788 1324 813 menses
1349 779 1428 826 41}-
1482 780 1549 815 Cfr.
1576 779 1645 814 vol.
1672 779 1738 814 ΙΙΙ.
1765 791 1798 824 p.
1827 780 1899 823 10).
1950 777 2051 815 Fac-

266 838 346 870 tum
368 832 405 870 id
428 844 557 871 mense
578 832 806 882 Septembri.
853 833 1085 884 Nuncupavi
1106 835 1386 872 Astronomiae
1405 839 1562 882 partem
1585 837 1760 883 optio-am
1783 834 1831 873 ad
1851 837 2053 884 sequentia

264 890 461 937 natalitia,
494 895 532 929 et
568 890 870 929 Commentaria
908 892 954 929 de
984 892 1154 930 motibus
1187 889 1331 929 Martis
1376 892 1424 929 ad
1455 904 1622 941 sequens
1653 892 1810 942 pascha.
1873 893 2051 943 Seposito

267 950 386 997 igitur
417 948 544 986 Marte
579 950 698 986 sumsi
731 948 906 999 Optica
949 954 986 988 et
1017 961 1103 987 cum
1131 950 1211 998 Jam
1243 949 1289 987 de
1322 951 1526 988 excusione
1565 962 1738 998 agerem,
1778 955 1859 988 tum
1901 950 2052 989 demum

269 1008 379 1057 coepi
412 1006 458 1045 de
489 1018 592 1045 novo
625 1008 853 1045 concinnare
886 1019 995 1057 opus.
1028 1012 1087 1048 (Ex
1113 1011 1256 1053 epistola
1282 1013 1322 1043 ad
1347 1013 1686 1052 Longomontanum.)

402 1073 610 1108 Herwartus
635 1073 691 1107 his
709 1073 868 1117 Keplero
886 1073 1088 1116 gratulatur
1114 1073 1155 1108 de
1174 1073 1318 1110 obtento
1344 1086 1506 1110 munere:
1532 1075 1597 1110 Ich
1621 1075 1693 1110 hab
1719 1074 1866 1110 vorders
1891 1084 1976 1119 geru
1995 1084 2053 1118 ge-

267 1130 359 1173 hort,
385 1130 468 1164 dass
495 1131 558 1165 der
583 1131 675 1165 Herr
700 1142 769 1165 von
794 1131 869 1166 Irer
892 1132 989 1166 Kais.
1007 1130 1090 1165 Mtt.
1115 1131 1179 1166 mit
1204 1133 1272 1167 500
1291 1132 1431 1168 Gulden
1456 1133 1665 1178 Besoldung
1688 1144 1732 1167 zu
1757 1132 1785 1166 I.
1811 1133 1893 1166 Mtt.
1912 1132 2052 1166 Mathe-

265 1189 393 1223 matico
421 1188 678 1233 allergnadigst
703 1189 780 1223 auf·
805 1190 874 1224 vnd
900 1200 1170 1235 angenommen,
1197 1190 1311 1235 dabey
1336 1191 1398 1225 Ich
1416 1191 1610 1225 wunschen
1635 1190 1766 1234 wollte,
1793 1189 1875 1224 dass
1900 1190 1936 1224 Ir
1961 1191 2053 1225 auch

263 1247 380 1282 dieser
404 1246 613 1291 Besoldung
637 1259 682 1282 zu
706 1247 849 1282 rechter
873 1247 952 1282 Zeit
977 1248 1150 1282 wiirklich
1176 1248 1325 1283 habhaft
1349 1248 1491 1283 werden
1516 1248 1681 1283 mochtet.
1708 1251 1776 1287 (28.
1801 1248 1921 1291 Junii.)

401 1305 498 1348 Quas
533 1314 642 1348 supra
676 1304 862 1340 retulimus
899 1305 1121 1341 conditiones
1153 1317 1174 1340 a
1208 1307 1364 1350 Keplero
1396 1306 1603 1351 imperatori
1637 1305 1842 1350 propositas
1874 1305 1972 1340 illum
2008 1305 2053 1340 ad

263 1362 430 1398 effectum
455 1362 633 1397 adducere
658 1363 815 1398 voluisse
848 1374 891 1398 ex
916 1364 971 1398 his
997 1368 1148 1408 apparet
1179 1365 1370 1400 Joannis
1402 1366 1596 1400 Mulleri
1631 1365 1701 1410 (qui
1732 1377 1816 1398 anno
1845 1369 1931 1400 1601
1965 1368 2054 1408 apud

263 1424 447 1462 Tychonem
475 1425 591 1460 fuerat)
617 1421 745 1465 verbis,
772 1422 834 1466 qui
859 1422 1001 1466 scripsit
1026 1422 1083 1458 21.
1110 1423 1226 1458 Junii:
1260 1423 1391 1458 certior
1415 1423 1494 1459 fieri
1519 1434 1540 1458 a
1564 1434 1620 1458 me
1646 1423 1766 1468 cupis,
1791 1434 1836 1457 an
1862 1427 1898 1457 et
1924 1423 2054 1467 quibus

263 1478 527 1514 conditionibus
555 1479 697 1514 Caesari
730 1480 882 1524 posthac
912 1480 1039 1515 vellem
1071 1481 1254 1517 inservire.
1302 1482 1357 1516 Ad
1383 1481 1419 1516 id
1444 1492 1500 1516 me
1533 1485 1712 1526 promtum
1746 1485 1781 1515 et
1805 1486 1969 1525 paratum
1995 1480 2054 1515 de-

263 1537 400 1572 claro..
422 1563 454 1572 ..
504 1538 748 1572 Veruntamen
781 1548 827 1572 ne
852 1537 986 1582 absque
1010 1538 1072 1573 filo
1098 1538 1238 1583 ingredi
1271 1539 1410 1583 videar,
1445 1539 1594 1575 consulo
1620 1544 1660 1574 ut
1685 1545 1724 1574 tu
1749 1539 1888 1575 interea
1911 1549 1987 1573 rem
2012 1550 2053 1574 eo

266 1595 409 1639 dirigas,
437 1606 507 1639 quo
533 1601 660 1639 postea
685 1595 721 1629 in
745 1606 887 1630 omnem
914 1600 1077 1630 eventum
1105 1597 1220 1631 securi
1246 1602 1281 1632 et
1304 1598 1491 1642 tranquilli
1516 1608 1706 1642 possumus
1726 1598 1863 1643 vivere;
1890 1597 1978 1632 alias
1995 1597 2054 1632 vix

264 1654 453 1698 quicquam
485 1653 637 1688 audebo.
672 1674 716 1678 —
748 1653 815 1688 Die
854 1655 907 1690 17.
942 1654 1019 1689 Octi
1055 1654 1099 1689 ad
1134 1654 1265 1690 alteras
1297 1655 1443 1699 Kepleri
1476 1656 1600 1690 literas
1639 1655 1826 1699 respondit
1859 1654 2053 1690 Miillerus:

264 1712 534 1748 Cunctationem
566 1711 664 1747 illam
698 1711 850 1747 aulicam
885 1716 921 1747 et
955 1712 1161 1747 dilationem
1194 1713 1482 1748 redimendorum
1522 1714 1841 1748 instrumentorum
1874 1713 2054 1757 Tychonis

263 1780 367 1813 aegre
391 1769 478 1814 fero,
506 1769 680 1814 siquidem
704 1769 841 1805 interea
859 1770 1127 1805 observationes
1154 1771 1397 1815 negligantur,
1423 1771 1662 1806 instrumenta
1686 1770 1765 1815 ipsa
1788 1770 1950 1814 rubigine
1976 1771 2055 1806 infi-

263 1828 403 1863 ciantur
436 1832 472 1862 et
502 1827 682 1862 restitutio
717 1832 876 1863 motuum
913 1828 1171 1864 intermittatur
1202 1829 1357 1873 librique
1388 1829 1424 1863 in
1456 1829 1597 1864 occulto
1628 1829 1776 1864 lateant.
1827 1829 2056 1873 Quapropter

265 1886 410 1920 Caesari
433 1886 525 1921 haec
549 1896 622 1920 non
648 1885 745 1920 cordi
771 1896 851 1920 esse
877 1887 1041 1931 suspicor
1065 1886 1121 1921 vel
1148 1886 1360 1922 consiliariis
1387 1886 1590 1932 displicere.
1626 1887 1662 1922 Si
1689 1887 1781 1922 serio
1807 1897 1864 1921 res
1890 1890 2056 1930 ageretur

265 1945 554 1988 competentique
580 1943 686 1978 modo
713 1944 980 1990 institueretur,
1014 1956 1034 1979 a
1058 1945 1245 1990 proposito
1279 1954 1358 1979 meo
1390 1945 1455 1980 tibi
1480 1950 1586 1980 antea
1609 1945 1768 1981 indicato
1793 1956 1865 1980 non
1890 1944 2056 1980 deflecte-

266 2012 349 2036 rem.
375 2023 410 2028 —
433 2003 466 2036 H
479 2013 561 2037 erw
573 2007 670 2037 artu
683 2013 698 2037 s
724 2002 850 2038 ultimo
868 2003 954 2038 Julii
979 2003 1071 2038 redit
1090 2004 1134 2038 ad
1154 2002 1392 2038 dubitationes
1412 2003 1455 2037 de
1474 2003 1603 2038 salario
1622 2004 1801 2038 scribens:
1827 2003 1889 2037 Ich
1908 2003 2055 2037 wiinsch

268 2059 370 2094 Euch
397 2059 599 2104 gleichwoll
630 2061 869 2096 nochmahlen
896 2062 1013 2096 Gluck
1046 2072 1091 2097 zu
1121 2061 1233 2096 disem
1258 2060 1508 2096 Kaiserlichen
1532 2061 1660 2097 Dienst
1685 2060 1756 2095 vnd
1780 2059 1961 2104 Anstand,
1992 2059 2056 2094 Ich

401 2269 429 2312 ²³³)
456 2271 494 2302 In
519 2272 603 2302 libro
630 2273 807 2303 memoriae
832 2274 1012 2304 amicorum
1039 2282 1132 2304 sacro
1158 2273 1236 2304 haec
1261 2271 1549 2313 deprehendimus:

582 2328 753 2373 P-rode'yit
776 2328 851 2364 Ars
874 2340 1050 2372 nummos,
1070 2332 1335 2373 penetrantque
1359 2328 1399 2362 in
1421 2327 1562 2372 yatadia
1586 2338 1708 2363 curae.

584 2385 614 2420 Ο
637 2396 745 2422 curas
768 2387 952 2422 hominum
959 2400 971 2430 ,·
996 2397 1017 2422 ο
1042 2390 1218 2432 quantum
1242 2391 1293 2422 est
1316 2387 1357 2422 in
1380 2388 1486 2422 rebus
1510 2387 1644 2423 inane!

746 2676 764 2725 7⁴
811 2657 818 2665 ⁶
952 2674 1048 2705 Haec
1074 2681 1150 2704 sunt
1175 2674 1304 2704 animae
1330 2674 1521 2704 Mundauae
1546 2673 1721 2713 elementa,
1756 2674 1843 2705 unde

747 2718 776 2783 7⁸
953 2720 1098 2761 Musica,
1124 2721 1352 2762 Astronomia,
1378 2719 1569 2759 Astrologia
1593 2720 1768 2751 fluxerunt.

671 2803 686 2834 -’
759 2805 858 2851 gui.

742 2811 860 2946 32.

401 3002 522 3043 Nobili,
542 3003 706 3034 Generoso
732 3004 764 3033 et
779 3001 1006 3033 literatissimo
1029 3004 1154 3044 juveni,
1180 3003 1323 3033 Domino
1344 3000 1470 3033 Othoni
1496 3001 1613 3042 Brahe,
1640 2999 1757 3040 Equiti
1779 2999 1877 3030 Dauo
1899 3002 1960 3032 etc.
1988 3000 2048 3030 ob-

267 3046 372 3085 sequii
405 3048 509 3079 debiti
542 3059 638 3080 causa
663 3050 780 3090 scripsi
812 3050 895 3080 haec
919 3050 1040 3088 Pragae
1064 3049 1283 3080 Bohemorum
1315 3048 1360 3082 M.
1386 3048 1533 3080 «Ioannes
1566 3047 1744 3088 Keplerus‚
1782 3046 2049 3080 Mathematicus.

267 3091 368 3122 Nonis
394 3094 594 3135 Februariis,
621 3104 705 3127 anno
733 3096 835 3129 1602.

550 2784 608 2826 Η]
571 2738 585 2767 ..⁴

612 2688 622 2887 ’κκκθ-

633 2883 646 2891 ,
632 2847 647 2869 Ἰ-.
631 2701 644 2744 ,3.-

669 2811 687 2835 »a
672 2790 686 2802 ο
669 2626 688 2671 :at-

695 2754 707 2886 W
