2177 3408
505 155 742 194 Summarium
765 156 949 193 Historiae
975 155 1226 193 Astronomiae
1252 157 1371 193 seculo
1396 156 1492 193 XVI.
1814 154 1896 200 637

99 278 310 325 libratorii‚
352 277 476 316 minor
513 279 584 316 erit
625 277 841 316 librationis
884 277 1132 326 apparentia,
1178 276 1290 313 Luna
1329 277 1386 324 (et
1414 277 1470 315 sic
1510 276 1625 314 etiam
1657 272 1826 324 circello)
1858 276 1896 312 in

100 347 277 386 apogaeo
309 342 500 383 versante,
532 337 656 384 major
687 338 725 372 in
756 336 950 385 perigaeo.
1011 335 1149 384 Itaque
1181 334 1366 381 Braheus,
1401 335 1545 372 faciens
1578 333 1739 372 eandem
1773 345 1897 382 appa-

99 397 262 433 rentiam
292 395 484 444 utrinque‚
517 393 744 444 inaequales
776 395 912 431 statuit
945 393 1119 431 circellos
1151 393 1384 440 libratorios,
1418 394 1604 442 majorem
1637 394 1673 429 in
1707 403 1896 441 apogan,

99 455 284 491 minorem
327 454 364 490 in
397 455 599 502 perigaeo,
640 458 676 490 et
716 463 792 489 uno
834 452 953 489 verbo
995 453 1032 488 in
1066 451 1241 500 quolibet
1280 452 1461 489 circuitus
1499 456 1643 500 puncto
1688 452 1898 500 proprium.

101 510 204 559 Quid
236 511 381 560 igitur?
434 511 534 549 Num
558 510 734 548 Braheus
756 510 886 548 laesae
918 510 1133 559 majestatis
1165 511 1447 547 astronomicae
1479 522 1565 548 reus
1588 515 1664 557 est,
1700 508 1803 558 quod
1825 510 1899 545 ista

100 568 395 620 ἀγεωμετρητως
432 568 676 607 introduxit?
740 567 970 617 Quicunque
1011 569 1201 606 morosius
1232 569 1308 605 ista
1338 569 1430 616 sert,
1471 580 1512 606 se
1555 569 1720 606 fateatur
1750 566 1897 604 nullum

101 630 360 666 astronomiae
409 630 602 676 genuinae
641 627 722 676 jam
764 627 877 664 modo
920 628 1114 664 nascentis
1156 633 1310 675 gustum
1357 628 1586 676 percepisse.
1657 626 1757 663 Nam
1800 627 1897 663 ratio

102 686 266 736 physica
298 692 355 723 est
387 685 502 735 hujus
535 686 751 723 librationis
786 697 910 733 eaque
942 685 1112 722 nondum
1145 687 1239 722 satis
1272 692 1478 733 comperta,
1512 685 1615 734 quod
1637 684 1899 722 immediatam

102 756 259 783 causam
292 745 440 782 attinet.
494 745 693 781 Dimensio
728 745 877 780 interim
912 748 972 780 sat
1004 748 1119 780 certa.
1171 742 1247 780 Cur
1280 744 1395 792 igitur
1426 745 1669 792 geometricis
1702 744 1898 780 inventio-

104 804 217 840 nibus
250 802 424 840 Braheus
468 801 649 840 lectorem
690 801 908 847 deluderet,
954 813 977 838 a
1008 806 1147 838 natura
1188 800 1295 838 illum
1328 801 1525 839 abducens
1557 801 1606 838 ad
1637 813 1727 838 suas
1760 804 1898 839 inven-

101 863 245 907 tiones,
293 872 378 898 cum
419 860 646 897 circulorum
689 860 856 896 vinculis
889 859 1011 908 (quod
1043 864 1266 907 geometrae
1299 861 1634 908 praeconcipiunt)
1677 867 1803 897 motus
1836 861 1898 896 isti

100 931 174 956 non
207 918 546 957 administrentur?
607 918 744 954 Potius
777 919 894 966 igitur
927 918 998 953 fuit
1030 916 1179 954 calculo
1211 929 1289 954 rem
1324 918 1448 966 ipsam
1487 919 1679 967 persequi,
1713 923 1755 954 ut
1787 929 1898 955 veros

101 977 235 1015 Lunae
266 983 392 1014 motus
425 977 560 1014 haberi
590 981 746 1026 posset,
790 977 1082 1024 inquisitionem
1125 986 1266 1012 causae
1300 975 1448 1013 differre
1481 979 1517 1012 in
1552 977 1764 1013 uberiorem
1799 981 1900 1013 trae-

101 1041 235 1074 tatum.
299 1035 339 1073 Si
380 1035 471 1084 quid
510 1036 689 1084 peccavit
729 1033 883 1083 Tycho,
932 1035 968 1070 in
1012 1033 1085 1071 hoc
1122 1035 1320 1082 peccavit,
1366 1033 1471 1083 quod
1512 1036 1671 1071 nimium
1712 1034 1898 1071 delicatos

101 1094 237 1132 habuit
269 1100 486 1143 geometras
519 1093 674 1142 illisque
707 1091 855 1129 studuit
877 1092 1099 1129 satisfacere
1124 1093 1288 1129 ostensis
1313 1093 1544 1130 circulorum
1577 1093 1726 1139 mediis,
1760 1093 1899 1141 quibus

100 1154 175 1190 ista
216 1151 474 1201 inaequalitas
516 1151 776 1189 administrari
818 1151 952 1199 possit.
1015 1148 1196 1199 Oportuit
1237 1152 1388 1188 interim
1432 1151 1658 1200 longissime
1701 1162 1897 1189 removere

103 1216 332 1261 geometras,
368 1210 457 1247 dum
488 1210 605 1259 plena
637 1220 777 1247 causae
810 1210 980 1258 cognitio
1011 1214 1240 1258 patesceret.

244 1265 314 1322 16)
346 1267 555 1318 Opponens
587 1273 748 1317 quaerat
780 1266 1015 1316 diligentiuS,
1048 1272 1248 1316 separatas
1279 1268 1450 1306 inveniet
1479 1267 1585 1317 leges
1618 1272 1654 1306 et
1676 1279 1744 1317 pro
1767 1266 1898 1317 paral-

103 1327 182 1366 ]axi
215 1333 253 1365 et
283 1339 351 1376 pro
383 1327 610 1365 refractione
643 1326 915 1375 computanda.

244 1388 314 1434 17)
347 1384 512 1433 Quando
553 1396 640 1422 cum
680 1384 828 1422 calculo
869 1383 1123 1433 longitudinis
1167 1383 1384 1422 conferatur
1424 1384 1668 1435 observatio,
1709 1396 1754 1422 ea
1793 1385 1898 1433 prius

101 1444 334 1489 enucleatur,
359 1444 492 1481 ablata
514 1443 702 1492 parallaxi
726 1448 763 1480 et
784 1444 1038 1490 ret'ractione3
1061 1444 1191 1491 itaque
1216 1444 1368 1491 quoties
1391 1455 1414 1478 v
1430 1454 1449 1480 e
1464 1455 1514 1480 ra
1535 1442 1668 1480 Lunae
1690 1442 1895 1491 longitudo

104 1504 164 1542 vel
186 1503 350 1541 latitudo
370 1502 580 1551 profitetur,
605 1503 720 1539 toties
744 1501 815 1539 hae
838 1501 1097 1538 horizontales
1119 1500 1417 1549 inaequalitates
1442 1500 1706 1549 intelligantur
1728 1500 1897 1538 ablatae.

244 1562 315 1610 18)
345 1561 500 1598 Novum
520 1560 595 1597 hoc
615 1565 828 1597 monstrum
851 1566 918 1605 est,
953 1561 991 1595 in
1023 1562 1271 1604 astronomia,
1305 1561 1528 1606 praesertim
1549 1559 1768 1606 Pruteniea‚
1802 1561 1900 1597 inter

105 1625 354 1670 apparentem
393 1625 431 1656 et
471 1631 606 1657 verum
645 1624 792 1655 motum
833 1618 1068 1667 distinguere
1107 1618 1343 1666 simpliciter.
1403 1617 1502 1655 Nam
1545 1630 1620 1655 vox
1653 1620 1899 1666 apparentia

104 1679 166 1717 vel
198 1681 306 1716 visus
338 1678 500 1714 sumitur
531 1688 606 1714 non
639 1681 788 1713 tantum
821 1676 867 1713 de
901 1677 1154 1714 varietatibus
1186 1676 1510 1723 horizontalibus‚
1544 1675 1612 1714 sed
1643 1677 1764 1713 multo
1798 1677 1901 1714 anti-

104 1738 216 1786 quius
249 1736 295 1774 de
328 1737 463 1774 ceteris
497 1735 675 1773 omnibus
707 1736 1019 1784 aequationibus,
1053 1736 1194 1784 quibus
1226 1740 1352 1771 motus
1385 1734 1502 1772 medii
1534 1735 1753 1772 alterantur.

245 1795 314 1845 19)
347 1793 556 1843 Opponens
598 1804 674 1830 non
713 1795 887 1831 meminit
929 1805 952 1830 a
984 1805 1025 1830 se
1066 1793 1167 1830 lecta
1207 1792 1568 1842 Progymnasmata.
1632 1792 1899 1831 Refractiones

102 1853 184 1902 Jam
218 1865 318 1891 anno
354 1856 476 1890 1582.
510 1851 815 1899 animadversae,
848 1851 1018 1889 Lunaria
1050 1863 1150 1889 anno
1186 1855 1307 1889 1600.
1340 1852 1520 1900 perfecta.

244 1909 312 1962 20)
345 1911 427 1948 Imo
459 1911 594 1960 Tycho
626 1910 716 1947 facit
749 1922 836 1948 eum
870 1908 913 1948 7⁰
947 1908 1027 1957 28‘,
1061 1911 1176 1948 ceteri
1210 1908 1253 1947 7⁰
1286 1909 1367 1948 40¹.

243 1969 314 2019 21)
344 1969 420 2006 Ηίο
451 1980 650 2018 opponens
684 1971 836 2017 egregie
867 1967 1022 2005 fallitur.
1086 1967 1228 2005 Verum
1262 1973 1336 2015 est,
1378 1968 1417 2003 in
1450 1966 1694 2017 quadraturis
1727 1972 1900 2006 centrum

104 2030 305 2066 eccentrici
337 2039 421 2065 esse
452 2030 490 2064 in
513 2027 542 2073 I,
576 2029 630 2064 sie
663 2032 704 2063 ut
727 2027 851 2064 ABIF
883 2028 932 2064 sit
962 2027 1066 2064 linea
1096 2026 1285 2075 apsidum.
1339 2025 1390 2062 At
1421 2028 1547 2075 posito
1572 2026 1736 2076 epicycli
1769 2032 1898 2064 centro

104 2087 142 2123 in
173 2087 216 2134 F,
248 2087 352 2123 linea
384 2085 582 2134 apsidum,
625 2084 781 2133 planeta
812 2096 889 2122 non
921 2091 979 2123 est
1010 2087 1048 2121 in
1079 2084 1139 2132 M,
1173 2084 1241 2122 sed
1274 2086 1312 2120 in
1345 2084 1508 2133 epicycli
1540 2096 1728 2134 apogaeo,
1762 2095 1896 2122 carens

106 2146 209 2181 omni
247 2145 478 2193 aequatione
521 2143 744 2192 epicycliea.
814 2143 942 2180 Ponat
984 2155 1074 2191 ergo
1116 2150 1287 2181 centrum
1328 2143 1491 2192 epicycli
1530 2154 1606 2180 non
1648 2145 1685 2180 in
1731 2143 1759 2180 F
1801 2155 1900 2192 apo-

106 2214 203 2251 gaeo
235 2203 302 2241 sed
331 2204 370 2238 in
402 2201 643 2250 longitudine
675 2201 814 2249 media,
848 2207 885 2239 et
916 2202 1118 2250 apparebit
1149 2201 1319 2249 fallacia3
1359 2212 1525 2250 namque
1556 2206 1741 2251 patescet,
1775 2202 1901 2239 maxi-

108 2272 211 2298 mum
248 2261 540 2309 inaequalitatis
582 2260 766 2308 angulum
807 2262 939 2308 augeri
971 2262 1008 2296 in
1040 2259 1284 2309 quadraturis
1322 2271 1398 2297 non
1442 2271 1510 2308 per
1552 2261 1900 2309 appropinquatio-

107 2331 213 2366 nem,
255 2319 323 2358 sed
361 2331 429 2367 per
460 2320 745 2368 appositionem
778 2318 1052 2356 diametrorum
1083 2317 1344 2368 epicyclorum
1377 2317 1425 2355 ad
1466 2324 1638 2356 centrum
1682 2324 1719 2356 et
1757 2320 1793 2355 in
1827 2319 1901 2356 cir-

109 2378 368 2415 cumferentia.

250 2434 317 2486 22)
351 2435 388 2471 Is
421 2440 477 2473 est
508 2435 733 2484 completus.
796 2435 896 2484 Ergo
928 2433 1087 2484 politice
1122 2438 1187 2474 18.
1221 2435 1320 2484 Aug.
1354 2445 1466 2473 mane
1498 2434 1594 2473 hora
1628 2439 1664 2472 7.
1700 2434 1810 2487 32ζ.

248 2493 318 2543 23)
352 2493 563 2531 Addendae
594 2494 746 2531 fuerunt
777 2492 895 2531 horae
930 2498 995 2531 12.

248 2556 320 2598 24)
354 2551 608 2588 Astronomus
640 2552 780 2600 aliquis
812 2551 858 2589 de
889 2551 1074 2601 Tychone
1106 2563 1182 2589 non
1215 2551 1363 2597 credet,
1409 2550 1511 2599 quod
1544 2550 1606 2588 vel
1638 2552 1675 2586 in
1716 2560 1784 2586 suo
1819 2548 1901 2585 cal-

110 2609 196 2648 culo
229 2621 304 2647 uno
338 2609 411 2653 die,
445 2609 507 2647 vel
539 2612 575 2645 in
609 2610 846 2658 allegatione
879 2609 1083 2659 Coperniei
1113 2611 1225 2647 unius
1259 2610 1335 2647 diei
1366 2615 1474 2647 motu
1506 2609 1667 2646 aberret.
1721 2607 1805 2644 Non
1828 2607 1900 2643 fuit

109 2680 224 2717 opus,
270 2667 468 2705 consulere
501 2667 691 2704 calculum
723 2668 945 2716 Coperniei,
988 2680 1074 2705 cum
1106 2673 1299 2705 exstarent
1330 2666 1602 2715 Ephemerides
1635 2664 1832 2702 Maestlini
1865 2670 1902 2701 et

109 2726 279 2774 Magini,
324 2725 523 2774 quaelibet
564 2727 723 2762 seorsim
764 2727 906 2774 scripta
946 2731 983 2764 et
1022 2727 1306 2763 consentientes
1346 2726 1384 2761 in
1426 2724 1511 2761 loco
1551 2724 1685 2760 Lunae
1728 2722 1776 2760 ad
1816 2721 1900 2760 dic-

112 2792 193 2822 tum
226 2785 339 2822 diem.

251 2842 321 2891 25)
353 2840 627 2879 Hallucinatus
660 2846 718 2878 est
749 2852 795 2877 ex
826 2840 930 2879 mala
961 2841 1223 2879 intellectione
1255 2839 1452 2889 Tychonis
1484 2840 1583 2876 circa
1615 2838 1813 2888 epocham.

251 2900 321 2950 26)
355 2899 521 2948 Optime.

251 2959 323 3006 27)
355 2958 442 2995 Hoc
473 2968 585 2994 secus
617 2956 746 2993 habet.
808 2956 1083 3005 Ephemerides
1124 2956 1294 2993 omnium
1336 2959 1537 2992 auctorum
1578 2959 1615 2991 et
1645 2954 1715 2991 hos
1747 2959 1902 2992 secutus

110 3016 284 3054 Braheus
316 3017 355 3053 in
386 3015 543 3053 meridie
575 3015 686 3062 primi
720 3014 795 3051 di-ei
826 3014 973 3063 politici
1004 3015 1190 3062 incipiunt
1231 3015 1394 3062 primum
1426 3014 1744 3060 astronomicum,
1787 3018 1824 3050 et
1864 3014 1900 3049 in

110 3074 267 3113 meridie
299 3073 456 3112 secundi
487 3071 637 3122 politici
670 3072 864 3121 complent
894 3073 1069 3121 primum,
1102 3071 1285 3109 inchoant
1315 3070 1539 3109 secundum.

251 3134 323 3183 28)
357 3132 559 3171 Communi
579 3130 879 3180 Ephemerid
894 3143 962 3169 um
992 3141 1110 3169 more.
1158 3130 1316 3169 Interim
1339 3131 1487 3179 integro
1510 3129 1571 3169 die
1595 3129 1718 3169 differt
1739 3141 1763 3169 a
1784 3130 1901 3169 tabu-
