2126 3388
260 160 341 204 688
936 160 1019 198 Vita
1044 161 1195 199 Joannis
1219 162 1377 209 Kepleri.

259 277 322 312 der
348 275 580 312 Calendarien
602 275 757 320 jarliche
781 277 826 314 20
852 277 993 313 Gulden
1020 277 1187 324 ervolgen
1211 279 1344 323 lassen,
1372 279 1417 314 da
1441 289 1522 315 man
1548 279 1700 323 gelerter
1717 281 1837 318 Leuth
1860 282 1928 328 bey
1953 283 2047 318 diser

257 335 402 370 Schuell
428 335 493 369 wol
518 333 668 370 bedarff.

398 394 508 436 1596.
542 395 752 434 Revolutio
786 399 877 435 anni
881 427 1024 437 .....
1086 398 1163 436 Iter
1194 401 1448 449 septimestre.
1498 398 1707 448 Negotium
1740 412 1825 438 cum
1857 402 2044 440 Wirtem-

254 454 409 502 bergico
442 453 615 494 dilatum.
666 454 886 494 Publicatio
919 457 1066 495 inventi
1099 459 1334 504 (Prodromi).
1394 457 1536 495 Hostes
1567 460 1841 506 potentissimi.
1895 460 2043 498 Dilatio

255 512 423 560 conjugii
455 516 536 549 toto
569 523 684 550 anno.

389 577 460 612 Iter
477 578 513 612 in
531 579 871 623 Wfirttembergiam
898 580 1080 624 ingressus
1107 591 1186 616 esse
1203 581 1344 617 videtur
1361 581 1540 626 Keplerus
1565 582 1667 616 initio
1695 584 1828 619 mensis
1845 584 2044 620 Februarii.

254 634 319 670 Die
338 635 393 671 27.
412 635 598 670 Februarii
618 636 849 679 Stuttgartiae
867 637 954 672 adiit
972 637 1097 676 ducem
1115 639 1346 683 Fridericum,
1369 640 1523 684 supplex
1543 639 1696 674 offerens
1716 641 1891 684 picturam
1912 642 2044 676 machi-

253 703 319 728 nae
344 693 603 728 astronomicae
623 694 693 737 (cfr.
713 696 779 731 vol.
800 698 826 729 I.
852 708 886 738 p.
908 699 953 729 74
972 698 1045 741 ss),
1075 707 1180 740 quam
1207 703 1246 732 ut
1270 698 1438 741 princeps
1464 701 1612 741 argento
1638 697 1895 733 conficiendam
1916 699 2045 742 jubeat

257 754 292 784 et
319 756 456 786 sumtus
482 752 705 787 necessarios
731 753 766 787 in
793 764 831 788 se
855 753 1005 798 recipiat
1029 754 1129 798 petit.
1173 755 1283 789 Simul
1311 767 1390 789 cum
1417 755 1516 790 ducis
1542 755 1751 790 consiliariis
1779 757 1850 799 egit
1867 756 1910 790 de
1927 756 2044 791 reditu

252 809 290 843 in
315 809 487 853 patriam:
518 810 721 853 „negotium
747 811 816 846 hoc
843 811 991 847 dilatum
1018 816 1106 847 est‘·.
1156 813 1370 847 Maestlinus
1397 812 1581 856 Tubingae
1616 813 1863 847 consentiente
1888 813 2044 858 Keplero

250 871 374 911 typum
397 868 584 902 Prodromi
617 870 752 904 curavit
779 875 814 905 et
839 870 922 905 dum
947 870 1038 904 liber
1061 871 1223 914 proelum
1250 872 1358 906 subiit
1394 882 1471 906 cum
1497 871 1653 915 Keplero
1681 871 1916 915 Stuttg'artiae
1950 882 2042 906 com-

251 930 410 960 morante
437 927 566 971 (usque
590 927 626 961 in
652 927 760 962 finem
784 930 916 964 mensis
942 930 1047 973 Maji)
1075 930 1118 964 de
1144 930 1186 964 iis
1213 940 1304 975 quae
1342 929 1552 973 corrigenda
1578 924 1698 964 essent
1724 941 1788 974 per
1812 930 1933 964 literas
1961 931 2042 974 egit.

250 984 296 1026 (Ι,
323 984 364 1019 21
385 986 460 1028 ss).
510 986 724 1020 Absolutum
751 997 841 1030 opus
877 987 972 1021 misit
1007 987 1063 1022 die
1089 989 1145 1024 25.
1170 989 1383 1024 Novembris
1411 989 1583 1022 Gratiam.
1634 987 1834 1033 Epistolam
1862 987 2041 1022 dedicato-

252 1041 340 1075 riam
366 1041 423 1084 (ad
449 1041 599 1077 Ordines
626 1042 819 1088 Styriacos)
853 1045 996 1089 scripsit
1022 1045 1203 1089 Keplerus
1230 1046 1474 1089 Stuttgardiae
1512 1047 1655 1088 „Idibus
1680 1046 1821 1091 Majist‘,
1856 1046 1910 1080 his
1935 1046 2041 1080 finem

249 1098 399 1134 faciens:
427 1098 601 1147 Accipite
623 1099 696 1137 hoc
717 1101 816 1149 grati
837 1102 952 1138 animi
975 1101 1194 1150 symbolum
1216 1113 1353 1150 meque
1385 1101 1568 1139 humilem
1601 1101 1779 1138 clientem
1810 1102 1848 1137 111
1871 1107 2040 1139 vestram

253 1157 417 1204 gratiam
448 1158 644 1206 suscipite,
679 1163 715 1195 et
748 1157 913 1207 denique
946 1160 1156 1197 assuescite
1190 1161 1286 1197 inter
1308 1159 1506 1205 Caesares,
1542 1159 1778 1208 Alphonsos,
1811 1159 2040 1208 Rudolphos

251 1219 474 1263 ceterosque
506 1217 764 1254 astronomiae
806 1223 1045 1264 promotores
1077 1219 1284 1255 accenseri.
1346 1219 1401 1253 Ad
1427 1219 1516 1253 haec
1535 1219 1643 1253 verba
1661 1223 1810 1254 annotat
1827 1219 1862 1253 in
1882 1219 2040 1254 editione

250 1274 427 1310 secunda:
465 1272 612 1310 Locum
644 1274 793 1311 invenit
823 1275 1043 1313 adhortatio
1076 1287 1161 1312 mea
1194 1275 1396 1313 commodo
1429 1287 1514 1312 meo
1548 1286 1624 1311 non
1658 1276 1809 1323 exiguo.
1873 1274 2039 1311 Illustris

248 1329 297 1366 D.
333 1330 566 1379 Capitaneus
599 1331 644 1370 de
675 1334 830 1381 proprio
863 1335 1007 1380 statim,
1041 1335 1168 1380 ceteri,
1202 1340 1243 1371 ut
1276 1338 1382 1370 erant
1414 1333 1499 1370 loco
1533 1334 1702 1381 corporis
1724 1332 2038 1380 Provincialium,

249 1394 471 1437 exspectato
505 1400 636 1428 eorum
669 1396 874 1439 conventu,
907 1403 1009 1430 anno
1046 1395 1153 1429 1600
1187 1391 1281 1428 1111111
1312 1391 1557 1441 magnificam
1590 1392 1934 1429 remunerationem
1966 1392 2039 1428 im-

246 1452 452 1495 petrarunt.

388 1513 557 1547 Senatum
583 1513 847 1558 Tubingensem
874 1514 1052 1559 Keplerus
1078 1515 1148 1550 hoc
1174 1515 1264 1550 adiit
1290 1515 1412 1550 libello
1448 1515 1618 1560 supplici,
1656 1515 1791 1550 veniam
1824 1520 1971 1560 petens,
1999 1519 2037 1549 ut

245 1571 313 1606 sibi
337 1570 452 1612 liceat,
479 1571 664 1617 Tubingae
692 1572 966 1614 „Prodromum“
995 1573 1088 1617 typis
1116 1573 1312 1609 excudere:

383 1631 591 1680 Magnifice
634 1633 682 1671 D.
714 1632 878 1681 Rector,
925 1633 1167 1683 Spectabiles
1210 1636 1296 1675 DD.
1334 1636 1498 1682 Decani,
1541 1635 1816 1684 Praeceptores
1847 1641 2034 1685 perpetuo

243 1689 515 1727 colendissimi.

386 1748 480 1785 Cum
512 1750 699 1798 superiori
731 1749 861 1797 Julio,
904 1750 1050 1788 Divina
1081 1752 1275 1800 aspirante
1306 1752 1441 1800 gratia,
1479 1751 1789 1788 Astronomicum
1821 1753 1905 1789 sive
1939 1751 2037 1789 Cos-

246 1807 536 1854 mographicum
570 1807 765 1856 quoddam
797 1806 941 1858 ernua
965 1810 1212 1855 invenissem,
1248 1809 1350 1858 quod
1382 1821 1459 1847 non
1481 1814 1628 1846 tantum
1661 1809 1709 1846 ad
1732 1809 1805 1846 Dei
1829 1821 1874 1846 ex
1896 1815 2035 1847 natura

244 1865 503 1912 cognitionem
534 1866 740 1914 plurimum
774 1866 885 1916 facit,
925 1867 992 1904 sed
1025 1869 1140 1905 etiam
1173 1869 1450 1916 professionem
1482 1880 1606 1905 meam
1647 1873 1776 1904 ornat:
1815 1879 1966 1917 semper
1998 1870 2033 1904 111

245 1923 469 1960 occasiones
502 1924 585 1972 ejus
616 1924 841 1973 publicandi
873 1927 1041 1962 intentus
1073 1926 1138 1972 sui,
1174 1932 1210 1962 et
1242 1938 1309 1974 per
1341 1927 1586 1964 occasionem
1619 1925 1763 1962 reditus
1796 1927 1870 1963 mei
1903 1928 1938 1962 in
1962 1938 2034 1975 pa-

243 1981 353 2017 triam
391 1987 507 2029 atque
547 1994 677 2020 morae
720 1994 807 2020 cum
840 1982 1166 2032 Gruppenbachio
1200 1984 1246 2021 de
1279 1986 1485 2021 excusioue
1528 1986 1608 2032 egi,
1654 1985 1720 2032 qui
1758 1989 1949 2032 promtum
1992 1996 2032 2021 se

241 2037 379 2075 obtulit
410 2040 457 2075 ad
479 2051 604 2077 meam
624 2042 859 2089 petitionem,
895 2041 1101 2079 dummodo
1124 2041 1438 2090 magnificentiae
1462 2046 1499 2079 et
1521 2041 1859 2090 Spectabilitatum
1882 2046 2032 2079 vestra-

240 2106 324 2132 rum
356 2099 524 2145 cognitio
557 2103 594 2135 et
625 2098 865 2147 indulgentia
898 2101 1141 2137 interveniat.

378 2153 490 2202 Quod
523 2167 608 2193 cum
641 2156 895 2205 intelligerem
927 2169 969 2194 ex
1004 2159 1110 2206 ipso,
1144 2158 1403 2195 necessarium
1437 2158 1654 2195 existimavi
1678 2156 1809 2204 Magn.
1841 2163 1877 2194 et
1901 2157 2028 2206 Spect.

240 2215 388 2249 vestras
418 2225 486 2261 per
517 2213 665 2261 literas,
710 2217 801 2263 quia
843 2227 969 2252 coram
1002 2216 1075 2253 hoc
1107 2222 1276 2264 tempore
1309 2227 1384 2252 11011
1425 2227 1603 2264 possum,
1649 2215 1779 2252 debita
1816 2227 1902 2253 cum
1934 2217 2029 2252 sub-

238 2269 408 2317 jectione
442 2283 572 2309 orare:
615 2274 647 2309 si
679 2273 772 2309 nihil
805 2274 896 2310 insit
926 2276 963 2309 111
996 2286 1080 2311 11100
1124 2275 1322 2322 proposito
1367 2273 1595 2311 damnosum
1627 2273 1736 2321 Reip.
1770 2273 2028 2320 academicae,

238 2328 270 2362 si
291 2329 472 2377 scriptum
495 2331 632 2378 ipsum,
666 2330 768 2379 quod
793 2332 1058 2379 praesentibus
1081 2331 1212 2379 Magn.
1236 2337 1272 2368 et
1294 2332 1421 2379 Spect.
1445 2338 1657 2368 vestrarum
1679 2343 1862 2368 censurae
1901 2332 2028 2368 humi-

240 2383 328 2422 liter
358 2387 536 2435 subjicio,
569 2388 693 2425 lucem
726 2388 896 2437 aliquam
929 2389 1041 2426 bonis
1073 2391 1219 2426 artibus
1252 2389 1385 2426 afferre
1417 2391 1550 2438 possit,
1585 2395 1625 2426 ut
1658 2389 1741 2437 ejus
1765 2389 2026 2438 vulgationem

239 2448 368 2481 vestro
402 2445 551 2482 calculo
579 2445 726 2494 juvetis
758 2452 874 2495 atque
907 2448 944 2484 in
975 2447 1048 2485 1100
1079 2447 1191 2484 fidem
1215 2459 1337 2484 meam
1361 2459 1477 2496 penes
1499 2447 1588 2485 DD.
1613 2446 1839 2484 Ordinarios
1860 2447 2025 2497 Styriae‚

238 2505 281 2537 ut
314 2503 458 2550 quibus
490 2508 578 2541 ante
611 2505 760 2552 aliquot
799 2516 950 2542 menses
991 2506 1179 2554 ejusmodi
1220 2517 1325 2553 spem
1364 2506 1456 2552 feci,
1498 2505 1659 2542 liberare
1694 2505 1853 2554 juvetis.
1916 2504 2028 2553 Quod

236 2560 269 2595 si
301 2561 571 2609 impetravero,
604 2563 641 2598 in
673 2562 848 2600 beneficii
880 2575 955 2599 non
989 2565 1117 2611 exigui
1151 2569 1257 2612 parte
1286 2565 1472 2610 censebo,
1506 2563 1619 2600 simul
1653 2569 1689 2601 et
1722 2575 1878 2611 operam
1909 2563 2022 2610 dabo,

235 2622 276 2653 ut
308 2629 353 2655 ea
384 2618 470 2665 fide,
503 2630 581 2668 qua
613 2621 708 2657 civis
741 2632 812 2669 ego
846 2621 933 2658 huic
965 2622 1169 2658 obstrictus
1200 2633 1285 2657 sum
1317 2621 1554 2667 academiae,
1587 2626 1737 2669 gratum
1770 2632 1830 2658 me
1864 2620 2024 2659 demon-

238 2681 367 2716 strem.
430 2676 580 2725 Valete,
615 2678 698 2716 Deo
732 2679 1002 2718 commendati.
1069 2684 1102 2717 1.
1136 2679 1232 2727 Maji
1266 2679 1339 2716 Ao.
1376 2683 1440 2717 96.
1474 2679 1689 2728 Tubingae.

666 2736 719 2773 M.
754 2742 791 2774 et
822 2737 889 2775 SS.
922 2737 1009 2775 VV.
1043 2738 1350 2787 subjectissimus
1383 2737 1594 2785 discipulus

1475 2794 1530 2833 M.
1562 2795 1631 2833 Jo.
1665 2793 1826 2842 Kepler,

1292 2852 1504 2890 Illustrium
1537 2852 1689 2902 Styriae
1721 2851 2021 2890 Provincialium

1507 2910 1818 2949 Mathematicus.

326 2990 516 3031 Inscriptio:
542 2988 759 3034 Magnificis,
786 2988 1066 3035 spectabilibus,
1092 2987 1311 3026 Reverendis
1338 2993 1373 3023 et
1400 2987 1610 3022 Clarissimis
1638 2987 1736 3029 viris,
1771 2988 1848 3022 DD.
1876 2988 2020 3022 Rectori

236 3036 271 3066 et
297 3040 447 3076 quatuor
472 3036 624 3069 Decanis
658 3037 770 3070 almae
796 3037 1048 3071 Universitatis
1075 3036 1324 3080 Tubingensis,
1356 3036 1432 3069 DD.
1458 3034 1755 3078 Praeceptoribus
1790 3039 1824 3068 et
1854 3034 2018 3069 Patronis

234 3079 309 3114 suis
334 3085 506 3124 perpetua
530 3082 747 3125 gratitudine
772 3084 1045 3127 prosequendis.

328 3128 540 3171 Adscriptum
566 3134 626 3162 est:
657 3129 890 3166 Commissum
915 3130 994 3168 DD.
1018 3130 1037 3164 4
1064 3129 1230 3174 Decanis,
1256 3130 1446 3165 Decretum
1471 3128 1525 3164 22.
1550 3127 1638 3172 Maji
1665 3127 1718 3163 96.
