2126 3388
242 168 325 215 908
913 173 997 209 Vita
1019 173 1043 209 J
1045 173 1169 211 oannis
1193 174 1351 220 Kepleri.

242 286 347 322 Initio
374 286 531 324 decurris
557 288 729 333 originem
754 288 1027 336 disputationis:
1061 302 1118 326 me
1142 292 1239 327 ultro
1263 291 1432 336 injecisse
1464 290 1529 326 tibi
1554 291 1676 326 curam
1701 291 1849 336 salutis3
1881 293 1926 329 ad
1952 303 2029 328 eam

242 345 479 381 hortationem
505 347 709 390 reposuisse
734 351 770 382 te
803 359 935 393 anceps
961 349 1146 393 dilemma,
1180 360 1246 386 nec
1272 348 1456 385 censuisse
1480 348 1728 384 transitionem
1754 351 1798 385 ob
1825 351 1928 385 amici
1952 362 2030 396 gra-

245 403 330 436 tiam
355 403 554 437 reluctante
579 404 798 440 conscientia
821 407 1040 452 faciendam3
1075 419 1154 443 cum
1178 408 1379 443 insisterem
1405 417 1490 450 egO,
1518 417 1595 441 eam
1621 407 1890 442 excusationem
1913 414 2031 453 patro-

244 460 353 494 cinari
379 461 616 496 conscientiae
646 466 729 498 tuae
759 475 830 499 non
855 476 980 511 posse,
1015 466 1076 511 qui
1100 466 1196 502 haud
1221 466 1344 511 plures
1378 465 1414 499 in
1439 469 1501 500 tua
1526 465 1588 501 illa
1612 466 1838 508 Lutherana,
1864 478 1970 512 quam
1995 469 2031 502 in

244 522 366 552 nostra
393 522 427 552 et
445 518 629 554 Catholica
655 521 806 557 ecclesia
832 534 969 560 errores
994 535 1180 569 agnoscas.
1221 523 1466 559 Dissimulasti
1491 528 1530 559 tu
1555 523 1694 560 scilicet
1718 527 2031 572 comparationem,

243 586 348 618 quam
373 575 608 622 institueram,
636 584 672 614 et
689 581 724 614 in
742 580 890 617 alteram
908 585 1048 626 partem
1065 582 1293 627 respondisti,
1320 582 1387 617 etsi
1413 582 1686 625 aliquammulta
1705 592 1723 616 e
1741 583 1872 618 nostris
1890 583 2032 627 placitis

245 637 280 668 et
304 633 481 678 approbes
506 635 584 680 ipse
610 642 645 672 et
671 640 844 683 sequaris,
869 639 954 674 ferri
978 644 1098 675 tamen
1119 641 1235 675 omnia
1252 650 1293 674 ac
1310 640 1458 675 tolerari
1474 650 1545 674 non
1566 650 1684 684 posse,
1710 640 1869 675 additum
1890 651 2032 685 exemp-

243 691 316 726 lum
343 693 386 727 de
412 694 446 730 S
474 694 506 730 S.
534 696 683 741 meritis,
719 709 810 742 quae
841 697 951 732 libelli
976 699 1091 733 nostri
1114 698 1151 733 in
1179 698 1466 734 Satisfactionem
1498 709 1563 742 pro
1589 698 1748 742 peccatis
1782 698 1903 734 offerri
1925 710 2033 743 posse

244 751 407 787 doceant.
456 753 579 788 Facile
615 754 698 797 fuit,
734 761 773 790 ut
805 758 1045 793 condonarem
1081 756 1179 793 istud
1213 757 1343 798 amico,
1382 757 1426 791 de
1461 760 1557 791 statu
1592 756 1812 800 quaestionis
1844 756 2033 792 absilienti.

247 810 396 853 Scripsit
423 811 466 846 de
492 821 534 846 ea
560 814 771 856 quaestione
796 814 1021 860 Augustinus
1047 821 1202 850 mentem
1228 820 1337 859 atque
1363 815 1590 860 sententiam,
1617 816 1652 850 in
1679 816 1780 861 cujus
1807 817 2032 861 expositione

245 878 324 901 cnm
348 868 505 903 viderem
533 873 568 905 te
592 870 736 915 ingenio
762 876 824 907 tuo
843 874 1048 917 plusculum
1065 873 1263 917 indulgere,
1290 873 1484 917 Augustini
1502 878 1657 909 mentem
1677 884 1720 908 ex
1736 875 1814 919 ipso
1833 875 2034 918 Augustino

246 925 448 961 luculenter
473 929 644 972 cupressi¹
691 931 769 974 Quo
787 933 991 967 testimonio
1018 932 1053 966 id
1078 933 1291 976 impetrasse
1315 941 1371 966 me
1389 932 1503 974 videO,
1529 936 1569 966 ut
1593 932 1852 976 propemodum
1877 932 2034 977 fatearis,

249 988 284 1017 te
309 983 345 1017 in
378 994 420 1018 ea
454 985 596 1028 quidem
629 989 839 1031 particulari
872 990 1153 1025 controversiola
1183 990 1408 1035 triumphari.
1458 991 1536 1034 Ego
1561 990 1652 1025 illud
1688 990 1773 1024 mihi
1804 1002 1876 1026 non
1907 1001 2035 1034 arrogo

246 1041 294 1075 mi
318 1042 491 1087 Keplere3
527 1045 715 1081 velitemur
748 1058 813 1083 nos
838 1060 903 1093 pro
929 1048 1033 1093 copia
1059 1052 1094 1082 et
1120 1048 1297 1093 sapientia
1322 1059 1428 1092 quam
1456 1049 1543 1083 satis
1570 1053 1641 1090 est,
1670 1049 1812 1083 interim
1836 1060 1900 1093 pro
1927 1058 2036 1083 causa

247 1099 391 1135 meliore
414 1107 551 1146 pugnet
576 1105 790 1150 antiquitas,
817 1106 934 1141 vincat
957 1107 1073 1150 Deus,
1106 1107 1239 1142 veritas
1265 1106 1471 1151 triumphet.
1522 1106 1687 1142 Ceterum
1712 1106 1748 1140 in
1772 1107 1851 1151 ipso
1876 1106 1937 1140 illo
1963 1106 2036 1140 Au-

245 1157 378 1199 gustini
405 1159 609 1194 testimonio
643 1161 766 1206 aliqua
798 1165 992 1199 etiamnum
1026 1164 1230 1199 desiderare
1256 1168 1292 1199 te
1317 1165 1432 1199 video.
1481 1164 1619 1199 Jubeor
1643 1166 1815 1209 probare,
1852 1175 1930 1199 eam
1957 1175 2036 1200 esse

243 1220 397 1251 mentem
423 1220 613 1262 Augustini
641 1232 684 1256 ex
704 1222 971 1257 circumstantia
996 1227 1128 1258 textus.
1163 1223 1382 1267 Quaestione
1409 1223 1489 1258 149.
1512 1223 1550 1258 in
1571 1223 1738 1258 Exodum
1765 1234 1809 1258 ex
1836 1224 2036 1268 composito

244 1273 280 1309 S.
306 1275 368 1310 Vir
392 1276 541 1320 probat:
577 1279 710 1320 „Mosis
736 1281 832 1325 apud
854 1282 970 1315 Deum
995 1285 1163 1325 tanquam
1190 1280 1387 1316 fidelissimi
1413 1280 1537 1317 famuli
1563 1286 1702 1317 tantum
1730 1281 1841 1317 fuisse
1868 1281 2036 1316 meritum

243 1341 308 1377 per
331 1332 427 1368 illius
453 1336 621 1379 gratiam,
656 1342 695 1372 ut
722 1338 752 1372 ei
787 1338 923 1374 diceret
949 1340 1064 1384 Deus,
1099 1341 1176 1375 sine
1200 1351 1254 1375 me
1280 1344 1313 1376 et
1336 1341 1455 1376 iratus
1488 1341 1547 1375 ira
1571 1344 1757 1376 conteram
1783 1350 1853 1375 eos.
1901 1339 2039 1374 Jubeor

244 1391 411 1435 probare,
437 1393 563 1428 merita
588 1395 677 1430 haec
696 1397 848 1441 amplius
875 1398 959 1441 quid
978 1408 1068 1440 esse,
1095 1408 1202 1442 quam
1222 1401 1346 1432 sancta
1365 1397 1545 1441 suffragia,
1572 1408 1663 1442 quae
1681 1397 1777 1441 apud
1796 1398 1911 1432 Deum
1930 1398 2037 1432 inter-

242 1454 430 1494 ponantur.
483 1452 704 1488 Credendum
733 1460 798 1500 est,
824 1457 941 1500 inquit
965 1457 1207 1500 AugustinuS,
1243 1456 1339 1499 quod
1366 1466 1488 1490 omnes
1514 1454 1764 1499 eleemosynae
1788 1456 1898 1490 totius
1925 1455 2037 1491 eccle-

244 1506 317 1542 siae
344 1512 379 1542 et
405 1509 586 1545 orationes
613 1516 648 1546 et
674 1523 783 1557 opera
805 1515 969 1559 justitiae
994 1519 1030 1550 et
1054 1514 1321 1549 misericordiae
1356 1519 1568 1550 succurrant
1592 1515 1865 1560 recognoscenti
1888 1518 2038 1550 mortem

244 1571 340 1601 tuam
367 1567 412 1601 ad
437 1572 534 1603 tuam
562 1572 842 1607 conversionem.
893 1572 1030 1607 Jubeor
1054 1572 1224 1616 probare,
1258 1571 1302 1606 de
1327 1571 1398 1606 illis
1424 1571 1509 1607 solis
1534 1572 1633 1616 loqui
1657 1572 1916 1617 Augustinum,
1949 1584 2039 1618 quos

239 1625 314 1668 jam
342 1627 565 1663 condonatos
590 1630 689 1665 Deus
717 1631 843 1676 diligit.
879 1631 946 1665 Hic
973 1635 1012 1665 tu
1038 1641 1183 1665 eausam
1210 1634 1309 1665 tuam
1336 1630 1429 1664 ultro
1455 1629 1655 1674 prodidisti,
1683 1630 1811 1674 ecquid
1836 1642 1871 1665 n.
1898 1631 2038 1674 objece-

244 1692 300 1716 ras
326 1688 498 1729 tanquam
523 1686 706 1730 piaculum
732 1689 848 1731 nobis,
875 1689 936 1733 qui
961 1700 1033 1724 non
1060 1689 1095 1725 S.
1115 1689 1148 1723 S.
1176 1693 1316 1723 tantum
1334 1688 1471 1731 merita,
1498 1688 1560 1723 sed
1587 1688 1720 1723 ordinis
1745 1689 1851 1723 etiam
1871 1693 1906 1723 et
1924 1689 2037 1724 socio-

244 1751 322 1775 rum
348 1747 551 1777 nostrorum
577 1745 843 1783 satisfactiones
871 1747 999 1782 offerre
1026 1747 1102 1781 Deo
1129 1746 1336 1781 doceamus.
1373 1745 1510 1780 Jubeor
1526 1745 1690 1790 probare,
1717 1746 1817 1780 illum
1843 1757 1913 1780 non
1938 1745 2038 1790 loqui

245 1799 286 1834 de
313 1801 527 1836 necessitate
552 1805 743 1848 temporie,
781 1805 844 1840 sed
871 1806 914 1840 de
939 1809 1014 1840 tota
1040 1809 1269 1849 peccatorum
1298 1814 1446 1838 summa.
1497 1803 1657 1838 Alterum
1688 1815 1837 1840 necesse
1873 1808 1942 1847 est,
1977 1808 2039 1839 aut

242 1857 318 1892 falli
343 1862 379 1893 te
404 1860 653 1903 vehementer,
681 1867 744 1897 aut
769 1863 915 1906 fallere,
949 1872 1015 1896 nec
1048 1861 1150 1896 licuit
1186 1861 1272 1895 mihi
1304 1866 1386 1896 ante
1419 1862 1508 1896 haec
1539 1862 1684 1905 impune
1716 1861 1908 1906 suspicari,
1939 1866 1976 1897 te
2001 1862 2037 1897 in

245 1915 508 1952 Catholicorum
541 1919 703 1963 placitis,
738 1920 950 1965 quibuscum
975 1919 1010 1953 in
1037 1929 1180 1954 arenam
1208 1919 1413 1965 descendis,
1448 1920 1536 1955 adeo
1562 1921 1742 1965 hospitem
1772 1931 1852 1955 esse
1877 1925 1912 1955 et
1937 1932 2037 1965 pere-

244 1973 393 2015 grinum.
428 1975 540 2011 Ecce:
568 1976 749 2013 offerimus
770 1978 981 2013 Sanctorum
1008 1978 1146 2022 merita,
1174 1978 1247 2012 sive
1274 1988 1397 2013 eorum
1423 1978 1485 2023 qui
1509 1988 1589 2012 cum
1608 1977 1749 2013 Christo
1776 1982 1938 2023 regnant,
1964 1978 2037 2013 sive

245 2041 365 2065 corum
393 2033 452 2076 qui
478 2034 663 2070 nobiscum
689 2036 858 2081 militant,
893 2036 929 2071 in
955 2036 1240 2071 satisfactionem
1265 2047 1330 2081 pro
1357 2036 1516 2081 peccatis
1544 2035 1695 2080 nostris,
1730 2046 1846 2081 neque
1871 2036 1949 2071 sola
1975 2040 2037 2071 aut

244 2088 379 2133 absque
399 2091 528 2126 Christi
547 2094 681 2128 meritis
707 2096 863 2139 pretium
889 2100 924 2129 ct
944 2095 1109 2130 effectum
1128 2095 1306 2139 habitura,
1334 2106 1451 2139 neque
1477 2096 1586 2130 etiam
1610 2095 1662 2130 ita
1687 2099 1905 2139 comparata,
1933 2095 2037 2139 quasi

243 2146 342 2190 ipsae
370 2149 504 2185 Christi
528 2153 755 2195 precationes
782 2155 919 2197 absque
944 2153 987 2188 iis
1013 2165 1085 2188 non
1113 2154 1307 2198 sufficiant,
1334 2153 1396 2188 sed
1423 2154 1507 2198 quia
1532 2159 1567 2188 et
1585 2163 1737 2197 aequum
1764 2157 1819 2188 est
1845 2157 1880 2187 et
1899 2154 2037 2188 Sanctis

244 2205 501 2252 honorificum,
536 2214 576 2243 ut
600 2211 827 2255 precationes
853 2211 937 2246 illae
963 2222 1083 2246 coram
1108 2212 1185 2246 Deo
1213 2223 1286 2246 non
1318 2212 1390 2246 sint
1414 2211 1538 2246 inanes
1565 2215 1621 2245 etc
1625 2238 1775 2247 ......
1824 2210 1914 2246 Vide
1938 2211 2035 2256 mihi,

245 2275 413 2307 quorsum
446 2277 503 2302 res
536 2274 674 2304 vestrae
710 2275 745 2306 et
770 2270 920 2305 consilia
951 2271 1121 2315 evadant,
1156 2275 1345 2315 postquam
1380 2270 1591 2305 conculcata
1622 2270 1795 2305 eeclesiae
1828 2271 2034 2314 auctoritas,

244 2322 435 2369 profligata
454 2327 579 2360 summi
597 2328 775 2372 praesulis
792 2329 1004 2373 reverentia,
1032 2328 1245 2371 quantillum
1264 2329 1436 2364 audaciae
1455 2328 1609 2373 spatium
1636 2332 1809 2372 superest,
1836 2333 1876 2363 ut
1894 2331 2034 2363 ceterae

244 2391 404 2426 quoque,
433 2383 562 2426 quibus
590 2385 742 2420 ecclesia
767 2386 940 2422 hactenus
968 2388 1086 2430 stetit,
1121 2386 1307 2421 columnae
1333 2386 1591 2422 subducantur.
1642 2387 1720 2421 Stat
1744 2397 1809 2430 pro
1834 2386 2036 2430 ubiquitate

244 2438 473 2486 Thummius,
510 2441 614 2476 aliter
640 2453 683 2477 ex
710 2444 860 2480 adverso
888 2446 1079 2480 Menzerus
1105 2445 1319 2489 scripturam
1351 2444 1539 2488 intelligit3
1575 2443 1659 2488 quid
1686 2444 1714 2478 si
1742 2455 1785 2479 ex
1811 2444 1937 2479 eadem
1961 2455 2033 2478 ma-

244 2497 334 2531 teria
359 2498 478 2542 Arius,
506 2499 691 2544 Eutyches
718 2506 753 2535 et
778 2502 968 2538 Nestorius
994 2514 1058 2547 pro
1085 2503 1264 2538 erroribus
1290 2502 1345 2537 his
1371 2506 1581 2545 argumenta
1606 2504 1814 2537 arcessant?
1855 2502 1948 2546 Quid
1973 2513 2032 2537 ex-

244 2557 474 2598 spectamus?
518 2558 614 2592 Male
639 2563 759 2593 tecum
786 2560 914 2604 agitur,
941 2561 987 2594 mi
1005 2561 1174 2604 Keplere,
1202 2560 1371 2605 quamdiu
1397 2560 1480 2595 fidei
1506 2565 1540 2595 et
1557 2561 1797 2595 conscientiae
1822 2565 1906 2595 tuae
1931 2571 2032 2606 regu-

243 2613 312 2647 lam
339 2614 443 2648 aliam
470 2626 543 2649 non
571 2615 692 2660 habes,
721 2620 826 2661 quam
852 2618 905 2651 illi
930 2618 1100 2662 habuere,
1128 2629 1218 2662 quos
1236 2617 1313 2653 falli
1332 2622 1367 2652 et
1392 2618 1519 2652 fallere
1544 2628 1609 2652 nec
1634 2621 1673 2652 tu
1697 2618 1774 2662 ipse
1793 2618 1968 2654 diffiteris.
1988 2638 2031 2643 -—-

243 2672 398 2706 Ventum
423 2672 468 2707 ad
493 2675 743 2720 μορμολυκεια,
771 2685 862 2719 quae
887 2680 965 2710 tute
990 2676 1035 2710 ad
1061 2677 1256 2720 marginem
1283 2676 1474 2721 epistolae,
1502 2675 1648 2721 calamo,
1675 2680 1714 2711 ut
1741 2676 1877 2720 opinor,
1902 2675 2031 2710 tumul-

244 2730 369 2773 tuario,
397 2731 575 2772 excitasti,
603 2732 676 2767 sive
700 2744 743 2768 ea
767 2734 1012 2778 appellatione
1037 2734 1244 2769 sacerdotes
1270 2734 1383 2769 nostri
1407 2738 1598 2779 petuntur3
1625 2744 1696 2768 non
1721 2734 1842 2778 video,
1874 2744 1919 2768 an
1943 2732 2030 2767 illud

244 2787 449 2831 hujusmodi
473 2799 494 2823 a
520 2793 555 2824 te
581 2792 783 2835 exspectari
811 2793 957 2837 debeat,
984 2793 1045 2837 qui
1070 2793 1163 2827 inter
1189 2793 1392 2828 Catholicos
1423 2797 1478 2827 tot
1503 2802 1614 2827 annos
1641 2798 1804 2828 versatus
1830 2791 2030 2836 intelligere

243 2845 412 2889 potuisti,
446 2845 539 2880 inter
573 2852 743 2883 centones
775 2849 857 2884 illos
891 2855 927 2885 et
954 2850 1118 2892 cuculos,
1154 2851 1247 2886 inter
1279 2851 1449 2885 informes
1483 2861 1545 2886 eas
1571 2854 1708 2895 tegetes
1734 2861 1805 2885 non
1826 2860 1909 2891 ‚raro
1934 2849 2029 2885 viros

244 2902 418 2945 ejusmodi
443 2903 567 2948 latere,
593 2906 808 2949 quibuscum
831 2918 897 2943 nec
922 2907 1099 2943 fortunam
1125 2918 1192 2943 nec
1218 2909 1418 2944 doctrinam
1443 2918 1544 2943 suam
1560 2907 1809 2952 praedicantes
1833 2906 1942 2940 vestri
1967 2917 2028 2941 au-

245 2959 352 2994 deant
377 2971 590 3005 componere
616 2967 722 3008 atque
748 2976 976 3010 comparare;
1005 2966 1078 3001 sive
1105 2967 1148 3002 de
1174 2967 1336 3002 doctrina
1359 2971 1564 3002 nostrorum
1581 2966 1709 3009 agitur,
1736 2964 1864 3008 quibus
1889 2974 2028 3001 errores

245 3017 351 3050 vestri
377 3028 447 3052 non
472 3029 552 3053 raro
578 3020 665 3055 vivis
691 3022 870 3058 coloribus
897 3023 1155 3069 depinguntur,
1182 3030 1270 3069 puto
1295 3025 1331 3060 id
1357 3036 1460 3060 omne
1486 3036 1507 3060 a
1531 3025 1662 3060 nostris
1687 3022 1781 3057 haud
1806 3023 1914 3067 paulo
1939 3028 2027 3059 tem-

245 3075 428 3115 perantius
453 3075 540 3121 fieri,
568 3089 674 3121 quam
700 3081 810 3115 vestri
833 3092 1029 3125 praecones
1056 3082 1205 3127 soleant,
1234 3082 1295 3126 qui
1320 3092 1364 3117 ex
1389 3082 1489 3127 Papa
1507 3081 1775 3123 Antichristum,
1802 3090 1846 3114 ex
1871 3081 2026 3126 Impera-

245 3133 322 3167 tore
345 3132 545 3170 Draconem
570 3136 882 3184 Apocalypticum,
910 3149 954 3174 ex
979 3140 1171 3186 Episcopis
1198 3150 1322 3176 carnes
1348 3140 1502 3185 bestiae,
1535 3149 1579 3173 ex
1604 3138 1829 3184 Principibus
1855 3149 1954 3186 ossa,
1980 3150 2025 3176 ex
