2177 3408
507 169 745 205 Summarium
770 169 951 205 Historiae
976 166 1228 204 Astronomiae
1255 166 1377 204 seculo
1403 167 1501 206 XVI.
1829 166 1914 213 627

113 287 230 326 bilem
262 289 298 325 in
331 287 433 329 Sole.
494 288 667 327 Maxima
698 300 865 338 namque
896 288 997 327 Solis
1030 290 1212 338 aequatio
1246 292 1302 326 est
1337 285 1402 336 2⁰,
1437 287 1548 336 euJus
1580 298 1692 326 arcus
1726 298 1919 327 coascen-

115 346 208 385 dens
239 348 275 384 in
310 352 461 396 tempus
494 347 684 385 resolutus
728 348 794 386 dat
827 348 866 385 8‘
896 349 1098 396 temporis,
1143 352 1180 385 et
1212 348 1249 383 in
1281 353 1386 384 motu
1420 346 1522 385 Solis
1556 348 1650 385 20¹st
1715 345 1792 384 Sed
1828 347 1921 395 quia

112 406 280 454 paginae
314 405 360 443 de
392 405 482 444 Sole
515 412 622 443 erant
653 408 862 455 impressae
896 418 919 443 a
950 406 1070 443 multo
1104 411 1289 454 tempore,
1330 405 1419 442 hinc
1458 411 1541 442 orta
1579 406 1675 443 haec
1715 405 1918 442 dissimili—

113 463 206 500 tudo
229 467 284 509 (e).
347 463 546 511 Secundo,
591 465 662 502 etsi
704 476 780 501 non
819 465 941 512 probo
982 466 1106 513 ipsam
1146 465 1266 513 partis
1305 463 1463 501 alterius
1506 465 1779 510 omissionem,
1822 463 1921 500 nihil

115 526 244 560 tamen
273 528 422 560 mutare
445 534 602 571 possum
626 529 780 568 temere,
814 523 943 571 quoad
965 523 1002 559 in
1025 522 1190 571 planetis
1212 522 1319 559 fuero
1342 521 1545 570 expeditus
1564 527 1613 571 (f).
1667 521 1767 559 Nam
1790 526 1921 570 potest

112 581 334 629 contingere
373 582 488 618 etiam
527 581 582 618 sic
611 583 803 618 invariata
834 580 1061 630 Tychoniea
1100 579 1308 630 hypothesi
1341 591 1443 617 error
1475 582 1526 618 θ’.
1589 580 1629 617 Si
1659 579 1743 628 jam
1775 585 1921 617 mutem

111 637 211 675 hanc
242 639 436 687 aequandi
478 640 685 685 rationem,
730 639 916 676 accedent
957 639 1034 676 alia
1066 640 1117 676 4¹.
1179 638 1244 676 Sic
1274 637 1465 675 interdum
1508 643 1641 687 posset
1681 650 1750 687 per
1792 650 1919 676 meam

111 698 364 734 mutationem
409 708 511 734 error
550 700 771 746 contingere
810 700 873 735 10‘
907 697 967 734 vel
1005 699 1087 742 11‘,
1134 698 1187 733 ita
1224 698 1260 732 in
1304 696 1643 745 reprehensionem
1687 697 1920 734 incurrerem

112 766 197 791 cum
230 767 315 792 mea
346 757 571 792 mutatione.
635 756 767 793 Tertio
800 755 1011 793 notandum
1045 760 1121 801 est,
1162 754 1312 791 lunaria
1354 766 1421 803 per
1452 755 1711 791 Christianum
1744 754 1920 793 Severini

112 812 498 861 Longomontanum,
539 825 651 861 quem
685 813 819 863 Tycho
852 813 970 857 aluit,
1012 814 1049 849 in
1081 813 1184 849 hunc
1222 812 1379 849 modum
1421 823 1505 850 esse
1537 814 1786 859 concinnata,
1834 824 1920 850 cum

115 870 251 921 Tyeho
283 872 451 920 negotiis
483 871 643 918 aulicis,
690 871 916 909 difficultate
959 871 1181 919 pecuniaria
1213 876 1249 908 et
1280 871 1482 918 ingruente
1515 871 1622 907 senio
1655 870 1918 919 impediretur.

112 928 238 978 Saepe
271 928 365 966 dixit
398 929 637 966 Christiano:
687 929 810 977 „haec
848 941 924 966 non
957 940 1118 977 possum
1148 928 1293 975 ferre“,
1326 927 1394 965 sed
1425 928 1624 976 respondit
1655 928 1916 966 Christianus:

117 987 202 1034 „Tu
236 999 326 1034 ergo
359 989 441 1036 ipse
475 987 578 1024 aliud
612 989 765 1038 inveni,
804 988 907 1036 quod
941 999 1026 1025 cum
1068 989 1143 1024 tuis
1176 988 1393 1024 consentiat
1434 986 1675 1023 observatis“
1702 990 1758 1033 (g).
1821 987 1916 1024 Cum

114 1057 208 1083 vero
241 1045 376 1095 Tyeho
403 1046 485 1094 jam
519 1058 594 1083 non
627 1051 735 1083 tanta
766 1047 978 1083 attentione
1011 1045 1141 1082 studia
1173 1045 1269 1082 haec
1301 1049 1464 1082 tractare
1496 1050 1645 1092 posset,
1687 1046 1918 1083 necessitate

114 1102 276 1141 adactus
309 1103 464 1151 reliquit
495 1104 569 1141 hoc
601 1104 744 1141 malum
777 1105 874 1141 bene
898 1103 1092 1141 eonditum
1116 1105 1175 1148 (h).
1229 1102 1387 1150 Quarto,
1421 1103 1475 1139 rei
1505 1103 1670 1150 qualitas
1703 1115 1778 1141 non
1806 1103 1918 1141 valde

113 1162 286 1198 absurda
317 1168 375 1199 est
406 1174 525 1210 seque
559 1162 744 1211 exemplis
777 1161 958 1208 defendit,
991 1163 1022 1198 si
1055 1162 1170 1199 modo
1203 1162 1399 1209 quantitas
1431 1163 1672 1198 consentiret.
1724 1162 1822 1198 Nam
1853 1163 1917 1209 qui

113 1219 218 1266 dicit,
264 1220 536 1268 negligendam
569 1232 653 1259 esse
686 1221 845 1258 alteram
877 1226 1025 1269 partem
1064 1221 1309 1268 aequationis
1342 1220 1381 1254 in
1416 1218 1524 1255 Luna
1550 1222 1603 1264 (ad
1631 1222 1672 1265 e),
1706 1221 1737 1257 is
1769 1221 1916 1266 statuit,

113 1277 248 1316 Lunae
280 1278 388 1315 illum
421 1283 588 1324 motum,
623 1280 686 1327 qui
720 1279 824 1328 apud
857 1284 1004 1316 ceteros
1037 1284 1279 1315 astronomos
1311 1283 1369 1314 est
1399 1276 1566 1322 medius,
1610 1276 1734 1315 hieme
1766 1278 1917 1314 tardum

111 1347 207 1383 esse,
241 1342 389 1374 aestate
422 1336 608 1383 velocem,
643 1338 733 1386 quia
767 1345 953 1385 quantum
985 1341 1133 1374 aestate
1167 1336 1213 1373 de
1247 1335 1337 1372 orbe
1369 1334 1503 1372 Lunae
1537 1334 1706 1371 volvitur
1736 1337 1919 1384 tempori-

111 1395 182 1432 bus
216 1399 311 1433 360.
347 1396 415 1433 57¹
448 1397 703 1443 aequatoriis,
743 1394 987 1441 tantundem,
1030 1406 1107 1432 non
1138 1394 1236 1443 plus,
1271 1393 1492 1430 volveretur
1522 1392 1647 1430 hieme
1679 1394 1918 1442 temporibus

111 1457 209 1491 361.
243 1455 294 1491 1‘.
355 1453 494 1502 Itaque
532 1464 616 1490 cum
660 1458 808 1491 aestate
840 1453 906 1490 Sol
939 1454 989 1490 sit
1029 1455 1212 1490 remotior
1243 1452 1291 1489 ab
1325 1452 1416 1489 orbe
1448 1450 1582 1488 Lunae
1623 1462 1738 1499 quam
1778 1452 1916 1499 hieme,

109 1516 242 1560 posset
273 1511 414 1559 aliquis
448 1513 629 1559 cogitare,
663 1523 818 1549 causam
852 1511 1143 1559 inaequalitatis
1176 1522 1259 1548 esse
1291 1509 1493 1558 physicam
1527 1514 1563 1546 et
1594 1508 1723 1547 Solem
1755 1511 1915 1558 propio-

109 1581 188 1608 rem
221 1570 403 1618 impedire
446 1569 619 1607 nonnihil
652 1570 787 1607 Lunae
829 1575 989 1606 motum.
1052 1569 1147 1615 Sed,
1192 1574 1233 1605 ut
1265 1567 1365 1614 dixi,
1406 1569 1602 1615 quantitas
1646 1574 1681 1605 et
1713 1569 1910 1618 proportio

110 1628 332 1675 reclamant,
366 1629 458 1676 quia
482 1627 585 1665 Solis
608 1628 814 1666 distantiae
846 1629 901 1665 sic
933 1627 1096 1665 habent:
1131 1637 1309 1676 apogaea
1335 1629 1456 1671 1018,
1480 1627 1663 1674 perigaea
1686 1630 1779 1673 9822,
1813 1638 1913 1674 quae

108 1687 306 1736 proportio
330 1692 387 1724 est
406 1685 522 1735 longe
546 1686 698 1724 diversa
719 1698 742 1724 a
764 1687 1011 1736 proportione
1043 1687 1140 1723 inter
1175 1684 1277 1723 361⁰
1300 1685 1336 1721 1²
1369 1689 1407 1721 et
1440 1682 1542 1721 3600
1565 1684 1632 1721 51‘
1651 1688 1698 1730 (i).
1753 1684 1910 1732 Quinto,

109 1747 333 1794 priusquam
376 1755 448 1792 ego
487 1743 536 1781 ad
569 1744 792 1794 'sychonem
833 1745 942 1789 veni,
988 1754 1064 1792 quo
1102 1750 1274 1793 tempore
1314 1743 1346 1779 is
1379 1742 1628 1791 Witebergae
1670 1742 1797 1780 adhuc
1828 1742 1912 1790 suit,

111 1809 269 1840 coactus
301 1803 371 1839 suit
402 1808 553 1851 praeter
585 1808 641 1839 tot
672 1803 847 1840 circellos
880 1814 997 1839 unum
1029 1803 1146 1840 etiam
1166 1813 1335 1838 annuum
1358 1801 1536 1846 inserere,
1570 1799 1724 1848 quando
1756 1801 1914 1837 retinuit

110 1866 315 1909 utramque
347 1862 531 1909 temporis
563 1863 854 1909 aequationem,
897 1865 939 1897 ut
971 1861 1178 1897 observata
1210 1871 1280 1897 sua.
1311 1859 1409 1895 tueri
1440 1862 1582 1906 posset.
1646 1858 1684 1895 Is
1718 1870 1807 1907 ergo
1840 1870 1912 1895 an-

113 1931 212 1956 nuus
246 1919 410 1957 circulus
454 1919 681 1969 profligatus
723 1925 779 1956 est
812 1923 948 1969 postea
979 1918 1128 1967 Pragae
1159 1929 1225 1968 per
1268 1918 1517 1954 omissionem
1557 1915 1750 1954 secundae
1790 1918 1910 1966 partis

114 1978 309 2026 aequandi
342 1982 492 2027 tempus
526 1984 561 2014 et
594 1989 660 2027 per
691 1977 973 2025 neglectionem
999 1980 1020 2015 ὃ
1046 1976 1106 2014 vel
1132 1980 1152 2014 6
1188 1975 1454 2025 scrupulorum
1486 1974 1736 2022 residuorum,
1772 1975 1912 2023 quibus

110 2035 281 2074 calculus
313 2035 439 2073 adhue
471 2036 552 2073 abit
583 2037 631 2073 ab
664 2036 892 2073 observatis.

251 2093 312 2130 Ad
345 2094 602 2142 objectionem
647 2093 869 2132 secundam.
930 2092 1008 2130 Hic
1049 2096 1194 2129 motum
1234 2090 1480 2139 inaequalem
1523 2092 1642 2129 centri
1675 2092 1908 2129 concentrici

113 2150 247 2189 Lunae
278 2153 316 2188 in
349 2151 521 2201 epicyclo
554 2163 620 2200 per
651 2152 808 2189 Terram
842 2151 957 2188 ducto
992 2150 1136 2199 (quoad
1164 2150 1360 2200 affectum)
1394 2157 1513 2188 tueor.
1562 2149 1660 2186 Nam
1693 2151 1724 2186 si
1759 2161 1909 2186 memo-

114 2211 203 2246 riter
235 2210 331 2247 bene
370 2217 502 2254 teneo,
542 2215 672 2248 manet
708 2210 808 2247 idem
850 2209 1067 2257 inaequalis
1109 2214 1236 2245 motus
1279 2209 1393 2245 etiam
1440 2209 1475 2243 in
1508 2207 1736 2245 Ptolemaeo
1779 2206 1908 2256 quoad

117 2268 292 2305 effectum
325 2268 397 2305 hoc
429 2274 652 2317 praetextu,
694 2268 796 2316 quod
836 2268 976 2304 frustra
1016 2268 1136 2304 simus
1174 2266 1334 2304 subtiles
1377 2268 1413 2301 in
1454 2265 1756 2303 insensibilibus.
1819 2265 1906 2302 Hoc

113 2325 205 2363 volo
239 2326 386 2371 dicere,
420 2326 565 2363 nullam
598 2326 730 2364 haberi
765 2338 787 2363 a
818 2325 1045 2363 Ptolemaeo
1079 2326 1266 2362 rationem
1299 2323 1590 2372 inaequalitatis
1622 2328 1840 2360 menstruae
1872 2324 1909 2359 in

124 2385 224 2421 veris
264 2385 575 2433 oppositionibus
616 2389 652 2422 et
695 2384 1030 2432 conjunctionibus
1076 2384 1178 2420 Solis
1221 2388 1256 2420 et
1298 2383 1431 2419 Lunae
1458 2388 1514 2423 (k),
1555 2382 1801 2430 ¹Copernico
1845 2381 1907 2418 hic

120 2442 284 2490 primum
324 2442 471 2491 placuit
509 2440 786 2493 (ἑκριβολοχειν,
833 2443 898 2490 qui
940 2452 1090 2490 semper
1133 2440 1293 2478 adhibet
1337 2443 1609 2488 aequationem
1656 2447 1902 2483 menstruam,

114 2500 267 2547 quoties
301 2512 392 2537 vera
416 2505 462 2541 ΟΧ
489 2506 526 2538 et
551 2512 597 2543 σο
626 2500 749 2537 differt
782 2512 804 2537 a
837 2498 975 2537 media.
1039 2498 1288 2536 Ptolemaeus
1333 2510 1423 2546 ergo
1457 2500 1529 2537 hoc
1560 2498 1704 2535 faciens
1744 2494 1905 2533 'simulat

119 2565 289 2594 centrum
324 2560 553 2595 concentriei
586 2559 720 2595 Lunae
753 2560 790 2593 in
822 2559 923 2595 veris
945 2566 992 2600 0²
1023 2562 1059 2594 et
1085 2569 1130 2599 σε)
1158 2568 1241 2594 esse
1275 2557 1351 2593 imo
1382 2557 1478 2603 loeo,
1511 2556 1625 2605 plane
1648 2560 1689 2591 ut
1711 2555 1905 2603 Tyehod).

115 2614 305 2662 Secundo,
339 2617 369 2651 si
393 2615 531 2652 vellem
555 2616 794 2661 contendere,
828 2627 982 2664 possem
1014 2615 1113 2652 hanc
1135 2619 1260 2652 motus
1284 2615 1602 2662 inaequalitatem
1636 2614 1749 2649 etiam
1781 2618 1907 2648 astro-

116 2675 266 2711 nomiee
300 2684 484 2711 excusare
517 2674 714 2710 additione
747 2674 873 2710 adhuc
905 2674 1017 2710 unius
1050 2673 1180 2710 circuli
1212 2675 1417 2709 menstrui:
1462 2684 1526 2709 eur
1566 2672 1664 2708 enim
1704 2669 1796 2705 mihi
1830 2681 1906 2706 non

117 2731 252 2769 liceret
292 2733 328 2768 in
371 2731 445 2767 hac
481 2731 760 2779 inaequalitate
800 2737 995 2768 menstrua
1039 2730 1280 2775 excusanda,
1321 2730 1423 2778 quod
1467 2729 1679 2777 Copernieo
1719 2727 1825 2763 licuit
1868 2729 1904 2763 in

116 2791 373 2838 aequantibus
407 2788 655 2826 Ptolemaicis
688 2788 940 2834 excusandis,
982 2789 1221 2836 approbante
1253 2787 1485 2824 Praetorio?
1508 2798 1561 2833 (m)
1613 2784 1744 2821 Tertio
1777 2796 1907 2831 eausa,

118 2858 183 2884 cur
213 2859 291 2885 rem
324 2849 448 2896 ipsam
482 2846 696 2892 defendam,
732 2851 788 2883 est
811 2846 918 2891 haec,
951 2845 1055 2893 quod
1078 2856 1218 2883 causae
1240 2850 1412 2881 motuum
1436 2844 1633 2881 verissime
1656 2847 1744 2879 sunt
1766 2842 1903 2892 physi-

118 2916 197 2951 cae,
230 2911 272 2942 ut
303 2906 387 2943 Deo
422 2906 540 2941 vitam
573 2904 687 2941 dante
720 2903 913 2951 probabo,
956 2915 978 2939 a
1010 2902 1100 2940 Sole
1133 2908 1259 2948 ortae,
1303 2904 1436 2951 utique
1469 2902 1586 2950 igitur
1617 2901 1666 2937 ab
1698 2902 1782 2949 ipso
1814 2912 1905 2938 vero

117 2962 221 3009 Sole,
254 2975 330 3001 non
363 2976 385 3000 a
416 2968 559 3011 puncto
593 2963 675 3010 ejus
707 2962 865 3003 vicarie,
900 2959 1003 3008 quod
1034 2960 1162 2997 Solem
1191 2959 1272 3007 jam
1305 2960 1510 3005 antecedit,
1538 2959 1620 3007 jam
1651 2960 1824 3007 sequitur
1847 2965 1903 3000 (n).

119 3020 277 3067 Quarto,
310 3027 348 3058 et
378 3028 505 3058 tamen
538 3026 723 3068 quantum
756 3018 975 3056 sudaverim
1006 3019 1044 3054 in
1075 3018 1247 3067 physicis
1280 3019 1406 3055 causis
1428 3018 1543 3065 hujus
1565 3018 1750 3053 menstrui
1779 3022 1905 3054 motus

119 3079 371 3126 inveniendis,
404 3085 445 3115 tu
477 3080 558 3128 ipse
591 3090 637 3115 ex
667 3082 774 3126 parte
806 3077 913 3114 testis
946 3087 1005 3124 es;
1039 3077 1189 3124 quoties
1220 3076 1448 3122 exclamavi,
1477 3075 1558 3124 jan]
1590 3086 1650 3111 me
1682 3073 1905 3112 invenisse?

120 3135 267 3184 Quodsi
298 3149 358 3175 res
390 3148 466 3174 non
497 3142 574 3174 tam
608 3140 710 3173 esset
739 3136 930 3181 abstrusa,
962 3145 1097 3184 posses
1129 3145 1326 3173 recensere
1358 3146 1404 3173 ex
1427 3140 1463 3173 te
1486 3135 1569 3183 ipso
1594 3132 1760 3171 Domino
1783 3132 1904 3171 Prae-

1557 3196 1631 3233 41*
