2177 3408
520 175 756 213 Summarium
781 175 961 213 Historiae
984 176 1236 213 Astronomiae
1260 177 1381 213 seculo
1406 178 1501 214 XVI.
1838 176 1921 221 651

128 305 190 329 eos
208 294 327 329 videre
345 294 469 338 possit,
489 303 554 327 nos
572 304 643 328 non
661 293 751 328 scire
769 303 896 338 posse,
923 295 982 338 qui
1001 294 1170 338 qualesve
1186 295 1247 329 isti
1264 295 1421 330 aetherei
1443 296 1547 331 orbes
1567 295 1656 340 sint;
1684 294 1825 330 stellam
1844 305 1924 330 esse

128 352 328 387 densiorem
347 357 485 396 partem
505 353 559 386 sni
580 352 686 395 orbis,
712 351 865 386 lucidam
884 359 917 387 et
938 353 1135 398 globosam,
1163 352 1239 388 orbi
1257 363 1322 388 suo
1342 358 1439 389 certo
1464 354 1500 388 in
1524 354 1604 389 loco
1631 353 1786 398 affixam,
1813 364 1834 387 a
1853 364 1922 398 quo

133 411 240 447 etiam
266 411 370 446 statis
396 415 432 446 et
457 411 564 446 certis
591 410 729 457 legibus
755 411 978 447 circulariter
995 412 1279 448 circumferatur.
1316 411 1519 455 „Sphaerac
1547 412 1721 447 coelestes
1743 422 1781 447 se
1798 415 1922 446 mutuo

130 469 241 504 veluti
267 470 410 504 tunicae
437 479 628 513 caeparum
654 469 848 506 ambiunt.“
900 472 941 505 In
968 471 1070 507 coelo
1097 475 1183 507 sunt
1206 470 1329 515 plnres
1355 470 1548 515 regulares,
1576 469 1768 505 circulares
1794 474 1927 506 motus,

132 530 266 573 Figura
290 529 380 564 coeli
407 534 462 563 est
487 528 697 572 sphaerica,
735 528 868 563 Terrae
895 529 1010 573 figura
1036 530 1195 573 globosa.
1248 529 1359 563 Terra
1385 530 1421 563 in
1447 529 1562 564 medio
1589 529 1712 564 mundi
1736 528 1926 563 immobilis

132 588 202 622 sita
227 591 292 621 est.
342 587 461 621 Locus
487 586 522 621 in
549 592 671 622 centro
697 587 753 622 his
780 587 963 622 stabilitur
988 587 1227 631 argumentis:
1255 589 1368 623 Terra
1386 590 1543 634 undique
1561 600 1582 623 a
1601 590 1700 625 coelo
1726 588 1928 633 aequaliter

128 646 251 689 abest,
278 645 550 679 horizonsecat
575 655 698 680 omnes
724 645 898 681 coelestes
925 647 1077 682 circulos
1106 646 1286 689 bifariam,
1324 649 1446 690 gravia
1474 648 1698 684 descendunt
1733 647 1928 683 secundum

129 703 343 738 diametrum
369 703 511 747 mundi,
551 708 710 738 centrum
736 704 812 747 ejus
840 705 1067 749 appetentia,
1096 705 1217 749 gravia
1242 705 1277 739 in
1304 706 1416 740 Terra
1441 711 1618 750 appetunt
1650 706 1727 750 ejus
1754 710 1927 750 centrum,

132 773 216 807 orgo
236 762 368 796 Terrae
386 768 547 796 centrum
565 762 687 796 mundi
706 769 867 797 centrum
885 768 958 807 est3
984 762 1213 797 immobilitas
1232 763 1365 798 Terrae
1383 764 1450 799 sic:
1483 765 1517 808 1)
1537 769 1696 799 centrum
1718 763 1843 798 circuli
1861 773 1927 798 seu

129 821 228 866 globi
251 821 287 855 in
305 820 536 855 conversione
555 819 735 854 immobile
773 821 938 864 quiescit,
967 820 1079 854 Tcrra
1104 825 1264 855 centrum
1289 821 1411 856 mundi
1440 827 1504 865 est,
1533 833 1630 866 ergo.
1649 850 1656 857 .
1673 848 1678 854 .
1695 849 1704 857 .
1747 822 1785 865 2)
1806 831 1927 856 omnes

128 884 248 923 partes
283 878 416 913 Terrae
447 878 662 912 naturaliter
698 878 864 913 feruntur
896 882 994 912 motu
1028 883 1127 913 recto
1163 878 1209 912 ad
1235 879 1390 914 medium
1422 880 1542 923 ibique
1576 880 1709 915 moveri
1747 879 1926 924 desinunt,

130 947 214 981 ergo
240 936 372 972 ibidem
398 941 432 970 et
457 937 558 980 ipsae
584 941 620 972 et
644 939 720 971 tota
744 937 857 970 Terra
886 936 1092 981 quiescunt,
1127 937 1165 980 3)
1193 937 1326 971 Terrae
1352 938 1429 982 toti,
1456 941 1634 982 quatenus
1661 942 1738 972 tota
1765 942 1835 981 est,
1862 948 1928 972 nec

128 1001 248 1031 rectus
273 1006 339 1030 nec
371 995 555 1029 circularis
582 999 700 1029 motus
732 994 918 1038 competit,
956 1004 1040 1038 ergo
1072 994 1192 1029 nullus
1239 996 1399 1039 omnin03
1436 1007 1517 1031 nam
1545 997 1574 1031 si
1600 1001 1802 1030 moveretur
1828 1000 1926 1031 motu

129 1058 239 1097 recto,
264 1053 417 1088 ferretur
443 1053 620 1096 deorsum,
646 1052 741 1087 unde
764 1052 876 1095 fieret,
903 1058 942 1087 ut
967 1053 1083 1087 minus
1114 1053 1236 1096 gravia
1260 1053 1296 1087 in
1322 1058 1404 1088 aere
1430 1060 1602 1099 tanquam
1622 1065 1799 1099 suspensa
1824 1055 1928 1089 relin-

129 1117 333 1157 querentur,
359 1112 580 1156 relinqueret
603 1112 690 1146 item
715 1117 876 1147 centrum
908 1112 1049 1156 inundi;
1087 1122 1227 1146 sursum
1253 1123 1338 1147 vero
1364 1112 1497 1147 moveri
1524 1124 1596 1148 non
1621 1118 1753 1157 potest,
1781 1124 1859 1148 cum
1886 1113 1931 1147 sit

130 1181 266 1205 summe
291 1170 428 1215 gravis,
456 1171 484 1204 si
503 1171 613 1204 Terra
640 1170 682 1203 ab
711 1175 792 1204 ortu
817 1170 853 1203 111
881 1181 1048 1205 occasum
1074 1171 1297 1205 circulariter
1321 1171 1488 1216 ferretur,
1515 1183 1588 1207 non
1605 1172 1810 1207 acciderent
1829 1176 1928 1206 ortus

133 1228 344 1272 quotidiani,
370 1239 435 1263 nec
462 1232 584 1263 essent
610 1228 746 1263 dierum
771 1233 808 1262 et
831 1229 992 1263 noctium
1018 1229 1294 1273 vicissitudines,
1322 1229 1351 1263 si
1376 1240 1461 1264 vero
1488 1229 1557 1264 alio
1578 1241 1793 1274 quocunque
1819 1230 1930 1264 circu-

129 1287 195 1320 lari
222 1292 321 1322 motu
347 1288 513 1329 cieretur,
541 1287 655 1322 nubes
683 1296 824 1330 semper
849 1286 886 1321 in
912 1287 1114 1331 oppositam
1133 1292 1274 1331 partem
1293 1287 1413 1322 volare
1431 1288 1647 1326 viderentur.
1674 1288 1836 1332 projecta
1855 1298 1932 1322 sur-

131 1356 209 1380 sum
237 1356 422 1390 nunquam
447 1346 695 1381 relaberentur
720 1345 757 1380 in
784 1344 935 1379 eundem
961 1345 1100 1389 locum,
1127 1350 1248 1390 partes
1276 1347 1410 1381 Terrae
1436 1348 1480 1382 ob
1506 1346 1787 1391 insuperabilem
1812 1346 1934 1381 celeri-

126 1409 240 1437 tatem
276 1414 398 1438 omnes
436 1404 732 1448 dispergerentur
767 1408 802 1437 et
834 1406 911 1436 tota
945 1403 1056 1437 Terra
1093 1403 1268 1447 dissipata
1299 1405 1375 1447 J'am
1413 1405 1546 1440 dudum
1586 1405 1686 1440 coelo
1725 1405 1932 1441 excidisset.

131 1461 169 1505 4)
197 1462 286 1496 Cum
311 1466 442 1497 natura
467 1462 621 1506 simplici
648 1461 791 1505 corpori
817 1461 959 1495 nonnisi
985 1473 1094 1496 unum
1128 1467 1266 1496 motum
1300 1463 1498 1507 simplicem
1534 1462 1769 1503 concesserit,
1803 1462 1935 1496 Terrae

130 1524 250 1555 autem
284 1524 467 1564 competat
500 1524 618 1554 motus
650 1526 772 1554 rectus
812 1520 926 1563 (quod
960 1519 1094 1554 videre
1114 1524 1169 1555 est
1200 1520 1235 1554 111
1263 1521 1425 1565 partibus
1452 1521 1565 1565 ejus),
1602 1531 1686 1565 ergo
1723 1520 1932 1556 circularem

128 1584 264 1614 motum
289 1579 368 1623 ipsa
394 1578 461 1613 sibi
486 1577 667 1612 vindicare
693 1588 763 1612 11011
790 1578 933 1621 poterit.

269 1638 311 1672 In
336 1636 538 1681 appendice
565 1636 712 1670 exhibet
736 1636 952 1671 Maestlinus
971 1636 1227 1672 Eratosthenis
1254 1643 1290 1672 et
1314 1636 1499 1673 Posidonii
1523 1638 1698 1673 rationem
1725 1638 1933 1689 dimetiendi

130 1695 228 1740 globi
253 1697 386 1730 terreni
419 1700 454 1728 et
487 1705 657 1737 monens,
692 1694 911 1729 recentiores
945 1695 1005 1729 uni
1037 1695 1165 1739 gradui
1201 1695 1325 1730 circuli
1351 1697 1483 1731 terreni
1515 1697 1673 1732 tribuere
1702 1698 1743 1732 15
1769 1697 1936 1732 milliaria

130 1754 351 1800 germanica,
384 1753 558 1788 ambitum
584 1754 716 1788 Terrae
749 1753 834 1787 dicit
860 1764 940 1788 esse
966 1754 1058 1790 5400
1082 1753 1260 1789 milliaria.
1289 1775 1329 1779 —-
1356 1756 1457 1790 Haec
1484 1761 1682 1800 sequuntur
1709 1755 1934 1790 definitioues

130 1813 344 1848 circulorum
370 1813 548 1857 sphaerae
574 1812 770 1846 materialis
805 1817 978 1848 consueto
1011 1813 1135 1848 ordine
1162 1819 1198 1848 et
1226 1813 1388 1855 „orbium
1413 1814 1679 1856 theoriarum“,
1719 1824 1808 1857 quos
1843 1825 1934 1849 enu-

129 1875 263 1906 merat:
291 1870 492 1906 deferentes
519 1881 692 1915 apogaea,
720 1870 912 1915 epicyclos,
939 1876 1173 1915 aequantem,
1205 1872 1424 1907 eccentricos
1453 1871 1607 1906 eccentri
1640 1876 1676 1906 et
1701 1872 1805 1906 orbes
1839 1871 1934 1906 defe-

130 1935 250 1964 rentes
275 1929 464 1973 nodorum,
493 1940 537 1962 ex
562 1940 716 1972 quorum
743 1929 955 1963 definitione
983 1934 1018 1964 et
1045 1940 1090 1964 ex
1116 1930 1268 1974 adjectis
1295 1930 1419 1975 figuris
1446 1930 1582 1971 elucet,
1609 1930 1844 1965 Maestlinum
1869 1931 1936 1965 hos

133 1989 282 2031 υ011163ιι
310 1987 428 2021 reales
454 1991 489 2022 et
514 1987 721 2022 materiales
748 1987 943 2031 accepisse.
984 1989 1023 2022 In
1047 1988 1259 2032 „sphaerica
1286 1987 1469 2023 (1001111111ιι
1498 1988 1694 2032 praemittit
1721 1988 1935 2023 Maestlinus

132 2048 360 2083 definitiones
385 2047 646 2082 astronomicas
673 2047 943 2090 ascensionum,
978 2052 1120 2082 ortuum
1146 2052 1182 2082 et
1208 2057 1403 2083 occasuum
1438 2046 1641 2089 stellarum,
1669 2046 1807 2081 dierum
1833 2051 1936 2081 natu-

133 2106 260 2141 ralium
288 2110 323 2140 et
349 2105 586 2140 artificialium
614 2110 649 2139 et
676 2105 907 2149 apparentias
935 2105 1093 2149 explicat
1118 2116 1183 2149 pro
1210 2105 1308 2139 vario
1334 2104 1457 2149 positu
1483 2103 1669 2148 sphaerae,
1696 2114 1785 2147 quas
1812 2103 1936 2138 defini-

131 2166 248 2201 tiones
275 2170 475 2209 sequuntur
501 2171 620 2199 motus
648 2168 684 2198 et
712 2164 943 2208 „passiones“
971 2164 1201 2208 planetarum
1227 2163 1318 2198 duce
1343 2162 1564 2198 Ptolemaeo,
1615 2162 1753 2197 Eadem
1776 2161 1850 2196 fere
1876 2163 1936 2196 hic

133 2224 434 2268 deprehendimus
462 2233 554 2267 quae
582 2223 616 2257 in
636 2222 837 2257 Purbachio
865 2228 900 2256 et
918 2222 997 2257 aliis
1025 2223 1084 2267 qui
1109 2228 1185 2257 tum
1210 2221 1390 2257 florebant
1415 2221 1642 2264 astronomis,
1669 2220 1833 2264 nuspiam
1851 2230 1934 2254 vero

133 2283 288 2318 occurrit
313 2283 444 2317 mentio
473 2282 678 2326 Copernici,
716 2281 820 2324 quasi
854 2281 986 2316 oblitus
1019 2282 1064 2315 sit
1089 2280 1304 2315 Maestlinus
1339 2291 1482 2324 eorum,
1517 2289 1608 2324 quae
1641 2280 1678 2314 in
1710 2279 1855 2324 scriptis
1890 2278 1934 2312 de

133 2341 280 2375 cometis
313 2339 463 2374 dixerat.
530 2339 649 2373 Seculi
680 2338 735 2373 sui
771 2339 861 2373 mori
891 2339 1027 2382 pariter
1060 2343 1169 2382 atque
1204 2338 1265 2372 alii
1298 2337 1374 2381 ejus
1410 2338 1581 2382 aequales
1614 2337 1753 2372 videtur
1786 2337 1934 2372 obsecu-

132 2404 191 2433 tus
224 2409 319 2443 esse,
352 2398 403 2432 ita
434 2403 473 2432 ut
507 2398 620 2432 virum
655 2408 727 2431 non
760 2407 997 2441 agnoscamus
1022 2396 1198 2431 liberioris
1229 2395 1374 2440 judicii,
1411 2396 1552 2439 qualem
1588 2408 1626 2431 so
1659 2396 1874 2440 praebuerat
1900 2395 1935 2429 111

134 2457 246 2496 libris,
272 2468 363 2501 quos
387 2457 493 2492 modo
521 2456 696 2500 diximus,
730 2461 764 2491 et
788 2457 823 2490 111
850 2455 1014 2500 epistolis
1039 2455 1084 2489 ad
1111 2455 1308 2499 Keplerum
1335 2459 1573 2498 senatumque
1598 2453 1863 2497 Tubingensem
1891 2453 1934 2487 de

134 2515 329 2550 Prodromo
365 2514 460 2549 datis
485 2518 564 2556 (vol.
590 2518 613 2548 Ι.
639 2527 674 2558 p.
702 2519 746 2548 ‘20
772 2520 840 2554 ss).
891 2513 1159 2557 Theologorum
1193 2512 1390 2547 auctoritas
1424 2511 1537 2546 virum
1570 2512 1686 2555 ipsum
1724 2510 1933 2555 theologum

134 2574 287 2609 movisse
310 2573 469 2617 videtur,
503 2579 543 2608 ut
568 2574 638 2608 alia
664 2574 817 2618 diceret,
853 2573 923 2608 alia
949 2573 1100 2608 sentiret
1126 2576 1197 2612 (cfr.
1224 2572 1290 2604 vol.
1318 2573 1343 2604 1.
1370 2583 1400 2613 p.
1430 2574 1485 2603 ⁶25.
1515 2573 1588 2611 372,
1624 2569 1691 2602 etsi
1727 2572 1868 2603 constat
1902 2572 1937 2602 et

132 2634 208 2677 ipse
243 2631 422 2676 Keplerus
454 2637 626 2674 testatur,
666 2631 908 2676 professorem
941 2630 1235 2665 mathematicum
1268 2628 1456 2671 Tnbingae
1490 2627 1716 2662 auditoribus
1754 2626 1828 2660 suis
1869 2626 1933 2660 Co-

134 2690 271 2735 pernici
302 2689 479 2724 rationem
515 2689 796 2724 commendasse.
849 2689 1014 2724 Ceterum
1042 2688 1226 2731 Tubingae
1260 2690 1299 2721 ut
1331 2685 1431 2730 prius
1459 2685 1697 2727 llacknangae
1730 2687 1765 2718 et
1789 2683 1933 2718 Heidel-

134 2749 266 2793 bergae
299 2747 612 2793 diligentissimum
647 2756 788 2790 semper
814 2756 852 2780 se
879 2746 1027 2791 gerebat
1053 2750 1291 2789 spectatorem
1322 2742 1413 2778 coeli
1440 2742 1668 2784 siderumque
1695 2745 1731 2775 et
1756 2751 1933 2785 quaecun-

137 2818 206 2851 que
232 2805 429 2841 astronomi
456 2805 492 2839 in
518 2803 618 2838 coelo
645 2804 868 2844 detexerant,
893 2804 936 2837 iis
962 2804 1119 2838 animum
1147 2800 1367 2837 advertebat.
1404 2802 1529 2837 (Edidit
1547 2801 1745 2831 Macstlinus
1763 2801 1934 2840 Tubingae

135 2872 266 2909 praeter
290 2867 469 2908 Epitomen
494 2865 592 2894 tertio
617 2873 765 2893 recusam
791 2872 877 2893 anno
899 2865 997 2895 1610.
1025 2864 1274 2894 dissertationes
1307 2862 1433 2901 aliquot
1460 2860 1700 2889 astronomicas
1727 2859 1813 2889 haud
1838 2861 1933 2900 parvi

138 2927 295 2957 momenti
312 2925 352 2955 ad
371 2923 619 2959 astronomiam,
646 2932 727 2962 quas
745 2922 869 2962 passim
888 2921 1142 2951 memoravimus
1162 2920 1194 2949 in
1214 2915 1439 2949 voluminibus
1458 2918 1676 2957 praemissis.)
1725 2916 1932 2959 Discipulos

137 2989 276 3024 autem,
311 2991 463 3025 quorum
489 2978 591 3013 multi
619 2978 731 3022 magis
758 2977 920 3011 minusve
945 2976 1206 3016 inclaruerunt,
1233 2974 1283 3007 ita
1308 2974 1376 3008 sibi
1402 2973 1579 3016 devinxit,
1605 2978 1644 3008 ut
1670 2985 1740 3008 non
1767 2975 1870 3009 modo
1897 2976 1932 3009 in

137 3038 343 3084 praesentia
369 3038 469 3072 illum
495 3037 722 3081 suspicerent
747 3040 783 3068 et
809 3034 1083 3074 admirarentur,
1110 3032 1172 3066 sed
1198 3042 1262 3076 per
1280 3037 1393 3065 totam
1410 3031 1519 3066 vitam
1543 3032 1698 3076 quodam
1719 3033 1820 3076 quasi
1840 3044 1932 3068 com-

138 3097 268 3133 mercio
305 3096 485 3140 conjuncti
519 3095 562 3129 de
596 3095 704 3129 rebus
739 3092 1001 3127 mathematicis
1035 3097 1070 3125 et
1096 3089 1346 3125 astronomicis
1380 3093 1442 3123 aut
1474 3089 1591 3133 ipsum
1619 3089 1758 3124 adirent
1784 3096 1846 3124 aut
1868 3101 1933 3135 per

138 3156 263 3190 literas
289 3154 529 3190 consulerent.
579 3152 682 3197 Quod
709 3163 788 3187 cum
814 3151 858 3187 ab
885 3150 964 3187 aliis
990 3154 1065 3186 tum
1090 3160 1112 3188 a
1137 3147 1294 3196 Keplero
1320 3147 1454 3183 factum
1486 3158 1567 3185 esse
1599 3147 1698 3184 vides
1722 3148 1758 3182 in
1784 3148 1931 3183 volumi-
