2126 3388
891 178 995 215 1620.
1024 177 1122 215 1621.
1801 185 1884 230 879

94 299 249 350 pediem
279 300 527 338 submittetur
557 298 774 347 integratio,
807 295 944 334 titulus
975 307 1028 336 so.
1061 307 1147 334 cum
1177 297 1443 346 praeambulo.
1483 299 1560 339 Hic
1592 312 1638 339 en
1669 302 1738 340 tibi
1758 302 1884 342 lusum

97 364 313 397 extractum
345 370 390 396 ex
423 369 539 407 opere
569 356 726 405 majori,
759 357 790 393 si
822 360 949 392 tamen
981 365 1057 392 non
1090 356 1206 392 etiam
1245 355 1346 393 hunc
1377 357 1521 396 dudum
1552 359 1684 398 habes.
1746 361 1854 403 Vale.

233 419 300 452 Die
326 418 506 462 31.Maji:
549 415 745 453 Reversus
787 412 1009 461 Tubingain
1047 425 1131 450 sum
1174 412 1223 451 ad
1263 426 1349 453 mea
1391 415 1592 456 latrocinia
1630 419 1776 458 urbana
1815 432 1884 470 pro

94 474 290 512 tribunali.
350 474 499 512 Nactus
530 473 659 511 subito
691 473 793 509 hunc
824 470 1041 514 studiosum
1072 471 1287 520 Noriberga
1328 476 1567 523 venientem,
1611 477 1774 516 salutem
1812 481 1884 517 tibi

94 543 163 582 per
192 533 294 570 hunc
324 532 498 579 latorem,
532 533 605 581 ipsi
637 532 734 568 forte
756 530 977 576 salutarem,
1010 530 1187 576 scribere,
1221 530 1268 568 de
1290 530 1480 581 Prospero
1514 538 1739 583 percontari,
1773 536 1884 575 deni-

95 602 170 639 que
201 590 297 628 illud
329 596 365 629 te
396 602 533 640 rogare
568 588 685 636 volui,
717 594 760 626 ut
790 589 822 625 si
853 595 964 637 potes
996 587 1123 625 Procli
1145 587 1456 639 Hypotyposeon
1489 591 1661 631 libellum
1691 606 1883 645 graecum,

94 648 275 687 Basileae
306 650 552 698 impressum,
593 649 625 684 si
658 658 737 696 qua
766 652 878 695 potes
911 657 958 683 ex
989 645 1224 684 bibliotheca
1265 648 1358 685 mihi
1390 649 1453 686 vel
1485 653 1637 689 coe'mas
1678 653 1739 691 vel
1772 661 1884 692 uten-

96 707 186 744 dum
219 709 479 753 transmittas,
524 706 689 753 denique
734 706 789 741 uti
831 704 963 741 valeas
1004 704 1211 752 significes.
1272 705 1391 744 Plura
1428 718 1504 744 non
1545 710 1683 748 sufficit
1714 711 1883 751 calamus

95 771 301 803 contumax
333 765 518 814 locusque
548 766 702 813 ineptus
738 762 978 799 meditationi
1011 769 1049 799 et
1082 761 1222 811 hospes
1254 775 1442 804 morosus.
1503 766 1613 806 Vale.

234 827 300 861 Die
325 827 380 862 21.
408 825 580 869 Augusti:
616 823 750 858 Annus
773 821 1056 869 circumagitur,
1090 821 1252 858 necdum
1284 825 1442 871 negotia
1468 836 1554 863 mea
1584 826 1696 865 finem
1727 828 1882 868 habent.

96 881 343 931 Exemplaria
374 881 459 918 libri
483 880 551 918 IV.
575 880 774 929 Epitomes
807 880 963 915 omnino
989 881 1038 916 17
1071 890 1218 916 mecum
1251 881 1363 918 attuli
1394 881 1540 930 Lincio,
1574 896 1672 934 quae
1704 886 1885 925 distracta

95 944 196 977 sunt.
259 939 370 978 Nunc
400 939 481 976 filia
512 950 599 977 mea
629 938 844 975 Ratisbona
877 937 1055 974 Lincium
1087 937 1302 985 descendit,
1341 944 1383 976 ut
1414 941 1580 989 proferat
1611 954 1630 981 e
1660 945 1883 993 supellecti—

95 997 197 1036 libus
241 999 338 1036 meis
379 997 615 1046 exemplaria
659 997 799 1034 omnia.
873 994 1038 1033 Omnino
1086 1007 1295 1044 persuasus
1337 1009 1439 1045 sum,
1485 998 1763 1050 Gringalletum
1807 1004 1882 1041 duo

96 1057 310 1105 accepisse,
355 1061 396 1093 ut
427 1067 558 1093 eorum
590 1066 707 1093 unum
741 1056 842 1102 (sine
874 1060 1002 1092 tamen
1036 1054 1169 1101 titulo,
1216 1056 1282 1103 qui
1313 1055 1516 1106 Tubingae
1549 1061 1772 1110 impressus)
1813 1064 1882 1100 tibi

95 1114 340 1163 relinqueret.
385 1114 500 1152 Liber
530 1113 577 1152 V.
610 1113 678 1150 VI.
702 1113 789 1150 V11.
821 1112 1061 1149 Francorum
1094 1118 1152 1150 est
1183 1113 1286 1162 apud
1317 1113 1618 1166 Tampachium3
1651 1131 1761 1169 spero
1791 1132 1883 1170 pro-

97 1173 265 1210 diturum
303 1173 497 1210 nundinis,
557 1171 724 1209 Recudit
756 1176 794 1208 et
824 1170 1055 1220 Mysterium
1095 1182 1180 1213 cum
1217 1174 1319 1210 notis
1360 1176 1468 1214 meis.
1529 1176 1658 1214 Tertio
1700 1179 1882 1228 respondi

97 1231 147 1271 D.
180 1231 226 1269 de
257 1231 459 1269 Fluctibus
490 1232 731 1279 ineptissimo
764 1229 883 1275 libro,
926 1231 1100 1278 poenitet
1131 1240 1290 1278 operae,
1332 1232 1400 1269 sed
1432 1236 1589 1282 promisi
1621 1235 1882 1287 Tampachi03

97 1291 227 1328 nescio
259 1301 308 1327 an
340 1289 413 1327 hoc
443 1300 671 1338 responsum
701 1289 750 1325 sit
781 1288 1020 1336 proditurum
1050 1287 1196 1339 jamssv')

232 1347 292 1386 De
323 1347 514 1396 Prospero
547 1348 677 1396 accepi
720 1358 742 1383 a
775 1346 1033 1392 Schickardo,
1076 1348 1234 1384 missum
1267 1347 1569 1389 Francofurtum.
1632 1352 1718 1390 Non
1751 1352 1884 1392 laboro

96 1405 262 1455 amplius
296 1411 338 1443 ut
370 1405 525 1453 edatur,
569 1405 684 1443 modo
716 1416 763 1441 ne
796 1404 888 1441 mihi
920 1409 1054 1453 pereat
1086 1405 1316 1454 exemplum.
1380 1407 1551 1446 Alteram
1581 1409 1741 1448 latinam
1773 1415 1886 1461 pagi-

93 1476 182 1502 nam
223 1475 358 1502 vereor
395 1475 443 1502 ne
481 1465 556 1513 ipsi
587 1464 779 1513 Prospero
819 1465 868 1500 sit
911 1462 1203 1512 impedimento,
1247 1464 1376 1502 malim
1416 1469 1538 1504 omitti
1578 1468 1695 1507 illam.
1758 1470 1816 1509 De
1849 1477 1885 1508 te

94 1523 210 1560 audio
242 1524 595 1573 ταλαιπωρεισθαις
628 1522 667 1558 id
699 1523 729 1559 si
763 1526 820 1558 est
852 1527 1007 1570 propter
1038 1533 1123 1559 mea
1156 1523 1273 1559 verba
1305 1523 1397 1560 folio
1430 1530 1495 1562 tuo
1530 1531 1621 1573 362,
1656 1527 1768 1566 doleo
1800 1541 1886 1567 mea

93 1581 155 1618 vel
189 1591 305 1630 opera
338 1581 400 1619 vel
433 1580 646 1629 indigentia
682 1585 787 1617 tuam
820 1580 1153 1629 promtitudinem,
1196 1586 1311 1618 antea
1342 1584 1500 1621 nimium
1542 1586 1577 1622 in
1610 1597 1670 1623 me
1702 1601 1884 1636 προπετῆ,

93 1639 311 1688 prolicitam
343 1641 380 1676 in
414 1638 574 1688 aliquod
606 1640 662 1675 tui
693 1643 816 1676 status
848 1638 1148 1676 incommodum.
1208 1639 1358 1678 Nudius
1398 1653 1465 1690 per
1505 1643 1720 1681 studiosum
1752 1647 1885 1695 rogavi

95 1697 142 1735 de
173 1697 331 1746 Proclo;
364 1709 465 1735 nunc
498 1696 714 1747 exemplum
747 1702 884 1734 nactus
916 1708 1000 1735 earn
1034 1708 1189 1746 operam
1222 1699 1292 1735 tibi
1323 1701 1488 1739 remitto
1550 1701 1674 1740 Multa
1706 1715 1781 1741 nox
1814 1711 1882 1751 est,

93 1755 241 1796 desino.
303 1756 414 1794 Vale.

231 1817 286 1851 De
312 1816 468 1852 editione
494 1815 666 1850 librorum
692 1816 930 1860 posteriorum
950 1817 1135 1862 Epitomes
1160 1817 1251 1852 haec
1277 1817 1362 1853 dicit
1380 1819 1574 1864 Keplerus:
1600 1819 1628 1856 E
1651 1818 1885 1868 praeloquiis

94 1871 393 1922 Ephemeridum
426 1877 600 1922 apparet,
633 1872 751 1909 semel
785 1878 900 1921 atque
933 1874 1071 1910 iterum
1102 1879 1291 1910 mutatam
1324 1886 1407 1912 esse
1439 1876 1598 1913 formam
1621 1878 1759 1914 calculi
1781 1880 1885 1925 (mo-

92 1935 202 1968 tuum
235 1931 407 1979 Lunae),
450 1932 592 1980 quippe
624 1930 834 1968 fluctuante
867 1932 1089 1980 passimque
1131 1933 1366 1980 impingente
1409 1945 1581 1973 assensu.
1647 1935 1734 1973 Hac
1775 1948 1884 1975 cruce

93 1989 258 2038 denique
290 1989 470 2027 liberavit
502 1990 776 2026 astronomiam
808 1991 1017 2038 praecipua
1048 1990 1357 2039 speculationum
1379 2003 1548 2030 mearum
1570 1992 1734 2032 felicitas
1756 2007 1885 2034 mense

91 2048 214 2097 Aprili
236 2049 325 2085 anni
351 2052 471 2086 1620.
500 2053 572 2090 (ΙΙΙ,
602 2053 668 2084 661
696 2054 750 2088 ss.)
783 2059 868 2085 cum
900 2053 1113 2098 appareret,
1144 2060 1428 2098 supervacuum
1459 2063 1542 2088 esse
1571 2051 1730 2090 alterum
1755 2053 1885 2092 Lunae

93 2108 360 2144 eccentricum.
433 2105 602 2155 ,Jamque
645 2112 795 2156 tempus
846 2113 948 2153 erat,
1003 2106 1176 2144 ultimum
1228 2108 1482 2158 colophonem
1527 2111 1746 2159 imponendi
1787 2112 1883 2149 libro

95 2170 232 2213 quarto
265 2165 476 2214 Epitomes,
509 2176 586 2213 quo
617 2164 720 2202 sacto
753 2164 801 2202 ad
834 2164 1041 2202 editionem
1085 2165 1187 2202 illius
1230 2177 1385 2215 operam
1425 2169 1600 2205 transtuli
1633 2169 1759 2207 media
1790 2172 1885 2207 inter

95 2234 203 2260 arma
225 2223 418 2260 Bavarica
451 2225 680 2272 crebrosque
702 2224 856 2260 morbos
890 2229 926 2261 et
957 2229 1099 2260 mortes
1131 2229 1210 2261 tam
1243 2224 1406 2262 militum
1440 2238 1554 2274 quam
1580 2228 1732 2265 civium.
1786 2227 1885 2276 Quin

93 2282 210 2318 etiam
233 2281 458 2331 Ephemeris
489 2283 526 2318 in
560 2293 701 2318 annum
728 2285 849 2319 1621.
873 2287 1096 2331 computata
1127 2284 1257 2320 statim
1288 2283 1359 2320 fuit
1391 2296 1436 2322 ex
1468 2284 1540 2322 hoc
1566 2285 1728 2336 simplici
1752 2285 1884 2324 Lunae

96 2340 329 2387 eccentrico,
370 2351 503 2377 verum
536 2341 681 2378 itineris
713 2342 786 2377 mei
819 2341 1050 2378 necessitate
1082 2340 1296 2390 prohibitus
1330 2342 1622 2391 Ephemeridem
1653 2344 1760 2381 illam
1790 2344 1883 2383 hac*

95 2402 207 2435 tenus
240 2397 352 2436 edere
385 2409 459 2435 non
493 2399 600 2448 potui
606 2427 746 2436 .....
809 2398 890 2435 Etsi
931 2404 1018 2448 post
1050 2399 1193 2436 editum
1236 2399 1377 2437 librum
1408 2400 1476 2438 IV.
1511 2401 1741 2455 (Epitomes)
1772 2402 1883 2440 domo

92 2456 250 2504 absum,
299 2467 371 2493 nec
409 2468 544 2506 parum
582 2458 764 2507 temporis
811 2457 1011 2494 itineribus
1049 2457 1225 2505 curisque
1268 2458 1486 2496 forensibus
1525 2461 1701 2508 insumo,
1746 2462 1884 2511 potiori

91 2518 222 2552 tamen
252 2516 435 2564 temporis
473 2519 582 2564 parte
620 2515 712 2552 mihi
745 2515 854 2552 licuit
893 2515 1208 2563 interquiescere,
1252 2522 1368 2565 atque
1412 2517 1518 2555 illam
1561 2530 1711 2556 omnem
1745 2531 1814 2568 ego
1848 2521 1884 2556 in

92 2584 222 2610 curam
253 2572 368 2620 hujus
402 2571 581 2610 editionis
613 2572 794 2623 impendi.
857 2573 1076 2621 Tubingam
1109 2579 1148 2610 ut
1181 2575 1267 2611 veni
1301 2582 1464 2613 exeunte
1496 2587 1596 2614 auno
1624 2581 1743 2624 1620,
1777 2579 1885 2627 coepi

92 2631 364 2679 quaestiones,
400 2636 441 2667 ut
472 2630 518 2668 de
550 2633 686 2669 ceteris
717 2632 902 2681 planetis,
944 2633 999 2669 sic
1031 2633 1145 2668 etiam
1178 2631 1224 2669 de
1258 2632 1368 2670 Luna
1400 2646 1445 2671 ex
1476 2633 1683 2684 hypothesi
1725 2635 1885 2685 physica

93 2687 249 2726 tandem
283 2689 441 2725 inventa
475 2690 726 2727 conscribere.
787 2688 880 2726 Mox
913 2694 954 2726 ut
986 2688 1240 2727 Ratisbonam
1273 2690 1322 2728 ad
1358 2691 1542 2729 familiam
1573 2693 1686 2739 redii,
1730 2693 1884 2732 easdem

92 2746 216 2784 revidi
249 2745 600 2794 describendasque
633 2747 733 2785 dedi.
778 2747 932 2784 Interim
964 2747 1050 2784 iibri
1073 2746 1140 2784 VI.
1174 2753 1322 2797 partem
1344 2749 1532 2796 ultimam,
1565 2750 1751 2788 hactenus
1785 2751 1885 2790 dila-

91 2810 189 2852 tam,
228 2816 329 2842 nunc
360 2816 566 2853 aggressus
609 2806 738 2843 inveni
778 2804 1013 2842 laboriosam
1020 2832 1159 2843 .....
1220 2805 1418 2844 Monachii
1462 2808 1579 2846 breve
1610 2809 1703 2846 mihi
1735 2815 1885 2861 tempus

94 2864 369 2900 constitutione
411 2862 642 2912 epocharum
676 2868 712 2900 et
743 2863 1028 2912 computatione
1067 2863 1268 2912 eclipsium
1309 2865 1535 2903 intercessit.
1596 2866 1812 2916 Statimque
1843 2873 1885 2906 ut

90 2920 310 2971 Tubingam
340 2919 448 2969 redii,
481 2921 597 2958 etiam
628 2926 774 2971 partem
806 2921 892 2958 libri
915 2920 984 2959 VI.
1017 2926 1191 2969 quartam
1223 2924 1385 2971 repetito
1417 2923 1549 2962 labore
1580 2925 1885 2976 interpolandam

228 3071 263 3114 a)
296 3072 449 3113 Epistola
485 3071 686 3103 dedicatoria
717 3070 874 3103 editionis
906 3070 1067 3102 secundae
1093 3070 1243 3111 Mysterii
1278 3073 1354 3103 data
1391 3076 1438 3104 est
1469 3073 1512 3104 ad
1538 3073 1679 3106 Ordines
1711 3075 1879 3115 Styriacos

91 3118 297 3150 Francofurti
323 3121 356 3149 d.
374 3120 428 3151 30.
445 3118 541 3150 Junii
566 3120 664 3158 1621,
689 3118 854 3160 Apologia
872 3119 1070 3150 Harmoniae
1095 3122 1222 3157 <contra
1238 3119 1430 3159 Fluddium)
1455 3122 1579 3164 scripta
1603 3131 1715 3154 menso
1732 3123 1879 3163 Augusto

91 3174 178 3197 anno
206 3167 307 3207 1621,
332 3166 368 3197 in
393 3167 491 3197 titulo
517 3166 616 3197 habet
641 3175 762 3197 annum
792 3166 890 3198 1622.
