2126 3388
260 195 344 239 996
936 190 1020 226 Vita
1043 189 1067 225 J
1070 189 1194 225 oannis
1219 189 1377 235 Kepleri.

257 314 395 351 Martis
427 310 513 359 est).
574 309 642 346 Est
673 312 802 346 autem
834 318 941 345 amor
974 309 1066 354 veri,
1098 307 1260 357 pulchri,
1291 307 1455 354 honesti,
1487 305 1626 354 laudis,
1656 305 1802 354 gloriae
1832 308 2046 345 nutrimen-

257 377 339 409 tum
370 375 407 407 et
437 368 522 405 finis
554 366 669 414 hujus
702 365 938 414 cupiditatis.
981 365 1101 403 Porro
1133 378 1180 403 ex
1208 365 1277 403 illa
1308 364 1518 413 cupiditate
1549 364 1623 402 hoc
1653 365 1845 412 sequitur,
1878 370 1920 402 ut
1940 367 2046 414 prius

257 426 405 476 aliquid
435 423 579 462 incidat
611 423 826 471 dicendum,
865 435 982 472 quam
1012 423 1197 472 perpendi
1227 425 1351 472 possit
1382 434 1498 471 quam
1529 423 1674 459 bonum
1703 423 1765 460 sit.
1826 421 1928 460 Hinc
1958 422 2045 460 hal-

255 486 447 523 lucinatur
476 486 662 531 perpetuo
694 482 733 518 in
763 493 950 528 sermone,
983 481 1072 518 hinc
1102 493 1150 519 ne
1183 480 1337 529 quidem
1359 481 1563 529 epistolam
1585 480 1682 517 bene
1704 479 1837 517 scribit
1868 492 1914 518 ex
1944 486 2044 518 tem-

255 554 359 592 pore.
422 540 578 578 Modica
620 550 711 577 vero
745 541 982 577 correctione
1015 539 1207 586 adhibita,
1248 540 1378 575 omnia
1406 537 1503 575 fiunt
1534 539 1692 587 optima.
1753 538 1859 575 Bene
1891 538 2045 586 quidem

254 600 424 648 loquitur
456 604 493 636 et
524 598 621 635 bene
653 597 803 645 scribit,
848 596 1033 645 quamdiu
1073 595 1169 633 nihil
1211 597 1349 645 premit
1379 597 1454 633 nisi
1486 595 1591 645 quod
1621 595 1923 644 praemeditatus
1954 595 2045 633 olim

254 658 388 696 fuerat.
451 655 527 693 Sed
567 655 759 704 loquenti,
803 655 986 692 scribenti
1034 659 1221 703 perpetua
1260 654 1474 692 intercurrit
1516 654 1699 702 cogitatio
1740 653 1787 691 de
1829 655 1941 691 novis
1982 652 2046 690 vel

255 716 384 753 verbis
415 714 478 752 vel
509 713 622 751 rebus
655 712 718 751 vel
748 712 873 750 modis
903 712 1090 761 loquendi
1129 717 1197 750 aut
1228 712 1534 760 argumentandi,
1566 711 1628 749 vel
1662 710 1707 749 de
1738 722 1841 749 novo
1873 711 2048 762 consilio,

255 773 316 810 vel
348 772 394 810 de
425 770 620 809 reticendo
652 771 719 808 illo
752 772 860 819 ipso,
901 770 1004 819 quod
1036 769 1218 818 loquitur.
1278 770 1509 818 Imaginatio
1542 774 1580 808 et
1609 769 1894 807 reminiscentia
1933 770 2047 806 unius

256 842 301 867 ex
334 830 412 867 alio
445 841 530 867 esse
563 828 715 867 videtur
746 841 769 866 a
789 825 843 880 Q
868 834 905 865 et
937 827 1169 866 ascendente
1202 839 1288 866 cum
1318 828 1441 866 stellis
1472 828 1660 877 plurimis,
1694 838 1779 865 cum
1811 832 1939 865 tamen
1963 838 2047 865 me-

255 890 390 934 moria,
424 887 550 936 qualis
581 888 618 923 in
652 887 749 934 aliis,
781 898 979 935 nunquam
1011 887 1083 923 fuit
1114 887 1228 933 bona,
1262 886 1298 923 h.
1322 898 1354 926 e.
1377 897 1476 934 quae
1499 887 1647 935 species
1679 897 1725 923 ex
1746 885 1830 923 sola
1851 884 2047 922 auditione

255 951 322 983 aut
354 946 519 983 lectione
551 946 741 982 retineret.
789 944 957 982 Tantum
991 945 1091 981 enim
1120 944 1275 982 illorum
1307 950 1344 981 et
1376 945 1561 993 tantisper
1592 944 1777 991 meminit,
1809 942 1898 980 dum
1929 954 2047 980 unum

255 1005 361 1052 prius
392 1008 527 1040 notum
558 1003 715 1040 alterius
746 1002 972 1040 recordandi
1005 1014 1124 1039 causa
1156 1007 1214 1039 est
1245 1007 1282 1039 et
1312 1013 1397 1039 cum
1436 1001 1502 1039 illo
1536 1001 1727 1039 cohaeret.
1787 1000 1899 1039 Haec
1930 1012 2049 1039 causa.

254 1067 312 1099 est
345 1061 596 1110 plurimarum
629 1059 914 1108 parenthesium
948 1062 985 1096 in
1017 1071 1203 1106 sermone,
1238 1059 1327 1096 dum
1361 1061 1507 1106 onmia,
1551 1071 1650 1108 quae
1691 1060 1764 1108 ipsi
1805 1059 1918 1096 simul
1950 1060 2047 1096 inci-

253 1119 370 1165 dunt,
415 1124 570 1167 propter
607 1118 853 1155 fortissimam
901 1119 1198 1155 commotionem
1244 1119 1414 1155 omnium
1460 1119 1714 1165 cogitatarum
1754 1119 1969 1166 specierum
2010 1118 2049 1153 in

253 1178 448 1223 memoria,
482 1179 535 1214 sic
567 1178 682 1214 etiam
715 1176 843 1213 efferre
876 1175 1070 1224 loquendo
1104 1177 1220 1224 cupit.
1263 1176 1321 1212 Ex
1354 1186 1398 1213 eo
1431 1174 1607 1214 taediosa
1638 1181 1705 1212 aut
1736 1181 1835 1213 certe
1867 1174 2048 1224 perplexa

254 1240 291 1273 et
321 1236 447 1272 minus
478 1234 733 1283 intelligibilis
766 1234 927 1271 efficitur
959 1234 1042 1282 ejus
1074 1235 1209 1271 oratio.
1269 1232 1491 1270 Notandum
1523 1240 1671 1279 autem,
1704 1245 1821 1281 supra
1853 1234 1924 1271 etsi
1956 1233 2046 1280 dixi,

253 1304 337 1331 esse
368 1292 618 1341 cupiditatem
649 1292 749 1329 hanc
781 1294 910 1328 vivam
941 1292 979 1327 in
1012 1292 1138 1328 otiosa
1170 1292 1268 1337 vita,
1311 1302 1386 1328 non
1418 1297 1546 1329 tamen
1581 1291 1786 1329 verisimile
1819 1292 2048 1329 exstinctum

251 1352 297 1387 iri
327 1352 366 1387 in
397 1351 612 1399 negotiosa.
675 1350 773 1386 Nam
807 1361 853 1387 ne
874 1351 929 1386 sic
962 1348 1128 1397 quidem,
1163 1350 1341 1397 quamvis
1373 1355 1559 1398 perpetuo
1592 1350 1922 1397 occupatissimus,
1956 1349 2049 1386 abs-

254 1410 350 1446 tinet
382 1420 404 1445 a
436 1408 713 1457 cupiditatibus
745 1408 846 1453 suis,
881 1408 971 1455 quin
1006 1408 1133 1456 potius
1165 1408 1308 1444 omissa
1347 1407 1645 1445 honestissimae
1676 1408 1883 1444 functionis
1911 1418 2049 1445 neces-

252 1468 354 1504 saria
386 1478 476 1503 cura
509 1477 553 1504 eo
586 1467 678 1510 abit,
711 1476 786 1513 quo
818 1465 936 1502 fertur
968 1466 1087 1513 ipsius
1120 1466 1282 1511 animus,
1317 1471 1358 1502 ut
1388 1466 1720 1515 reprehensionem
1753 1477 1829 1502 non
1852 1465 2046 1514 effugeret,

251 1526 324 1561 nisi
369 1529 521 1573 promta
563 1523 779 1561 eruditione
828 1529 1127 1572 extemporanea
1173 1523 1414 1560 satisfaceret
1467 1529 1663 1572 utcunque
1708 1521 1895 1561 functioni
1941 1534 2047 1560 suae.

253 1581 433 1620 Summa:
473 1583 544 1619 etsi
575 1581 762 1618 functioni
796 1580 993 1629 invigilat,
1037 1580 1079 1617 fit
1109 1581 1183 1618 hoc
1215 1586 1340 1618 tamen
1374 1593 1459 1618 cum
1493 1581 1569 1618 illis
1601 1581 1905 1630 impedimentis,
1949 1592 2048 1629 quae

254 1639 344 1677 dixi.
405 1640 612 1687 Nunquam
653 1641 752 1676 enim
792 1640 867 1688 ipsi
900 1638 1007 1676 deest
1038 1640 1199 1676 materia
1239 1638 1459 1688 cupiditati,
1503 1638 1649 1685 ardori,
1692 1639 1888 1677 scrutandi
1921 1639 2048 1676 studio

254 1697 438 1735 difficilia.
502 1698 549 1734 Et
579 1697 700 1734 millia
732 1697 845 1734 simul
877 1696 1073 1741 incidunt,
1119 1697 1259 1745 quibus
1300 1696 1563 1745 explicandis,
1608 1709 1694 1735 cum
1733 1703 1904 1747 tempore
1940 1696 2047 1734 nullo

255 1756 513 1793 circumscribi
545 1756 680 1804 pos-sit,
715 1756 838 1804 magis
871 1753 1078 1804 impeditur
1109 1765 1200 1792 cura
1230 1756 1268 1791 in
1301 1754 1427 1792 officio
1460 1767 1575 1803 quam
1609 1757 1769 1794 incuria.
1822 1755 1868 1792 Et
1900 1767 1993 1792 sane
2016 1756 2048 1791 si

253 1814 331 1851 fors
362 1815 487 1863 ipsum
519 1814 557 1849 in
589 1813 764 1850 militiam
797 1812 1008 1857 intulisset,
1050 1813 1160 1849 fortis
1200 1815 1354 1849 omnino
1392 1814 1550 1850 fuisset:
1590 1812 1702 1851 adest
1740 1815 1812 1860 ira,
1859 1812 2049 1850 industria

256 1870 349 1918 doli,
383 1871 604 1919 vigilantia,
637 1870 806 1908 assultus
837 1870 1046 1920 repentini,
1080 1881 1149 1907 nec
1179 1870 1342 1908 sortasse
1375 1870 1526 1908 deesset
1556 1871 1723 1909 felicitas
1727 1899 1871 1911 .....
1935 1869 2049 1920 Opti—

254 1941 357 1966 mum
390 1934 459 1975 est,
493 1929 558 1966 ubi
587 1929 761 1977 jungitur
804 1928 991 1965 industria
1023 1928 1193 1976 ingenio.
1253 1929 1301 1965 Et
1332 1928 1394 1966 bic
1426 1930 1569 1978 optime
1610 1929 1754 1966 habent
1786 1930 1934 1976 omnia,
1975 1930 2049 1965 nisi

253 1986 390 2024 Martis
421 1986 553 2024 radius
585 1987 795 2036 quadratus
827 1985 933 2023 illam
965 1987 1122 2023 nimiam
1145 1991 1262 2035 auget
1281 1988 1614 2036 praecipitantiam
1638 1992 1674 2025 et
1696 1986 1902 2025 multarum
1923 1998 2047 2025 rerum

253 2045 552 2095 inceptionem.“
591 2066 640 2072 -—

395 2102 486 2140 Jam
517 2103 714 2140 recensitis
748 2101 1048 2153 „adversai·iis“,
1081 2112 1179 2150 qnos
1211 2101 1349 2139 habuit
1381 2101 1643 2151 Adelbergae,
1682 2102 1933 2153 Mulpronae,
1965 2102 2048 2140 Tu-

257 2160 397 2209 bingae
431 2166 467 2198 et
501 2160 626 2197 Gratii
657 2161 803 2209 pergit:
840 2159 995 2208 „Habet
1028 2159 1142 2197 homo
1174 2161 1245 2196 iste
1277 2165 1453 2197 naturam
1487 2160 1735 2209 undiquaque
1759 2162 1957 2209 caninam3
1991 2166 2049 2198 est

257 2219 378 2255 instar
410 2218 537 2256 catelli
571 2218 772 2255 domestici
805 2217 972 2255 delicati.
1035 2216 1183 2266 Corpus
1216 2222 1273 2255 est
1305 2217 1418 2266 agile,
1452 2218 1613 2264 aridum,
1646 2219 1742 2256 bene
1774 2220 2047 2269 proportiona-

258 2281 351 2313 tum.
400 2276 537 2313 Victus
569 2277 703 2324 utique
734 2275 847 2322 idem,
881 2275 1092 2312 delectatur
1122 2275 1302 2312 rodendis
1334 2277 1497 2321 ossibus,
1532 2276 1635 2313 duris
1666 2277 1778 2327 panis
1810 2277 1958 2324 crustis,
1992 2283 2050 2315 est

256 2345 376 2371 vorax
398 2335 479 2371 sine
504 2333 648 2380 ordine,
681 2339 722 2371 ut
744 2333 1001 2382 quodcunque
1025 2333 1252 2370 obversatur
1278 2332 1400 2370 oculis
1421 2334 1603 2384 arripiat;
1637 2346 1771 2384 parum
1793 2340 1921 2384 potat,
1955 2346 2050 2372 con-

257 2396 386 2429 tentus
419 2397 474 2429 est
507 2392 714 2430 vilissimis.
757 2391 887 2428 Mores
918 2390 1116 2428 simillimi.
1158 2390 1430 2440 Superioribus
1461 2388 1522 2444 (ut
1553 2394 1658 2443 canis
1689 2392 1926 2442 domesticis)
1957 2404 2047 2443 per-

256 2454 374 2500 petuo
406 2461 489 2487 sese
520 2450 738 2496 insimulat,
773 2461 819 2486 ex
852 2448 937 2486 aliis
969 2448 1110 2498 pendet
1141 2460 1208 2498 per
1240 2450 1378 2495 omnia,
1411 2449 1486 2486 illis
1509 2451 1718 2498 ministrat,
1751 2450 1828 2488 illis
1859 2462 1935 2488 non
1966 2452 2046 2488 ira-

255 2509 385 2553 scitur,
418 2509 452 2544 si
483 2507 804 2556 reprehendatur,
839 2508 940 2544 omni
972 2506 1086 2544 modo
1118 2506 1247 2543 studet
1277 2506 1400 2544 redire
1432 2509 1470 2543 in
1502 2510 1678 2556 gratiam.
1738 2509 1813 2546 Per
1843 2520 1884 2546 se
1917 2509 2046 2547 omnia

255 2566 414 2602 rimatur
446 2566 483 2601 in
516 2565 747 2614 disciplinis,
791 2566 829 2600 in
860 2564 1020 2613 politia,
1052 2565 1089 2600 in
1121 2576 1160 2601 re
1193 2564 1423 2610 domestica,
1457 2572 1494 2603 et
1525 2566 1734 2603 vilissimas
1767 2577 1916 2616 operas.
1978 2567 2046 2604 Est

252 2623 292 2659 in
324 2628 509 2672 perpetuo
541 2634 654 2660 cursu
687 2628 724 2660 et
755 2621 950 2671 quoslibet
989 2622 1178 2670 quidlibet
1220 2628 1378 2671 agentes
1411 2629 1654 2662 consectatur
1693 2624 1793 2662 idem
1824 2623 1976 2673 agendo
2008 2628 2046 2662 et
2107 2664 2109 2670 ,

256 2680 522 2729 excogitando.
581 2681 649 2718 Est
680 2681 882 2730 impatiens
916 2681 1221 2718 conversationis
1253 2686 1290 2717 et
1322 2681 1453 2718 crebro
1494 2683 1531 2718 in
1563 2682 1679 2720 aedes
1711 2684 1943 2720 ventitantes
1968 2693 2045 2719 non
2105 2687 2109 2732 ς’

256 2749 366 2775 secus
399 2738 542 2776 salutat
573 2750 617 2776 ac
649 2740 766 2776 canis.
809 2737 884 2776 Ubi
917 2739 1002 2786 quis
1035 2739 1069 2776 ei
1101 2739 1298 2775 minimum
1331 2740 1441 2788 eripit
1471 2744 1692 2786 murmurat,
1725 2740 1834 2778 ardet
1864 2745 1906 2777 ut
1926 2740 2043 2777 canis.
2104 2785 2105 2793 ἵ

256 2795 324 2832 Est
355 2800 480 2842 tenax,
514 2798 721 2834 insectator
753 2796 1013 2844 quorumlibet
1045 2807 1162 2846 prave
1194 2798 1402 2845 agentium,
1436 2796 1550 2834 latrat
1581 2797 1740 2835 scilicet.
1792 2798 1861 2834 Est
1881 2802 1919 2835 et
1939 2809 2044 2835 mor·
2103 2798 2105 2803 ⁴

255 2852 350 2890 dax:
384 2853 542 2892 dicteria
574 2855 785 2903 pungentia
816 2853 933 2891 habet
966 2854 1004 2890 in
1035 2859 1197 2903 promtu.
1241 2853 1420 2891 Plurimis
1452 2856 1568 2904 igitur
1598 2867 1738 2892 exosus
1770 2860 1827 2892 est
1849 2859 1887 2892 et
1918 2855 1966 2893 ab
1998 2856 2043 2892 iis
2102 2846 2103 2858 ¹

256 2912 421 2958 vitatur,
453 2911 521 2949 sed
552 2914 767 2961 superiores
800 2922 928 2948 carum
960 2911 1121 2959 habent,
1161 2921 1243 2949 non>
1269 2923 1379 2950 secus
1412 2924 1457 2950 ac
1488 2912 1688 2951 domestici
1719 2913 1862 2950 bonum
1895 2924 2041 2951 canem.
2076 2942 2077 2946 ,

255 2966 397 3006 Horret
428 2968 576 3016 balnea,
611 2971 826 3016 tinctiones,
859 2969 1024 3006 lotiones
1055 2974 1098 3007 ut
1129 2970 1249 3008 canis.
1311 2969 1487 3008 Summa:
1521 2972 1554 3008 ei
1588 2971 1742 3009 infrenis
1763 2972 1959 3008 temeritas
1982 2972 2042 3008 in-
2098 2979 2099 2994 ³

259 3030 316 3061 est
347 3038 370 3062 a
402 3025 589 3072 quadrato
623 3027 801 3065 Mercurii
835 3031 871 3064 et
902 3026 1052 3073 Martis,
1083 3026 1195 3064 Luna
1225 3028 1263 3063 in
1295 3027 1486 3076 triangulo
1520 3028 1666 3067 Martis.

405 3082 603 3121 Hactenus
634 3084 711 3122 fere
744 3084 790 3122 de
822 3085 1050 3130 temeritate,
1083 3084 1260 3131 audacia,
1292 3085 1358 3132 ira,
1392 3085 1601 3135 cupiditate
1633 3085 1757 3132 deque
1788 3086 1857 3133 iis,
1889 3091 2043 3136 propter

260 3148 359 3186 quae
390 3144 432 3177 ut
462 3140 666 3190 plurimum
707 3141 806 3180 solet
843 3141 1082 3192 reprehendi.
1144 3141 1360 3181 Dicendum
1395 3143 1477 3192 Jam
1515 3148 1573 3182 est
1613 3141 1658 3181 de
1689 3143 1736 3181 iis
1773 3144 1973 3183 affectibus
2005 3148 2041 3184 et
2094 3154 2095 3166 ¹
