2126 3388
954 189 1055 228 1618.
1809 195 1896 240 857

96 305 201 349 gineo
233 306 493 342 incarnationis
527 316 619 351 opus
655 305 855 350 perfectum
887 305 953 349 sit3
986 306 1037 341 ita
1069 316 1214 351 quoque
1247 307 1350 343 finita
1375 318 1458 344 caro
1483 320 1555 346 non
1584 309 1681 347 facta
1706 314 1762 347 est
1787 312 1899 348 omni·

95 373 277 408 praesens,
302 363 389 399 licet
404 363 544 399 infinito
563 364 762 399 assumenti
786 365 876 408 λογῳ
901 363 938 398 in
964 374 1073 399 unam
1098 369 1135 400 et
1158 364 1336 401 infinitam
1361 367 1520 411 ersdem
1540 368 1724 405 ὑποστασιν
1747 370 1794 405 sit
1818 380 1899 415 per-

96 421 270 456 sonaliter
295 423 406 458 unita.
455 422 592 466 Jurem,
619 422 649 457 si
675 422 803 457 faciem
827 427 925 457 tuam
951 421 988 456 in
1012 422 1126 466 polito
1154 424 1305 468 speculo
1324 425 1572 470 contemplans
1597 437 1668 462 non
1694 426 1899 464 erubescas.

95 479 179 524 Ipse
203 480 322 516 fassus
349 491 398 525 es,
424 481 517 516 inter
541 485 682 515 uterum
709 480 919 525 virgineum,
945 480 981 515 in
1007 492 1078 525 quo
1103 482 1313 525 mysterium
1339 482 1596 520 incarnationis
1612 484 1816 530 perfectum
1833 489 1900 531 est,

97 544 134 573 et
157 539 251 574 inter
275 540 392 584 ipsum
417 540 638 585 mysterium,
665 549 735 583 quo
761 538 863 574 finita
889 549 972 574 caro
1006 539 1145 576 infinito
1177 544 1267 587 λογῳ
1292 542 1533 585 personaliter
1565 543 1666 579 unita
1691 548 1757 589 est,
1783 543 1901 580 infini-

96 602 170 632 tam
196 597 435 634 differentiam
467 608 565 633 esse:
601 607 693 641 quae
726 598 837 642 igitur
870 599 1026 634 amentia
1051 602 1108 642 (ne
1135 599 1253 635 dicam
1277 600 1390 644 furor)
1426 605 1498 647 est,
1536 611 1581 636 ex
1610 601 1719 638 rebus
1750 601 1900 638 infinitis

96 656 210 692 modis
237 657 485 692 differentibus
511 656 780 692 similitudinem
805 657 1036 692 concludere!
1065 657 1151 701 Quis
1177 657 1322 693 tandem
1357 658 1452 694 dicat
1478 669 1558 694 esse
1584 659 1780 695 rationem:
1807 659 1903 696 sicut

97 715 278 759 virgineus
305 721 429 755 uterus
457 726 528 750 non
554 714 670 749 factus
697 718 753 749 est
778 715 1061 759 omnipraesens,
1087 714 1172 750 licet
1197 716 1466 761 omnipraesens
1492 721 1594 761 λογος
1618 717 1654 752 in
1679 717 1740 753 illo
1759 727 1903 753 carnem

100 774 321 817 assumserit,
348 778 384 808 et
410 773 499 808 sicut
527 784 614 807 crux
635 772 965 816 Hierosolymitana
983 784 1054 808 non
1080 773 1350 818 omnipraesens
1376 774 1472 809 facta
1497 779 1563 820 est,
1590 775 1675 811 licet
1701 776 1902 821 omniprae-

99 842 181 866 sens
208 834 309 877 λογος
334 843 399 877 pro
426 833 537 867 totius
563 830 712 865 humani
744 831 885 875 generis
912 831 1030 866 salute
1055 831 1091 866 in
1123 841 1165 866 ea
1189 842 1390 877 suspensus
1415 834 1645 879 pependerit,
1676 834 1727 870 ita.
1757 844 1902 879 quoque

98 890 201 926 finita.
226 902 308 926 caro
334 902 406 926 non
432 891 530 926 facta
561 895 616 925 est
649 891 938 936 omnipraesens,
973 892 1057 927 licet
1092 892 1136 926 ab
1166 890 1306 926 infinito
1332 893 1421 936 λογῳ
1445 891 1480 925 in
1506 891 1718 933 ὑποστασεως
1742 892 1903 927 infinitae

100 949 276 983 unitatem
309 947 551 993 personaliter
591 948 637 983 sit
671 950 867 993 suscepta?
918 949 1018 993 Quae
1049 948 1222 984 illationis
1255 949 1346 984 ratio
1387 948 1525 984 nullam
1557 949 1904 985 verisimilitudinem

101 1006 202 1051 prius
227 1006 397 1042 habitura
423 1012 488 1051 est,
517 1017 622 1050 quam
648 1017 766 1041 rerum
786 1007 936 1043 infinitis
955 1007 1070 1043 modis
1099 1007 1340 1042 differentium
1359 1008 1507 1042 eandem
1534 1008 1709 1042 rationem
1735 1018 1815 1043 esse
1839 1007 1905 1043 tibi

100 1065 211 1100 fueris
237 1065 466 1109 imaginatus.
517 1066 622 1110 Quod
649 1074 754 1109 spero
781 1076 967 1109 nunquam
993 1065 1189 1108 conabere,
1222 1066 1306 1101 licet
1331 1066 1366 1100 in
1392 1065 1664 1109 quaestionibus
1690 1065 1903 1110 theologicis

100 1123 232 1159 multas
258 1124 323 1159 tibi
348 1135 426 1167 res,
456 1135 603 1168 quarum
629 1122 730 1157 nulla
757 1128 878 1158 tamen
904 1134 1062 1168 unquam
1089 1124 1145 1158 vel
1170 1123 1255 1167 fuit,
1289 1123 1347 1158 vel
1373 1124 1496 1159 futura
1522 1128 1577 1159 est
1601 1123 1753 1168 veritas,
1780 1123 1904 1159 fortis-

101 1183 189 1218 sime
223 1183 290 1219 tibi
323 1183 509 1227 imaginari
543 1183 680 1228 possis!
734 1181 805 1217 Sed
838 1193 945 1226 quam
978 1182 1136 1226 graviter
1165 1182 1410 1218 hallucinatus
1442 1181 1571 1226 fueris,
1604 1182 1780 1218 hactenus
1815 1183 1904 1218 satis

100 1241 246 1286 planum
273 1245 381 1286 atque
407 1242 637 1287 perspicuum
665 1241 728 1276 tibi
754 1242 888 1277 factum
915 1253 995 1278 esse
1021 1242 1186 1277 arbitror.

237 1300 318 1335 Jam
344 1300 492 1344 propius
527 1311 602 1335 rem
633 1301 896 1346 aggrediemur.
947 1302 984 1337 Si
1010 1302 1247 1346 cogitationes
1280 1304 1362 1335 tuas
1387 1299 1433 1334 ad
1465 1298 1806 1344 contemplationem
1831 1309 1905 1344 my-

99 1358 209 1399 sterii,
238 1358 334 1402 quod
352 1359 538 1394 ,Iohannes
564 1359 679 1394 tribus
706 1359 823 1395 verbis
850 1361 1061 1405 complexus
1087 1364 1153 1404 est,
1180 1359 1332 1402 dirigere
1357 1358 1462 1393 velis:
1489 1358 1507 1391 ὁ
1535 1359 1637 1403 λογος
1660 1359 1745 1402 σαρξ
1761 1356 1907 1402 ἐγενετο,

100 1418 248 1453 verbum
273 1427 355 1452 caro
381 1418 515 1453 factum
542 1423 614 1457 est,
650 1418 740 1452 nihil
766 1429 858 1463 opus
884 1423 959 1459 est,
995 1422 1034 1453 ut
1063 1423 1206 1453 uterum
1231 1418 1449 1462 virgineum,
1485 1416 1522 1451 in
1547 1427 1618 1461 quo
1644 1415 1908 1451 Incarnationis

99 1476 307 1521 mysterium
332 1477 516 1520 inceptum
543 1481 579 1512 et
602 1477 803 1521 perfectum
830 1480 902 1521 est,
937 1480 999 1511 aut
1034 1485 1175 1511 crucem
1203 1474 1485 1520 Golgathanam,
1519 1476 1556 1510 in
1588 1485 1659 1520 qua
1682 1479 1805 1519 λογος,
1835 1474 1909 1509 vita

101 1539 258 1581 aeterna,
277 1534 458 1570 exaltatus
477 1535 659 1579 pependit,
679 1535 883 1578 dimetiare3
903 1543 1048 1569 crassae
1066 1533 1160 1569 istae
1179 1537 1214 1568 et
1232 1543 1402 1568 erroneae
1420 1533 1659 1578 geometricae
1677 1537 1761 1568 sunt
1785 1532 1908 1576 imagi-

100 1594 286 1636 nationes,
312 1594 358 1628 ad
384 1604 473 1637 quas
499 1595 577 1638 ipse
602 1600 642 1629 tu
669 1593 794 1628 oculos
822 1592 1044 1628 claudendos
1074 1602 1154 1628 esse
1181 1596 1310 1637 sponte
1334 1590 1479 1632 fateris,
1508 1590 1571 1624 sed
1595 1589 1632 1625 in
1656 1589 1774 1624 medio
1799 1589 1909 1624 medi-

105 1651 283 1686 tationum
309 1662 416 1686 cursu
441 1651 626 1686 itentidem
653 1652 706 1686 tui
730 1651 845 1696 ipsius
872 1650 1111 1697 oblivisceris5
1148 1650 1235 1695 quin
1268 1649 1390 1694 potius
1424 1648 1584 1684 triverbii
1613 1648 1718 1683 istius
1749 1646 1911 1692 mysterii

103 1710 268 1753 (verbum
294 1719 376 1745 caro
403 1709 554 1753 sactum)
580 1711 624 1744 D.
649 1709 863 1755 Apostolum
889 1708 1041 1744 Paulum
1073 1708 1308 1753 interpretem
1341 1707 1464 1751 audis,
1498 1708 1550 1742 ita
1575 1708 1619 1743 de
1644 1706 1706 1742 illo
1732 1716 1910 1742 commen-

100 1772 252 1803 tantem:
280 1768 537 1813 ὁμολογειμενως
562 1783 647 1814 ‚us-fc<
664 1769 729 1804 ἐστι
754 1783 792 1803 το
810 1784 864 1815 της
883 1768 1054 1813 εὐσεβειας
1071 1781 1265 1814 μυστηριον.
1291 1768 1379 1806 Θεος
1395 1765 1600 1810 ἑφανερωθη
1618 1766 1655 1800 ὲν
1670 1777 1783 1810 σαρκι,
1808 1764 1910 1799 Deus

101 1825 353 1861 manifestatus
387 1831 442 1861 est
473 1827 510 1860 iu
547 1837 666 1864 carne.
717 1827 855 1871 Quibus
890 1828 1008 1862 verbis
1042 1827 1253 1872 mysterium
1286 1824 1395 1869 illud,
1433 1824 1613 1868 quomodo
1648 1823 1796 1858 verbum
1826 1831 1910 1857 caro

104 1884 239 1918 factum
266 1884 323 1928 sit,
349 1884 511 1919 nonnihil
539 1884 752 1929 depingitur.
802 1886 885 1920 Non
910 1885 960 1919 ita
985 1884 1169 1927 videlicet,
1197 1888 1236 1918 ut
1262 1883 1356 1918 falso
1382 1883 1446 1918 tibi
1472 1882 1658 1926 imaginari
1683 1891 1828 1926 posses,
1859 1881 1911 1916 ita

103 1946 208 1987 λογον
234 1944 448 1978 assumsisse
473 1954 626 1985 carnem,
652 1948 692 1978 ut
717 1942 815 1977 illam
834 1942 978 1986 quidem
1003 1942 1040 1976 in
1065 1941 1224 1976 infinitae
1248 1942 1462 1980 ὑποστασεως
1496 1940 1671 1976 unitatem
1697 1939 1911 1984 susceperit,

105 1999 169 2034 illa
194 2012 278 2036 vero
304 2001 465 2036 infinitae
496 2012 674 2046 personae
709 2001 943 2046 ejusdemque
975 2000 1238 2045 proprietatum
1268 2000 1478 2035 nullatenus
1510 1999 1605 2035 facta
1639 1999 1684 2033 sit
1709 1998 1910 2043 particeps,

102 2058 185 2093 inde
213 2059 277 2093 tibi
301 2060 520 2104 imaginaris,
546 2060 607 2094 sed
635 2060 839 2104 falsissime,
867 2061 973 2102 λογον
999 2058 1143 2103 quidem
1170 2063 1208 2093 ut
1232 2059 1276 2093 ab
1304 2063 1451 2094 aeterno
1477 2056 1666 2101 infinitum,
1692 2056 1728 2090 in
1747 2055 1911 2091 omnibus

103 2116 248 2160 quidem
274 2117 363 2152 locis
390 2117 524 2161 ubique
550 2123 777 2162 praesentem
804 2127 902 2162 esse,
939 2127 1084 2152 carnem
1110 2127 1213 2160 vero,
1238 2116 1324 2152 licet
1350 2127 1430 2151 cum
1457 2115 1597 2150 infinito
1623 2119 1713 2159 λογῳ
1738 2123 1913 2159 persona-

105 2174 188 2209 liter
213 2175 314 2210 unita
339 2176 403 2217 sit,
429 2176 571 2210 nonnisi
596 2176 631 2210 in
658 2177 763 2212 unico
791 2187 932 2221 semper
957 2176 1036 2210 loco
1062 2179 1292 2220 praesentem
1317 2175 1448 2220 fuisse,
1475 2185 1573 2217 esse,
1600 2175 1772 2209 futuram·
1819 2172 1913 2218 Phy-

105 2233 180 2268 sica
204 2233 270 2268 tibi
294 2234 499 2278 imaginaris
526 2239 560 2269 et
586 2235 815 2279 geometrica.
851 2236 1024 2279 Magnum
1049 2233 1138 2268 illud
1165 2233 1254 2268 citra
1280 2234 1558 2268 controversiam
1583 2231 1804 2277 mysterium,
1837 2241 1912 2266 car-

107 2302 188 2326 nem
207 2298 402 2327 assumtam
419 2304 489 2327 non
507 2293 559 2328 ita
575 2293 760 2337 adsumsit,
787 2298 826 2328 ut
844 2298 880 2327 et
907 2297 1044 2327 extra
1068 2291 1166 2325 illam
1186 2301 1265 2326 esse
1282 2291 1378 2335 velit,
1406 2291 1503 2335 quod
1528 2295 1612 2325 tuae
1637 2289 1912 2334 imaginationes

112 2351 312 2386 somniant:
340 2351 375 2386 in
401 2363 472 2386 uno
501 2352 643 2396 quidem
672 2351 751 2387 loco
779 2362 858 2387 esse
884 2352 919 2385 in
945 2361 1063 2395 carne,
1089 2355 1129 2385 ut
1154 2350 1190 2384 in
1217 2355 1320 2385 utero
1347 2349 1526 2393 virgineo,
1565 2348 1601 2382 in
1627 2357 1750 2391 cruce,
1781 2347 1818 2381 in
1844 2347 1912 2382 Ga-

109 2408 228 2453 lilaea,
254 2409 276 2444 J
280 2409 406 2453 udaea,
432 2411 469 2445 in
487 2411 616 2445 ceteris
634 2411 782 2446 infinitIS
800 2410 888 2445 locis
908 2410 1007 2454 (quia
1027 2413 1129 2454 λογος
1147 2407 1326 2451 infinitus)
1348 2418 1427 2443 esse
1447 2412 1549 2442 extra
1568 2416 1722 2441 carnem.
1763 2405 1912 2449 Ergone

109 2479 182 2502 non
206 2473 305 2503 totus
331 2472 434 2515 λογος
467 2469 534 2504 erit
566 2469 802 2504 incarnatus?
851 2470 950 2514 Ergo
977 2470 1078 2511 λογος
1111 2472 1252 2512 partem
1285 2466 1434 2501 habebit
1466 2470 1570 2499 extra
1599 2463 1766 2508 partem?
1814 2463 1911 2506 Ergo

110 2527 244 2562 alicubi
268 2531 374 2573 λογον
398 2532 599 2562 monstrare
625 2528 747 2563 licebit
773 2529 1014 2571 incarnatum,
1049 2526 1181 2562 alicubi
1206 2536 1278 2561 non
1310 2523 1563 2559 incarnatum?
1598 2520 1716 2556 omnia
1741 2519 1911 2569 absurda,

110 2583 233 2625 ἄτοπα,
259 2583 459 2631 docento-fa!
510 2586 604 2629 Quin
630 2596 714 2630 ergo
739 2586 949 2631 mysterium
975 2585 1126 2630 adoras,
1154 2594 1298 2619 carnem
1324 2593 1390 2618 sua
1416 2585 1568 2616 naturae
1592 2578 1814 2624 proprietate
1832 2587 1912 2612 esse

109 2643 147 2678 in
172 2655 242 2678 uno
269 2644 360 2688 loco,
387 2645 449 2679 sed
475 2650 642 2689 respectu
667 2644 808 2679 unionis
834 2643 1054 2688 personalis,
1081 2654 1152 2687 qua
1177 2646 1278 2685 λογος
1303 2644 1408 2676 extra
1433 2649 1534 2674 suam
1560 2648 1704 2673 carnem
1728 2646 1911 2680 nunquam

111 2708 148 2738 et
170 2701 300 2737 nullibi
334 2706 403 2743 est,
432 2711 510 2736 esse
543 2703 878 2746 omnipraesentem.
928 2701 1111 2736 Lutherus
1144 2700 1211 2735 ait:
1248 2710 1300 2734 wo
1337 2699 1384 2734 du
1414 2697 1481 2731 mir
1506 2695 1686 2731 Christum
1712 2693 1798 2729 Gott
1821 2693 1901 2728 hin-

113 2764 257 2804 setzest,
284 2759 329 2794 da
353 2765 475 2793 mustu
500 2760 567 2793 mir
591 2760 683 2795 auch
711 2760 894 2795 Christum
920 2759 988 2794 den
1013 2759 1213 2794 Menschen
1247 2757 1448 2792 hinsetzen.
1499 2755 1598 2788 Haec
1624 2764 1656 2787 n.
1684 2762 1767 2787 caro
1793 2751 1907 2797 ipsius

112 2831 147 2852 w
171 2821 252 2863 λογο
278 2827 360 2852 caro
387 2823 451 2860 est,
478 2822 514 2851 et
540 2817 600 2852 ubi
625 2821 742 2863 λογος,
775 2816 906 2852 ibidem
933 2816 1093 2860 ejusdem
1126 2821 1181 2851 est
1206 2825 1301 2850 caro.
1351 2815 1428 2850 Nec
1453 2812 1574 2848 soluta
1599 2815 1655 2846 est
1678 2811 1762 2846 unio
1786 2821 1912 2855 perso-

114 2876 204 2911 nalis
239 2881 274 2912 et
309 2876 443 2910 divisus
471 2875 643 2910 Christus.
703 2874 773 2908 Sed
807 2885 873 2919 age
910 2875 978 2909 sis!
1024 2875 1082 2909 Ex
1115 2875 1282 2909 universa
1314 2873 1493 2916 scriptura
1530 2872 1566 2907 S.
1598 2871 1743 2905 unicum
1773 2869 1912 2915 produc

114 2933 244 2979 locum,
270 2945 341 2978 quo
366 2935 520 2979 probare
546 2934 675 2978 possis,
702 2935 806 2975 λογον
831 2937 915 2976 post
940 2932 1197 2966 incarnationis
1215 2931 1425 2976 mysterium
1442 2929 1499 2964 vel
1517 2929 1628 2964 semel
1647 2932 1750 2964 extra
1766 2937 1910 2963 carnem

116 3002 216 3026 suam
242 2991 372 3027 fuisse!
421 2992 462 3026 Id
489 2991 584 3035 quod
610 2991 715 3041 citius
740 2994 926 3035 praestare
952 2999 1023 3023 non
1048 2989 1195 3034 potem,
1222 2999 1328 3033 quam
1353 2988 1522 3024 unionem
1546 2987 1774 3032 personalem
1799 2986 1912 3023 semel

115 3049 225 3085 fuisse
260 3050 415 3086 solutam
448 3050 676 3095 probaveris:
712 3060 818 3094 quam
851 3048 1101 3093 probationem
1134 3047 1233 3083 nulla
1264 3059 1421 3092 uuquam
1456 3047 1577 3082 visura
1607 3051 1662 3082 est
1695 3046 1909 3082 aeternitas!

118 3109 292 3154 Quoniam
315 3109 425 3154 igitur
448 3109 517 3144 hac
540 3109 769 3152 imaginativa
793 3112 855 3143 tua
881 3106 1048 3151 opinione
1066 3105 1180 3152 (quod
1197 3110 1298 3149 λογος
1324 3117 1465 3142 carnem
1486 3106 1680 3141 humanam
1696 3104 1732 3139 in
1749 3104 1911 3140 infinitae

118 3177 205 3204 suae
228 3168 441 3208 ὑποστασεως
465 3167 694 3213 personalem
728 3167 896 3204 unionem
922 3175 1126 3210 assumens,
1158 3165 1391 3202 nihilominus
1414 3164 1493 3212 ille,
1525 3175 1591 3210 Pro
1617 3163 1796 3202 essentiae
1820 3172 1910 3202 suae

1557 3223 1628 3261 56*
