2126 3388
921 178 1026 215 1611.
1770 174 1855 221 799

61 302 105 334 ad
129 301 291 341 Marium,
324 310 387 342 qua
419 300 581 342 Keplerus
607 298 766 339 Marium,
799 298 858 340 qui
891 301 986 329 notas
1025 296 1066 328 ad
1100 295 1290 336 Dioptrices
1320 296 1561 336 praefationem
1595 303 1678 336 quas
1714 294 1858 326 diximus

60 365 153 395 aegre
178 354 314 396 ferebat,
340 353 498 396 mitigat.)

199 410 284 445 Iniit
309 411 378 445 hoc
404 420 498 446 anno
525 409 704 454 Keplerus
728 407 1008 444 familiaritatem
1035 417 1115 441 cum
1140 404 1191 439 Jo
1205 414 1319 440 anne
1344 404 1497 449 Remo,
1525 404 1586 448 qui
1610 403 1746 449 primus
1772 402 1860 437 adiit

60 468 268 514 Keplerum,
294 470 430 505 Romae
457 469 490 505 d.
520 471 572 504 17.
599 467 806 504 Decembris
832 467 1010 507 scribens,
1046 466 1082 499 in
1108 463 1232 499 eadem
1259 472 1297 497 se
1323 461 1490 506 opinione
1517 471 1596 497 esse
1622 471 1701 497 cum
1728 460 1859 504 Coper·

61 527 152 570 nico,
182 529 237 570 „in
263 528 333 563 hoc
359 528 463 563 unico
490 527 624 561 moveri
651 526 717 561 sibi
742 525 970 570 scrupulum,
1007 523 1187 568 quomodo
1214 526 1389 566 perpetuo
1417 521 1484 556 sibi
1509 521 1642 555 similes
1669 519 1860 555 distantiae

61 586 248 622 stellarum
273 586 392 622 locum
417 585 551 621 habere
576 585 750 630 possint“.
799 584 975 627 Majorem
1001 586 1140 627 partem
1166 580 1402 625 epistolarum
1427 580 1529 614 Remi
1555 585 1590 615 et
1614 579 1763 624 Kepleri
1788 589 1862 613 mu-

60 649 203 680 tuarum
234 655 300 689 per
335 655 449 679 annos
482 644 525 679 17
559 642 786 677 exhibuimus
819 642 886 676 vol.
920 641 979 676 VI.
1012 652 1049 685 p.
1084 641 1123 675 51
1154 649 1199 673 ss.
1259 638 1301 672 In
1331 637 1486 682 epistola
1521 637 1566 672 ad
1604 637 1862 672 Galilaeum

63 702 94 736 d.
121 703 153 738 9.
180 702 344 737 Januarii
371 702 466 745 data,
493 712 563 745 qua
588 701 689 745 petit,
718 710 761 734 ne
788 701 929 734 tertiam
955 709 1057 734 suam
1083 697 1370 732 observationem
1389 695 1550 738 (Saturni
1568 695 1702 738 annuli)
1731 695 1863 730 diutius

63 759 156 796 celet
178 761 234 800 (II.
260 760 359 802 458),
394 758 505 793 refert
529 758 724 802 Keplerus,
760 757 948 801 scripsisse
981 766 1020 790 se
1044 755 1277 800 Dioptricen,
1313 763 1405 798 quae
1433 754 1634 797 Septembri
1665 754 1747 787 anni
1777 753 1864 789 1610

61 817 223 853 Elector-i
242 817 462 858 Coloniensi,
489 817 546 851 cui
572 816 700 851 librum
725 815 919 860 inscripsit,
946 814 1079 849 tradita
1106 814 1164 848 sit.
1230 810 1516 861 Typographus
1555 817 1699 855 vester,
1743 808 1862 855 addit,

64 874 382 913 Phaenomenon
412 874 619 923 sinyulare
663 872 895 917 decurtavit,
937 872 1161 921 priusquam
1203 869 1251 907 ad
1293 881 1373 907 rem
1415 870 1619 906 veniretur.
1686 868 1760 905 Pro
1793 867 1865 904 hoc

63 941 172 971 reatu
217 932 429 971 condemno
472 935 598 982 ipsum
635 933 672 968 in
715 930 876 968 multam
918 931 1005 966 vitri
1045 929 1210 967 convexi
1251 929 1365 965 unius
1406 927 1451 965 de
1485 926 1648 976 sphaera
1687 926 1864 963 diametri

62 990 205 1041 pedum
238 995 305 1030 24.
367 990 468 1028 Puto
509 995 546 1028 te
575 990 724 1038 Jocanti
755 990 952 1038 ignoscere
987 988 1106 1034 velle,
1150 989 1282 1035 itaque
1323 991 1359 1023 te
1401 987 1592 1023 constituo
1635 990 1863 1022 exactorem.

68 1048 227 1088 Sumtus
257 1049 422 1087 fabrices
453 1050 536 1098 ipse
568 1047 762 1095 refundat,
804 1053 844 1084 tu
885 1048 1025 1084 vitrum
1059 1057 1104 1084 ex
1137 1051 1203 1083 tua
1235 1050 1360 1082 mente
1398 1044 1555 1083 fabrica.
1610 1045 1864 1089 Fragmentum

66 1113 232 1154 superest
266 1093 441 1154 epistolae
475 1109 520 1143 ad
547 1107 747 1143 Galilaeum
781 1109 952 1151 scriptae,
988 1116 1059 1140 non
1090 1116 1174 1140 vero
1207 1104 1362 1140 traditae
1388 1103 1446 1145 (ΙΙ.
1473 1103 1570 1144 461),
1602 1104 1637 1137 in
1664 1114 1735 1147 qua
1759 1103 1860 1146 haec,

67 1177 162 1211 quae
187 1166 292 1201 modo
319 1166 516 1211 praemissa
543 1166 730 1211 supplent,
758 1170 970 1201 occurrunt:
1002 1162 1335 1200 Dissertationem
1378 1160 1481 1198 edidi
1522 1161 1617 1197 meis
1657 1159 1862 1197 sumtibus.

70 1222 319 1260 Florentinus
351 1225 483 1272 itaque
515 1222 782 1272 typographus
815 1221 865 1259 ad
900 1222 1080 1258 damnum
1113 1232 1174 1258 me
1205 1220 1353 1268 redegit
1383 1231 1455 1256 sua
1486 1217 1665 1256 editione.
1719 1216 1867 1266 Quodsi

70 1281 163 1318 mihi
191 1280 292 1329 juris
322 1281 470 1331 aliquid
504 1286 606 1318 esset
637 1282 674 1317 in
708 1279 1007 1330 typographum,
1041 1279 1336 1317 condemnarem
1368 1276 1477 1314 illum
1507 1276 1554 1314 ad
1577 1275 1736 1313 multam
1758 1276 1868 1322 hanc,

66 1344 109 1377 ut
140 1341 217 1377 tuis
249 1340 375 1388 operis
407 1338 574 1377 solveret
597 1350 664 1389 pro
697 1350 773 1377 uno
807 1339 909 1376 bono
943 1343 980 1375 et
1009 1337 1089 1374 lato
1122 1339 1221 1374 vitro
1245 1346 1419 1374 convexo
1445 1340 1516 1373 etc.
1538 1338 1589 1381 (ut
1615 1347 1734 1381 supra,
1760 1335 1866 1371 modo

66 1398 244 1443 sphaerae
278 1399 451 1435 diameter
483 1400 630 1444 ponitur
661 1399 720 1434 hic
756 1400 795 1435 12
829 1398 984 1444 pedum).
1034 1395 1110 1433 Hic
1131 1395 1282 1445 Pragae
1304 1394 1416 1432 facile
1448 1395 1670 1441 invenirem,
1703 1394 1769 1442 qui
1802 1404 1869 1430 ca-

66 1467 159 1494 vum
190 1454 285 1493 mihi
308 1455 618 1495 accommodaret
623 1483 764 1496 .....
818 1455 1030 1494 Certiorem
1061 1461 1098 1493 te
1120 1454 1242 1498 facio,
1273 1453 1472 1502 scripsisse
1494 1463 1553 1490 me
1577 1452 1764 1502 superiori
1785 1450 1870 1488 Au-

68 1519 183 1563 gusto
220 1519 258 1551 et
289 1512 508 1562 Septembri
539 1514 779 1562 Dioptricen
811 1520 881 1551 etc.

211 1579 397 1616 Galilaeus
422 1580 536 1616 literis
564 1582 638 1616 suis
666 1582 743 1616 sine
769 1581 913 1615 nomine
940 1579 1083 1625 scriptis
1105 1579 1139 1614 d.
1157 1578 1212 1614 22.
1230 1578 1317 1623 Apr.
1339 1577 1426 1613 1611
1455 1576 1641 1621 subjungit
1665 1577 1759 1611 hanc
1776 1575 1872 1621 Kep-

66 1637 134 1674 leri
159 1637 359 1683 epistolam,
388 1650 494 1683 quam
521 1639 677 1675 diximus
702 1638 770 1674 vol.
797 1639 844 1675 11.
871 1650 906 1683 p.
933 1638 1014 1675 469.

209 1699 249 1738 S.
281 1699 325 1738 P.
360 1700 410 1738 D.
441 1700 528 1739 Hac
560 1703 646 1750 ipsa
677 1699 870 1738 discessus
892 1704 1029 1750 postae
1056 1699 1163 1746 hora,
1199 1696 1376 1736 Galilaee
1400 1697 1662 1747 celeberrime,
1692 1695 1743 1734 D.
1764 1694 1871 1734 Has-

71 1757 198 1797 dalius
237 1757 332 1795 mihi
371 1759 525 1808 retulit,
568 1757 663 1809 quid
703 1771 770 1809 per
811 1760 939 1808 ipsum
979 1770 1002 1796 a
1033 1769 1094 1796 me
1135 1762 1298 1807 peteres.
1361 1755 1557 1805 Quantum
1588 1757 1705 1805 igitur
1735 1760 1871 1805 potero

71 1817 323 1856 satisfaciam.
980 1841 982 1843 »

210 1873 405 1913 Libellum
436 1873 524 1912 Sitii
557 1874 598 1925 (l.
631 1875 682 1925 c.)
723 1887 769 1913 ex
808 1886 993 1913 concessu
1025 1874 1075 1914 D.
1106 1872 1274 1913 Welseri
1317 1877 1455 1910 nactus
1493 1871 1570 1921 legi
1601 1882 1668 1909 seu
1700 1869 1873 1920 pervoli-

72 1933 156 1972 tavi
187 1934 330 1983 potius,
362 1932 478 1981 idque
516 1933 812 1973 somnolentius.
873 1933 1005 1971 Titulo
1040 1933 1257 1982 „Dianoias
1289 1931 1609 1969 Astronomicae“
1651 1931 1690 1966 in
1723 1928 1873 1967 catalo-

73 2002 166 2041 gum
189 1992 297 2030 venit
317 1990 576 2029 nundinarum
598 1992 980 2030 Francofurtensium
1002 1990 1298 2036 autumnalium,
1333 1994 1372 2027 at
1400 1989 1479 2039 jam
1502 1994 1638 2027 auctus
1660 1992 1718 2025 est
1739 1987 1874 2025 titulus

74 2049 181 2088 hisee
214 2050 364 2088 verbis:
402 2049 495 2099 Qua
527 2049 680 2087 Nuncii
709 2050 851 2088 siderei
881 2062 1024 2088 rumor
1054 2049 1100 2086 de
1131 2051 1156 2086 4
1184 2049 1358 2097 planetis
1388 2059 1520 2086 vcmus
1549 2046 1744 2084 redditur.
1790 2045 1873 2083 De-

77 2107 227 2146 dicatur
264 2119 404 2157 magno
436 2108 642 2147 Hetruriae
675 2109 831 2158 Ductr)
873 2110 967 2146 miro
1000 2114 1245 2157 argumento,
1286 2118 1365 2144 rem
1403 2106 1478 2144 sibi
1510 2116 1593 2143 esse
1626 2116 1712 2142 cum
1743 2104 1873 2142 fretis-

79 2166 176 2204 simo
205 2168 291 2213 (sic)
318 2165 422 2203 illius
456 2166 563 2204 ducis
595 2167 712 2205 heroe
746 2166 937 2214 Galilaeo,
970 2178 1011 2204 sc
1044 2177 1134 2203 vcro
1167 2165 1418 2202 imbecillem:
1452 2162 1632 2202 clientela
1664 2164 1779 2211 igitur
1809 2162 1871 2198 in-

78 2223 220 2274 digere.
283 2223 484 2262 Invehitur
514 2226 551 2261 in
584 2224 787 2273 Horkium,
820 2226 990 2274 queritur
1022 2224 1068 2262 de
1102 2223 1241 2272 injuria
1273 2228 1444 2272 accepta,
1476 2227 1618 2269 narrat,
1652 2220 1743 2270 quid
1775 2221 1873 2258 inter

77 2283 184 2332 ipsos
215 2287 357 2321 actum.
420 2282 615 2332 Ostendit,
660 2284 734 2321 sibi
767 2283 969 2333 displicere
1011 2282 1178 2320 hominis
1208 2281 1463 2330 petulantiam
1489 2279 1648 2329 jocandi
1680 2285 1718 2317 et
1749 2278 1872 2317 cavil-

79 2339 186 2378 landi
219 2344 256 2378 et
288 2340 557 2381 maledicendi.
617 2342 675 2380 Re
707 2343 792 2391 ipsa
824 2341 975 2380 videtur
1006 2342 1043 2377 in
1075 2340 1212 2378 Horkii
1243 2341 1474 2378 sententiam
1505 2339 1631 2385 abire,
1664 2338 1737 2375 nisi
1770 2335 1872 2386 quod

82 2399 150 2447 ait,
182 2399 257 2436 ista
287 2411 328 2437 se
361 2398 557 2449 disputare
589 2402 760 2438 exercitii
794 2411 931 2446 causa,
963 2398 1066 2448 quod
1099 2410 1184 2436 eum
1217 2397 1329 2436 titulo
1363 2397 1518 2446 quidem
1549 2395 1649 2434 male
1681 2395 1872 2434 convenit.

80 2456 126 2494 In
156 2468 297 2505 genere
327 2457 366 2494 id
398 2460 496 2507 agit,
541 2458 645 2507 quod
677 2464 718 2495 tu
750 2458 800 2496 ad
831 2457 1062 2495 Hasdalium
1095 2458 1295 2506 scripsisti.
1359 2455 1579 2504 Repudiato
1610 2453 1751 2492 mundo
1784 2463 1875 2490 sen-

86 2514 204 2561 sibili,
238 2526 352 2563 quem
384 2527 456 2553 nec
487 2518 570 2565 ipse
601 2516 699 2554 vidit
728 2528 800 2554 nec
831 2517 998 2566 expertis
1032 2515 1161 2562 credit,
1195 2513 1420 2552 ratiunculis
1441 2513 1654 2562 puerilibus
1686 2511 1875 2560 spatiatur

81 2574 358 2622 peripateticus
388 2575 426 2609 in
457 2574 600 2613 mundo
633 2574 836 2612 chartaceo
867 2580 1062 2624 negatque
1085 2572 1216 2611 Solem
1237 2572 1377 2619 lucere,
1412 2573 1502 2620 quia
1533 2572 1614 2620 ipse
1636 2581 1774 2608 coecus
1803 2575 1874 2606 est.

82 2629 242 2679 Allegat
282 2642 367 2668 mea
396 2633 539 2681 scripta
560 2634 724 2687 saepius
755 2633 1162 2678 honorificentissime,
1196 2642 1241 2668 ac
1271 2632 1304 2667 si
1341 2634 1566 2679 praeceptor
1596 2629 1670 2677 ipsi
1705 2628 1873 2674 fuissem,

83 2693 121 2727 et
152 2699 229 2725 uno
261 2687 346 2726 loco
378 2689 520 2727 talibus
552 2692 670 2728 utitur
701 2692 840 2738 verbis,
875 2702 920 2728 ex
952 2691 1092 2739 quibus
1124 2690 1279 2738 ignarus
1301 2687 1471 2736 colligat,
1505 2686 1625 2723 multa
1655 2684 1760 2722 illum
1791 2696 1874 2722 me-

84 2758 169 2785 cum
201 2758 269 2796 per
299 2746 430 2785 literas
461 2750 775 2795 communicasse,
809 2748 913 2797 quod
944 2749 1087 2786 factum
1114 2752 1241 2784 tamen
1275 2756 1470 2794 nunquam
1502 2750 1539 2782 te
1561 2745 1747 2781 monitum
1770 2742 1873 2781 volo.

87 2804 208 2843 Sitius
239 2804 357 2854 paulo
389 2805 628 2844 emendatior
669 2811 727 2843 est
758 2818 873 2854 quam
905 2805 1093 2852 Horkius,
1129 2803 1355 2852 juveniliter
1393 2808 1520 2840 tamen
1560 2802 1692 2839 haeret
1733 2803 1770 2837 in
1802 2801 1875 2838 ob-

87 2863 312 2900 scuritatum
356 2862 531 2903 dumetis.
590 2863 923 2901 Ratiocinationes
961 2874 1052 2900 suas
1092 2863 1205 2910 tingit
1247 2860 1574 2911 speculationibus
1607 2860 1765 2909 opticis,
1807 2858 1876 2896 sed

87 2922 288 2970 pessima,
330 2926 371 2959 at
408 2921 494 2972 plus
526 2921 632 2959 illum
665 2923 702 2958 in
734 2921 808 2959 hoc
845 2932 984 2970 genere
1026 2919 1326 2970 apprehendisse
1367 2924 1483 2969 puto,
1527 2929 1643 2967 quam
1674 2917 1875 2955 Horkium.

225 3050 256 3091 *)
282 3054 400 3085 Editor
423 3053 570 3094 Operum
604 3052 749 3084 Galilaei
775 3053 889 3091 (1847)
923 3061 1027 3083 errare
1061 3052 1142 3083 dicit
1177 3051 1366 3093 Keplerum.
1420 3050 1618 3091 Inscriptum
1652 3058 1722 3080 esse
1754 3049 1876 3081 librum

88 3097 254 3131 ,Ioanni
278 3100 438 3142 Medices,
474 3099 542 3131 filio
574 3099 717 3131 naturali
744 3100 845 3131 Ducis
872 3098 984 3130 Cosmi
1009 3100 1038 3138 Ι,
1076 3099 1134 3141 qui
1158 3099 1231 3139 pari
1262 3099 1391 3129 ratione
1416 3097 1565 3128 infensus
1590 3097 1691 3129 fuerit
1715 3096 1875 3142 Galilaeo,

89 3155 159 3192 qua
181 3146 323 3187 Magnus
347 3147 426 3179 Dux
451 3145 591 3180 Cosmus
615 3146 659 3182 11.
684 3145 737 3178 illi
760 3146 889 3180 faverit.
