2157 3398
222 138 307 184 590
634 137 870 174 Summarium
894 137 1074 174 Historiae
1103 139 1355 176 Astronomiae
1380 139 1501 177 seculo
1526 141 1622 180 XVI.

221 255 355 292 tabulis
380 255 472 300 suis,
499 254 529 290 si
553 253 667 290 solum
693 254 738 290 ad
765 255 952 299 Copernici
977 255 1151 291 rationem
1175 256 1310 292 relatae
1336 260 1471 301 essent,
1503 256 1646 293 nonnisi
1669 267 1805 301 paucos
1831 257 1882 294 uti
1906 267 2014 302 posse

222 314 454 359 intelligebat.

358 373 407 407 Ut
431 371 561 406 habeat
586 371 711 414 lector,
738 383 806 417 quo
832 373 1006 408 rationem
1031 372 1251 417 procedendi
1276 373 1469 409 Reinholdi
1495 373 1678 418 dijudicet,
1703 373 1794 410 haec
1817 384 1864 409 ex
1890 383 2012 419 „prae-

223 430 370 475 ceptis“‚
396 439 487 473 quae
513 433 595 464 sunt
619 439 765 464 numero
790 431 834 466 73
851 430 992 475 paginis
1011 430 1078 466 132
1104 431 1152 476 (in
1177 430 1333 467 editione
1351 432 1571 477 Tubingensi
1597 431 1680 467 anni
1707 432 1807 477 1562)
1832 434 2012 475 contenta,

222 488 469 524 desumsimus.

359 547 417 582 De
441 546 631 591 aequando
655 549 814 591 tempore
839 547 882 583 ob
907 547 1206 592 inaequalitatem
1222 548 1362 583 dierum
1377 549 1616 585 naturalium.
1653 549 1756 584 Duae
1772 553 1856 584 sunt
1871 559 2013 593 causae,

221 616 330 652 quare
354 605 576 650 propositum
602 604 746 648 aliquod
771 610 913 649 tempus
939 605 1084 649 aequari
1115 605 1292 641 interdum
1328 611 1509 650 oporteat:
1546 606 1658 641 altera
1691 611 1746 640 est
1777 606 2013 652 inaequalitas

222 665 356 698 dierum
382 662 608 707 naturalium,
634 662 749 697 altera
773 663 1050 698 meridianorum
1075 664 1240 701 varietas,
1289 665 1468 708 Perpetua
1493 668 1529 699 et
1554 665 1765 700 universalis
1792 666 2014 710 experientia

219 726 388 765 testatur,
414 731 484 756 non
510 721 623 756 solum
648 721 742 765 quod
769 721 944 757 coelestes
969 726 1087 757 motus
1113 722 1300 757 videantur
1331 722 1436 758 nobis
1463 722 1653 758 dissimiles
1686 727 1722 758 et
1745 723 1952 768 inaequales
1977 723 2013 756 in

219 779 452 826 unoquolibet
483 778 647 823 plancta,
683 779 980 824 quemadmodum
1005 780 1067 814 Sol
1093 780 1260 825 aequales
1293 780 1430 816 zodiaci
1463 780 1704 816 semicirculos
1736 781 1831 816 haud
1857 780 2012 826 aequali-

223 839 289 874 bus
314 844 514 882 temporum
540 837 665 881 spatiis
691 842 869 882 permeat,
898 849 1017 873 verum
1043 838 1150 873 etiam
1175 837 1269 883 quod
1295 838 1399 873 iidem
1425 849 1463 873 re
1489 850 1573 874 vera
1599 839 1671 875 sint
1696 843 1920 880 constantes,
1945 838 2014 872 rati

221 902 256 932 et
280 896 507 941 aequabiles,
542 895 624 941 quia
648 896 875 931 manifestum
904 901 973 941 est,
1006 897 1174 941 periodos
1200 908 1263 931 seu
1289 897 1448 941 integras
1475 897 1649 942 cujusque
1674 896 1842 942 planetae
1868 906 2014 931 conver-

223 955 342 990 siones
368 954 661 998 aequabilitatem
688 955 867 998 quandam
892 956 986 990 inter
1011 965 1050 989 se
1075 965 1299 998 conservare,
1326 961 1366 990 ut
1383 955 1444 990 Sol
1470 965 1611 1000 semper
1635 966 1764 1000 annuo,
1789 955 1893 990 Luna
1917 964 2013 989 men-

219 1019 318 1049 struo
343 1014 460 1058 spatio
486 1013 661 1057 percurrit
686 1013 837 1049 eundem
861 1014 1086 1059 signiferum,
1120 1014 1187 1049 etsi
1212 1019 1332 1049 tamen
1356 1014 1391 1047 in
1418 1024 1489 1047 una
1518 1017 1621 1057 parte
1646 1012 1741 1047 orbis
1775 1012 1913 1046 interea
1939 1011 2013 1046 diu-

218 1072 289 1107 tius
314 1076 553 1108 commoratur
577 1082 683 1117 quam
706 1072 742 1106 in
768 1072 856 1115 alia,
890 1071 1188 1116 quemadmodum
1219 1071 1256 1105 in
1282 1071 1466 1106 elementis
1500 1076 1535 1106 et
1559 1070 1821 1116 hypothesibus
1853 1073 2013 1104 motuum

219 1129 309 1166 haec
334 1130 577 1165 controversia
602 1129 645 1164 de
672 1129 818 1164 dissidio
845 1130 1003 1175 aequalis
1030 1134 1066 1164 et
1090 1130 1297 1174 apparentis
1321 1134 1441 1164 motus
1474 1129 1618 1173 copiose
1650 1128 1862 1173 explicatur.
1911 1127 2013 1161 Hanc

222 1189 267 1222 ob
294 1198 438 1223 causam
465 1188 659 1222 astronomi
684 1189 719 1222 in
745 1192 905 1223 motuum
931 1187 1138 1223 coelestium
1163 1188 1393 1232 inquisitione
1418 1188 1570 1232 primum
1595 1187 1730 1222 medios
1757 1197 1820 1221 seu
1845 1185 2014 1231 aequales

219 1250 334 1280 motus
359 1250 579 1290 proponunt,
612 1250 696 1290 apte
723 1251 758 1280 et
791 1246 964 1281 concinne
991 1246 1201 1281 distributos
1226 1246 1262 1280 in
1287 1245 1405 1290 spatia
1437 1245 1601 1289 aequalia
1632 1249 1852 1289 temporum,
1884 1243 2013 1278 deinde

219 1314 302 1338 vero
328 1304 473 1347 docent,
506 1309 679 1347 quantum
709 1304 780 1339 illis
813 1304 1022 1349 aequalibus
1047 1304 1204 1339 motibus
1237 1303 1325 1338 alias
1352 1303 1554 1338 addendum
1580 1303 1642 1344 sit,
1674 1303 1762 1338 alias
1787 1302 2011 1346 demendum,

220 1365 260 1396 ut
284 1363 419 1406 absque
444 1362 568 1397 labore
593 1362 864 1406 observationis,
891 1373 995 1407 quem
1019 1362 1138 1397 locum
1163 1372 1244 1397 vere
1262 1365 1424 1396 transeat
1442 1361 1548 1396 stella
1572 1362 1641 1397 hoc
1667 1365 1728 1396 aut
1751 1361 1814 1395 illo
1840 1365 2012 1405 tempore,

220 1431 394 1456 canonum
421 1420 595 1456 duntaxat
621 1424 657 1455 et
680 1430 906 1455 numerorum
931 1420 1105 1454 beneficio
1131 1425 1379 1463 cognoscatur.
1421 1420 1477 1455 Ad
1503 1420 1598 1454 hunc
1623 1420 1716 1454 enim
1741 1431 1887 1464 prorsus
1905 1420 2035 1456 finem.

219 1479 480 1514 astronomicus
507 1478 666 1514 calculus
693 1479 864 1522 dirigitur.
895 1499 937 1503 ——
963 1479 1065 1513 Nunc
1091 1483 1129 1512 ut
1154 1478 1356 1513 institutum
1384 1489 1550 1522 agamus,
1578 1479 1668 1513 sciat
1692 1478 1816 1524 lector,
1843 1479 2013 1524 aequales

218 1541 335 1572 motus
369 1542 443 1571 tum
477 1537 696 1581 respondere
729 1536 940 1581 aequalibus
966 1536 1205 1580 temporibus,
1236 1541 1310 1571 tum
1337 1547 1379 1571 ex
1405 1537 1601 1571 canonibus
1636 1538 1708 1572 suis
1742 1537 1845 1571 aliter
1869 1537 2014 1582 excerpi

218 1607 288 1631 non
313 1607 437 1641 posse,
471 1596 540 1631 nisi
566 1596 714 1641 aequale
740 1595 848 1629 fuerit
873 1598 1031 1638 tempus,
1059 1594 1115 1628 cui
1141 1604 1341 1639 congruens
1373 1595 1531 1639 aequalis
1557 1599 1674 1630 motus
1706 1594 1859 1639 alicujus
1884 1595 2013 1630 stellae

220 1655 445 1699 quaerendus
470 1658 535 1689 est.
585 1655 812 1698 Quapropter
845 1652 1039 1687 astronomi
1072 1656 1147 1687 tum
1172 1652 1327 1697 reliquas
1354 1654 1524 1697 temporis
1550 1653 1689 1697 species
1714 1653 1882 1699 aequales
1914 1664 2013 1689 assu-

217 1718 320 1748 munt
352 1713 388 1747 in
423 1712 690 1757 computatione
725 1716 905 1751 motuum,
942 1715 1018 1745 tum
1055 1720 1138 1744 vero
1173 1711 1325 1745 maxime
1360 1711 1453 1756 dies,
1493 1711 1599 1756 vulgo
1631 1712 1831 1753 naturales,
1869 1712 2013 1748 Graecis

218 1777 453 1817 νυχθημερους
484 1770 701 1816 appellatos,
738 1769 798 1814 qui
830 1773 950 1804 tamen
980 1779 1018 1803 re
1052 1779 1134 1803 vera
1168 1769 1446 1814 haudquaquam
1480 1770 1649 1814 aequales
1683 1770 2012 1816 deprehenduntur,

218 1830 286 1865 etsi
310 1830 399 1864 haec
424 1828 662 1873 inaequalitas
688 1839 752 1863 seu
777 1827 977 1862 differentia
1003 1838 1069 1862 nec
1094 1828 1143 1862 ita
1168 1839 1295 1871 magna
1322 1832 1391 1873 est,
1425 1839 1489 1863 nec
1516 1829 1634 1864 subito
1660 1829 1822 1873 sentitur,
1848 1829 1917 1864 nisi
1942 1829 2013 1864 col-

218 1888 301 1923 latis
327 1888 467 1923 duobus
491 1889 585 1922 inter
610 1898 649 1922 se
675 1886 799 1922 diebus
825 1897 896 1921 non
921 1885 1103 1929 proximis,
1132 1885 1195 1919 sed
1220 1885 1306 1920 satis
1332 1885 1439 1929 longo
1465 1887 1615 1921 invicem
1640 1887 1826 1922 intervallo
1852 1887 2013 1922 distanti-

218 1946 299 1983 bus,
348 1947 450 1980 Diem
476 1945 566 1980 enim
594 1944 793 1980 naturalem
819 1945 1004 1989 aequalem
1032 1951 1067 1980 et
1092 1951 1213 1990 aptum
1231 1947 1461 1981 numerandis
1479 1947 1634 1981 motibus
1661 1945 1834 1980 definiunt
1859 1945 2012 1990 spatium

219 2005 407 2048 temporis,
441 2015 509 2049 quo
544 2004 584 2038 fit
608 2003 746 2047 integra
772 2003 861 2038 coeli
886 2002 942 2038 vel
968 2004 1239 2049 aequinoctialis
1265 2004 1388 2039 circuli
1414 2004 1599 2039 conversio
1625 2014 1667 2038 ac
1693 2009 1879 2047 praeterea
1904 2004 2014 2048 parti-

220 2063 331 2105 culae,
365 2062 524 2106 aequalis
549 2063 597 2106 ei,
635 2073 740 2108 quam
767 2060 827 2096 Sol
862 2061 896 2094 in
931 2061 1076 2096 zodiaco
1103 2072 1123 2095 a
1148 2062 1263 2096 medio
1290 2062 1515 2108 aequinoctio
1542 2060 1740 2107 aequaliter
1769 2061 1906 2096 interea
1931 2072 2013 2095 con-

220 2120 316 2155 fecit.
366 2120 412 2154 At
441 2130 546 2155 verus
579 2120 652 2154 sive
687 2129 864 2163 apparens
890 2119 966 2153 dies
996 2119 1170 2154 naturalis
1196 2119 1358 2154 similiter
1390 2121 1545 2164 spatium
1575 2119 1745 2164 temporis
1771 2124 1840 2164 est,
1877 2129 1947 2163 quo
1973 2119 2014 2154 fit

219 2178 359 2222 integra
384 2177 653 2223 aequinoctialis
685 2178 868 2212 conversio
894 2188 935 2213 ac
958 2184 1145 2222 praeterea
1176 2178 1373 2222 particulae
1399 2178 1559 2223 ejusdem
1596 2177 1880 2223 aequinoctialis.
1918 2187 2013 2222 quae

221 2245 303 2269 vero
329 2235 441 2269 motui
466 2235 559 2269 Solis
584 2235 619 2269 in
644 2235 790 2270 zodiaco
816 2237 859 2271 ab
886 2237 1071 2280 apparenti
1098 2236 1323 2281 aequinoctio
1356 2237 1559 2281 respondet.
1610 2236 1697 2271 Cum
1730 2240 1848 2270 autem
1874 2234 1909 2268 in
1934 2238 2011 2269 toto

223 2292 358 2327 ambitu
383 2292 654 2337 aequinoctialis
680 2297 842 2337 tempora
867 2299 1098 2329 numerentur
1123 2294 1200 2338 360,
1228 2299 1346 2329 motus
1372 2300 1491 2330 autem
1517 2293 1611 2329 Solis
1638 2294 1784 2328 diurnus
1811 2292 1973 2336 aequalis
1991 2303 2012 2327 a

222 2350 339 2385 medio
365 2350 591 2395 aequinoctio
618 2351 664 2385 sit
691 2353 744 2386 59¹
770 2353 816 2387 8¹¹
841 2352 932 2397 ί20”’,
958 2353 1186 2387 manifestum
1212 2356 1275 2394 est,
1302 2352 1393 2387 diem
1419 2353 1618 2387 naturalem
1644 2363 1707 2388 seu
1734 2352 2012 2387 astronomicum

222 2408 408 2453 aequalem
433 2413 608 2452 perpetuo
626 2414 791 2444 constare
817 2410 1037 2454 temporibus
1056 2411 1134 2446 360.
1163 2411 1217 2444 59¹
1234 2411 1278 2446 8‘⁴
1296 2411 1385 2454 ‘20¹¹‘,
1412 2411 1475 2445 sed
1500 2421 1605 2444 verus
1632 2409 1706 2444 dies
1724 2409 1898 2445 naturalis
1923 2409 2012 2444 alias

222 2471 369 2511 superat
394 2467 489 2501 hunc
513 2467 678 2512 medium,
705 2468 793 2503 alias
818 2469 932 2503 minor
957 2473 1022 2512 est,
1049 2472 1196 2512 propter
1220 2467 1309 2502 duas
1335 2479 1479 2504 causas:
1507 2469 1637 2513 partim
1662 2468 1758 2513 quod
1783 2472 1902 2503 motus
1920 2467 2012 2503 Solis

220 2535 325 2559 verus
352 2535 565 2570 quamquam
591 2536 736 2570 parum,
769 2530 888 2560 tamen
920 2526 956 2560 in
981 2525 1142 2570 singulos
1169 2525 1243 2561 dies
1268 2527 1445 2571 variatur,
1477 2527 1530 2561 bis
1565 2532 1703 2562 tantum
1737 2527 1773 2561 in
1804 2537 1896 2561 anno
1931 2537 2011 2561 cum

223 2583 363 2628 aequali
387 2587 485 2617 motu
511 2593 721 2628 congruens,
747 2583 875 2627 partim
901 2583 996 2627 quod
1023 2584 1215 2627 segmentis
1246 2584 1382 2619 zodiaci
1415 2585 1521 2620 etiam
1552 2586 1764 2630 aequalibus
1797 2596 1867 2620 non
1891 2589 2011 2620 tamen

224 2641 385 2686 aequalia
407 2642 627 2685 respondent
652 2641 922 2687 aequinoctialis
949 2641 1069 2675 circuli
1095 2647 1277 2685 segmenta
1302 2643 1335 2677 in
1363 2644 1485 2678 mundi
1511 2643 1753 2678 conversione.
1793 2643 1904 2677 Porro
1930 2653 2009 2677 cum

224 2700 470 2734 ascensionum
494 2699 586 2734 ratio
612 2699 647 2733 in
672 2700 856 2734 horizonte
881 2698 1126 2742 multipliciter
1155 2701 1266 2735 variet
1299 2712 1363 2745 pro
1390 2702 1564 2746 sphaerae
1590 2702 1816 2747 obliquitate,
1847 2701 1883 2735 iu
1907 2701 2010 2735 meri-

225 2756 329 2790 diano
360 2762 478 2791 autem
512 2757 558 2792 sit
589 2756 712 2792 eadem
745 2756 876 2801 ubique
907 2757 1065 2791 locorum
1098 2768 1189 2802 quae
1220 2759 1256 2793 in
1289 2760 1444 2803 sphaera
1475 2764 1591 2803 recta,
1628 2760 1764 2803 placuit
1794 2759 2009 2794 astronomis

226 2814 362 2848 initium
389 2815 458 2849 diei
484 2826 623 2850 sumere
649 2827 670 2851 a
694 2814 889 2850 meridiano
920 2815 1040 2858 potius
1073 2825 1180 2858 quam
1206 2817 1248 2850 ab
1274 2818 1475 2859 horizonte,
1510 2822 1550 2852 ut
1574 2818 1739 2852 omnibus
1764 2817 1798 2850 in
1824 2815 1911 2850 locis
1936 2826 2008 2850 uno

225 2872 419 2916 eodemque
444 2873 547 2907 modo
574 2884 750 2917 apparens
776 2877 917 2917 tempus
942 2873 976 2907 in
996 2874 1248 2919 aequalitatem
1273 2880 1564 2911 commutaretur.
1606 2877 1769 2911 Ceterum
1795 2875 1861 2909 hac
1886 2879 2010 2909 nostra

227 2932 345 2963 aetate
370 2929 523 2963 maxima
549 2929 749 2966 differentia
772 2931 865 2966 inter
888 2931 1058 2974 aequales
1083 2934 1118 2965 et
1142 2938 1357 2976 apparentes
1390 2933 1467 2968 dies
1496 2937 1679 2968 contracta
1709 2937 1764 2968 est
1787 2933 1823 2966 in
1847 2935 2009 2976 tempora

227 2988 248 3020 7
274 2997 351 3020 cum
378 2987 397 3022 3
423 2986 554 3029 quintis
579 2989 693 3032 unius,
719 2999 809 3033 quae
833 2999 919 3024 sane
943 2989 1134 3034 aliquando
1159 3001 1268 3034 supra
1293 2992 1338 3026 10
1361 2995 1524 3036 tempora
1548 3001 1626 3026 sese
1650 2994 1771 3035 potest
1802 2990 2006 3026 extendere.

227 3044 307 3078 Jam
332 3055 376 3079 ex
400 3044 455 3079 his
482 3044 644 3079 omnibus
669 3047 840 3090 sequitur,
866 3058 944 3082 cum
971 3047 1016 3082 ad
1041 3048 1297 3093 praescriptam
1322 3047 1475 3093 aliquam
1502 3049 1575 3083 veri
1600 3048 1668 3083 diei
1692 3049 1867 3084 naturalis
1884 3049 2008 3083 horam

228 3101 412 3137 stellarum
435 3101 471 3136 in
497 3101 595 3137 coelo
620 3101 700 3138 loca
723 3103 970 3147 investiganda
994 3108 1087 3149 sunt,
1113 3115 1184 3139 non
1208 3104 1415 3149 simpliciter
1439 3106 1609 3142 utendum
1628 3115 1708 3142 esse
1732 3105 1796 3141 illa
1818 3105 1918 3148 hora,
1945 3103 2009 3140 sed
