2177 3408
530 152 768 190 Summarium
792 151 976 188 Historiae
1000 151 1253 188 Astronomiae
1278 151 1400 188 seculo
1424 152 1518 188 XVI.
1849 152 1932 198 603

138 270 259 306 culum
283 269 419 313 mundi,
447 270 492 305 ob
518 271 698 307 mirabiles
725 258 808 316 ejus*
829 271 1075 306 inventiones“
1111 270 1202 306 nihil
1233 273 1353 305 autem
1383 271 1493 306 refert
1524 270 1567 306 de
1602 271 1709 306 rebus
1735 271 1777 305 ab
1806 282 1847 307 eo
1875 273 1934 307 de-

137 330 255 364 tectis.
291 329 457 365 Ceterum
483 329 727 365 additamenta
754 329 1103 374 Schreckenfuchsii,
1127 329 1290 373 longiora
1314 330 1468 375 quidem,
1493 330 1670 365 tironibus
1694 330 1792 366 haud
1809 340 1935 375 parum

140 388 324 432 profuisse
348 388 385 423 in
410 388 650 434 percipiendis
675 388 880 433 praeceptis
907 389 1156 424 astronomicis
1181 388 1278 423 haud
1305 388 1448 423 dubium
1477 393 1546 432 cst,
1580 399 1672 434 quae
1698 388 1861 424 faciliora
1883 389 1935 424 ine

139 447 290 483 tellectu
315 447 472 483 reddidit
497 447 628 482 additis
661 447 782 483 multis
809 448 983 492 exemplis
1010 446 1238 492 (praesertim
1263 446 1299 481 in
1325 457 1433 491 opere
1459 448 1648 492 inscripto:
1686 447 1842 482 Primum
1860 447 1937 482 Mo-

137 506 209 541 bile
227 506 346 549 1567).
381 507 439 541 Ex
464 505 726 542 commentariis
751 505 787 540 in
805 506 982 541 theoricas
1008 505 1201 542 Purbachii
1225 505 1293 540 hoc
1320 506 1563 550 excerpimus:
1601 506 1799 547 „Theorica
1831 506 1937 540 trium

142 565 368 610 superiorum
394 565 622 610 planetarum
647 576 668 600 a
694 564 790 600 Solis
816 565 978 600 theorica
1002 564 1038 600 in
1062 565 1132 599 hoc
1159 562 1287 607 differt,
1316 563 1412 607 quod
1439 564 1530 598 Solis
1557 574 1688 608 corpus
1715 563 1899 598 deferatur
1917 574 1937 598 a

141 624 298 670 quodam
324 624 410 659 orbe
428 625 648 668 eccene-ico,
675 635 857 668 nunquam
885 624 1088 659 declinante
1114 623 1157 657 ab
1185 622 1359 666 ecliptica,
1385 626 1421 657 et
1446 622 1515 657 hoc
1534 622 1730 658 secundum
1756 622 1939 666 signorum

143 683 317 725 ordinem,
343 685 467 734 autin
489 683 661 729 epicyclo,
688 684 793 728 cujus
812 683 1065 718 semidiametri
1091 682 1272 726 quantitas
1291 686 1422 726 aequat
1439 682 1676 725 quantitatem
1695 681 1822 725 lineae,
1849 692 1939 725 quae

146 747 201 777 est
226 743 320 777 inter
345 743 414 778 duo
442 747 577 785 centra,
606 741 743 777 scilicet
762 742 885 777 mundi
904 747 939 777 et
958 741 1157 783 eccentrici,
1184 741 1234 774 ita
1252 745 1290 775 ut
1309 740 1454 785 planum
1474 740 1623 784 epicycli
1641 751 1661 774 a
1678 740 1786 784 plano
1804 739 1939 774 zodiaci

146 811 329 846 nunquam
355 800 570 845 obliquetur.
613 800 711 834 Talis
737 800 867 844 positio
894 811 964 834 non
989 799 1099 834 habet
1123 799 1242 833 locum
1267 798 1302 832 in
1321 798 1578 843 superioribus,
1605 799 1779 842 siquidem
1806 798 1841 832 in
1858 798 1939 832 illo-

142 872 221 895 rum
245 859 416 894 theoricis
443 858 512 893 alia
538 858 584 893 sit
610 858 792 902 quantitas
818 858 1008 902 linearum,
1042 867 1134 901 quae
1159 861 1214 892 est
1238 857 1330 891 inter
1361 861 1483 892 centra
1508 856 1632 891 mundi
1665 859 1700 890 ct
1725 856 1939 891 eccentrico-

144 929 234 962 rum,
260 918 346 952 item
373 916 445 952 alia
471 917 723 952 diametrorum
751 916 1005 962 epicyclorum,
1032 915 1294 960 planorumque
1319 926 1442 951 eorum
1475 914 1545 950 alia
1578 914 1742 950 deflectio
1770 914 1804 948 in
1830 913 1938 958 plano

142 977 292 1021 zodiaci,
320 986 426 1020 quam
451 975 640 1020 planorum
668 974 917 1010 deferentium.
966 973 1148 1009 Differunt
1182 975 1288 1010 etiam
1314 985 1334 1009 a
1358 975 1484 1010 Lunae
1516 974 1694 1015 theorica,
1730 974 1811 1018 quia
1845 973 1940 1008 defe-

142 1040 262 1071 rentes
290 1035 433 1078 augium
458 1045 529 1069 non
556 1038 681 1069 contra
707 1033 867 1069 ordinem
894 1034 1076 1076 signorum
1102 1033 1195 1068 sicut
1220 1033 1255 1067 in
1281 1034 1386 1068 Luna
1410 1037 1615 1077 moventur,
1649 1033 1718 1066 imo
1745 1031 1940 1067 secundum

144 1095 306 1131 ordinem
332 1093 377 1129 ad
402 1098 537 1129 motum
569 1098 717 1128 octavae
751 1092 947 1137 sphaerae,
983 1102 1093 1135 auges
1127 1101 1247 1125 eorum
1279 1102 1350 1126 non
1376 1091 1481 1126 modo
1518 1090 1584 1125 sub
1616 1090 1800 1135 ecliptica,
1833 1090 1940 1124 modo

143 1160 246 1190 extra
272 1154 475 1199 eclipticam
501 1153 730 1197 reperiuntur
754 1151 811 1187 vel
836 1162 961 1188 versus
987 1152 1134 1186 boreum
1167 1150 1223 1185 vel
1248 1151 1384 1185 notium
1410 1150 1553 1196 polum,
1581 1149 1880 1195 quemadmodum
1907 1150 1942 1183 in

146 1216 250 1250 Luna
275 1213 450 1255 videmus,
478 1212 542 1247 sed
569 1212 754 1247 declinant
780 1221 923 1256 semper
948 1222 968 1245 a
993 1211 1103 1256 plano
1129 1210 1264 1246 zodiaci
1290 1210 1434 1244 boream
1460 1219 1604 1252 versus;
1634 1207 1744 1252 plana
1769 1207 1945 1252 epicycloa

147 1285 225 1308 rum
251 1273 380 1307 horum
406 1271 632 1317 planetarum
669 1269 866 1305 deflectunt
893 1281 913 1305 a
934 1270 1052 1315 planis
1087 1281 1234 1304 suorum
1267 1268 1520 1312 deferentium,
1554 1272 1671 1303 motus
1703 1266 1942 1311 epicyclorum

147 1337 183 1366 et
208 1330 386 1366 nodorum
411 1330 517 1364 etiam
544 1329 648 1364 aliter
673 1328 810 1363 habent
835 1339 943 1372 quam
967 1329 1003 1363 in
1028 1328 1163 1362 Luna.⁴·'

282 1387 536 1433 Occupabatur
578 1387 843 1422 commentariis
884 1387 920 1421 in
959 1387 1202 1422 Purbachium
1239 1385 1636 1430 Regiomontanumque
1674 1385 1795 1428 (1551,
1835 1383 1944 1427 1552)

143 1448 250 1483 etiam
284 1447 536 1492 Cyprianus
567 1446 829 1491 Leovitius,
866 1446 1059 1489 Bohemus,
1094 1445 1318 1489 astrologicis
1345 1444 1474 1480 studiis
1500 1444 1664 1479 addictus
1699 1446 1770 1487 (cfr.
1806 1445 1872 1479 vol.
1899 1445 1943 1478 11.

141 1520 176 1550 p,
202 1507 297 1551 422).
345 1506 387 1539 In
412 1504 503 1539 libro
531 1505 574 1540 de
605 1504 798 1549 eclipsibus
826 1505 953 1549 (1556)
988 1504 1280 1549 supputationem
1313 1503 1589 1538 astronomicam
1620 1503 1666 1537 ad
1698 1501 1944 1546 Alphonsinos

144 1564 256 1599 refert
280 1573 466 1607 numeros,
499 1563 645 1598 arbitrio
677 1563 872 1606 legentium
904 1563 1135 1608 permittens,
1170 1567 1290 1599 utrum
1315 1561 1508 1597 Purbachii
1540 1572 1584 1596 an
1612 1561 1799 1606 Copernici
1833 1561 1945 1605 hypo-

144 1621 309 1656 thesibus
336 1622 389 1656 uti
414 1620 537 1656 velint.
586 1621 713 1656 Lunae
739 1625 875 1656 motum
902 1621 946 1656 ab
972 1622 1052 1665 ipso
1079 1632 1184 1665 quam
1211 1620 1479 1656 accuratissime
1496 1623 1620 1656 censet
1646 1619 1830 1654 definitum
1856 1629 1946 1661 esse,

142 1680 207 1716 sed
231 1680 268 1715 in
295 1680 500 1725 eclipsibus,
528 1680 657 1726 inquit,
685 1680 863 1715 solaribus
880 1684 1020 1715 tantum
1039 1680 1283 1724 experientiae
1301 1690 1373 1713 non
1399 1690 1477 1714 sum
1502 1683 1707 1720 assecutus,
1734 1682 1774 1713 ut
1799 1676 1948 1712 eandem

146 1740 197 1774 eis
225 1739 492 1781 certitudinem,
534 1749 640 1783 quam
674 1739 860 1775 lunaribus
893 1740 1051 1774 tribuere
1084 1739 1242 1783 possim3
1268 1748 1404 1783 paucas
1437 1739 1529 1773 enim
1557 1738 1634 1782 ipse
1659 1735 1744 1772 ridi.
1792 1734 1948 1770 Proinde

146 1802 292 1843 praeter
315 1808 414 1833 meas
441 1799 612 1841 rationes,
639 1809 728 1842 quas
754 1798 790 1833 in
809 1799 903 1834 Solis
931 1799 1124 1844 eclipsibus
1151 1798 1278 1843 adjeci,
1306 1797 1579 1832 Purbachianae
1604 1796 1660 1830 vel
1680 1795 1948 1840 Copernicanae

146 1855 308 1890 adhiberi
340 1859 524 1900 poterunt.
586 1855 785 1900 Eclipsium
818 1858 1095 1894 delineationem
1122 1863 1157 1893 et
1182 1855 1486 1901 computationem
1523 1854 1656 1899 triplici
1689 1854 1827 1888 ratione
1866 1863 1948 1897 per-

146 1914 278 1950 fectam
305 1913 442 1958 (ipsius,
467 1913 661 1949 Purbachii
687 1920 723 1950 et
750 1916 951 1961 Copernici)
979 1916 1022 1951 ab
1049 1927 1142 1952 anno
1170 1915 1260 1951 *1544
1286 1924 1400 1959 usque
1427 1914 1470 1949 ad
1498 1924 1628 1947 annum
1656 1913 1746 1948 1580
1769 1910 1950 1956 proponit,

146 1975 319 2018 adjiciens
350 1975 594 2019 conjecturam
626 1975 879 2019 astrologicam
912 1975 1063 2020 singulis
1097 1973 1303 2019 eclipsibus.
1361 1973 1440 2007 Hoc
1472 1981 1587 2015 usque
1619 1970 1665 2005 ad
1697 1981 1829 2004 annum
1862 1970 1950 2005 1606

146 2033 429 2068 continuandum
463 2033 532 2068 sibi
570 2039 830 2079 proposuerat,
873 2035 937 2069 sed
973 2035 1040 2076 „ob
1066 2033 1255 2069 adversam
1285 2030 1526 2066 valetudinem
1564 2032 1599 2063 et
1636 2028 1768 2062 arduos
1806 2027 1950 2062 labores

145 2091 415 2136 ephemeridum
440 2092 633 2137 impeditus
659 2102 748 2136 sum,
775 2104 845 2138 quo
864 2093 982 2128 minus
1014 2093 1093 2127 illas
1119 2092 1165 2127 ad
1191 2091 1425 2126 constitutum
1450 2099 1638 2123 numerum
1657 2086 1844 2130 eclipsium
1868 2094 1951 2130 pro-

149 2150 347 2185 duxerim.“
399 2150 448 2186 Ut
481 2151 596 2195 ipsius
630 2152 770 2186 numeri
801 2151 927 2186 referri
964 2155 1116 2195 possent
1141 2150 1186 2185 ad
1213 2150 1284 2185 alia
1313 2150 1358 2184 ab
1384 2148 1598 2191 Augustano
1629 2144 1824 2180 meridiano
1852 2143 1951 2178 diffe-

149 2208 265 2243 rentia
289 2209 380 2252 loca,
407 2209 530 2245 addita
557 2210 763 2255 esttabula
788 2211 1063 2255 praecipuarum
1089 2210 1275 2246 civitatum
1300 2209 1483 2253 Europae,
1510 2205 1696 2240 continens
1723 2203 1949 2238 altitudinem

147 2267 232 2312 poli,
258 2272 394 2303 motum
419 2268 545 2303 Lunae
572 2274 608 2304 et
633 2269 871 2304 differentiam
902 2269 1181 2304 meridianorum
1208 2268 1252 2302 ab
1278 2268 1490 2311 Augustano
1526 2264 1571 2299 ad
1596 2268 1737 2307 tempus
1769 2261 1950 2296 horarium

148 2326 309 2361 relatam.
340 2347 376 2353 —
405 2327 666 2372 Ephemerides
692 2327 845 2362 Leovitii
872 2327 987 2371 (1557)
1013 2326 1169 2361 maxima
1193 2336 1237 2360 ex
1263 2330 1367 2369 parte
1392 2324 1429 2359 in
1455 2334 1558 2358 usum
1585 2320 1850 2364 astrologorum
1868 2322 1952 2354 sunt

150 2385 375 2428 conscriptae
400 2385 517 2429 iisque
541 2386 741 2430 praemissa
767 2389 822 2421 est
847 2386 988 2430 longior
1019 2384 1237 2428 astrologiae
1271 2383 1432 2419 defensio
1466 2386 1590 2417 contra
1619 2380 1952 2422 ,calumniatores“,

148 2447 184 2477 et
208 2442 426 2478 introductio
451 2444 488 2478 in
513 2439 753 2488 astrologiam,
780 2444 862 2478 fons
887 2444 1092 2479 uberrimus
1118 2442 1290 2478 studiosis
1317 2440 1547 2486 astrologiae.

289 2501 525 2547 Astrologicis
557 2503 634 2547 pari
667 2503 774 2537 modo
807 2502 972 2538 addictus
1009 2502 1138 2537 studiis
1174 2505 1250 2536 erat
1286 2501 1452 2535 Petrus
1486 2498 1683 2540 Pitatus,
1722 2495 1950 2540 Veronensis,

149 2558 332 2603 professor
356 2559 630 2594 mathematicae
655 2560 691 2594 in
710 2560 893 2596 academia
911 2560 1185 2596 Philarmonica.
1216 2559 1381 2595 Stoefleri
1398 2557 1542 2592 maximi
1567 2556 1694 2591 habuit
1712 2565 1822 2598 opera
1840 2558 1952 2588 astro-

149 2616 266 2660 logica
292 2615 442 2661 ejusque
467 2617 729 2661 Ephemerides
755 2619 828 2654 suis
850 2618 1151 2663 Ephemeridibus
1178 2617 1357 2661 adjunxit.
1383 2615 1595 2658 (Almanach
1623 2624 1764 2648 novum.
1789 2611 1952 2647 Venetiis

151 2674 250 2710 1544.
275 2675 372 2709 1552.
398 2675 583 2719 Tubingae
605 2677 722 2719 1553.)
762 2676 872 2712 Pitati
898 2677 1185 2720 computationes
1210 2686 1281 2710 non
1306 2674 1414 2718 plane
1442 2672 1670 2708 consentiunt
1696 2670 1951 2709 Stoeflerianis‚

151 2733 253 2778 cujus
279 2733 330 2767 rei
356 2743 499 2768 causam
524 2732 637 2768 refert
661 2735 792 2777 partim
818 2736 1126 2778 aequinoctiorum
1153 2733 1445 2777 anticipationem
1470 2730 1552 2764 inde
1579 2741 1599 2763 a
1625 2727 1791 2763 Stoefleri
1815 2732 1951 2772 tempo-

150 2792 259 2837 ribus,
284 2791 416 2836 partim
441 2801 579 2826 errores
606 2792 798 2836 quosdam,
826 2803 915 2835 quos
942 2792 1137 2827 Stoeflerus
1163 2791 1199 2825 in
1225 2789 1476 2834 computandis
1502 2788 1728 2831 planetarum
1753 2785 1952 2830 congressi-

151 2851 217 2886 bus
249 2854 285 2885 et
314 2849 466 2884 fixarum
498 2849 655 2884 motibus
689 2849 918 2884 commiserit.
977 2850 1205 2892 Astrologiae
1239 2849 1325 2883 item
1359 2846 1505 2881 exhibet
1538 2846 1681 2887 longam
1707 2844 1953 2880 defensionem

152 2909 303 2953 ejusque
330 2919 434 2944 usum
470 2907 645 2950 ostendit,
684 2907 856 2942 desumtis
884 2917 904 2941 a
932 2907 1105 2942 Stoeflero
1132 2912 1166 2941 et
1191 2907 1477 2949 Regiomontano
1510 2903 1644 2947 regulis
1671 2902 1883 2946 quibusdam
1909 2902 1953 2937 de

151 2967 351 3002 mutatione
376 2966 482 3001 aeris.
532 2966 698 3001 Occurrit
721 2966 758 3000 in
783 2966 853 3000 hoc
879 2975 986 3010 opere
1011 2965 1090 2999 laus
1116 2965 1305 3008 Venetiae,
1333 2973 1438 3007 quam
1464 2962 1522 2997 hic
1546 2961 1793 3006 adjungimus:
1833 2961 1953 3001 „Urbs

150 3027 217 3061 illa
242 3029 294 3060 est
318 3025 404 3060 auri
428 3025 535 3068 dives,
562 3024 625 3060 secl
649 3024 763 3060 ditior
785 3025 915 3068 famae,
936 3027 1068 3068 potens
1094 3024 1232 3067 opibus,
1257 3022 1318 3057 sed
1342 3021 1475 3056 virtute
1493 3020 1693 3065 potentior,
1719 3019 1846 3054 solidis
1869 3018 1951 3061 fun-

152 3085 242 3120 data
265 3084 522 3124 marmoribus,
554 3084 617 3119 secl
646 3083 818 3119 solidiore
843 3083 953 3118 etiam
975 3081 1213 3125 fundamento
1239 3081 1355 3119 civilis
1379 3078 1594 3115 concordiae
1627 3077 1809 3120 stabilita,
1845 3076 1952 3111 salsis

152 3142 272 3180 cincta
293 3141 474 3188 fluctibu3‚
499 3142 563 3185 sed
586 3141 804 3177 salsioribus
829 3143 910 3178 tuta
934 3138 1131 3177 consiliis.“
