2126 3388
597 186 652 222 De
677 186 799 224 amicis
824 190 861 223 et
884 186 1085 225 fautoribus
1110 188 1268 234 Kepleri.
1755 188 1836 235 971

49 308 150 346 trina
183 306 398 355 dubitaret,
441 307 591 357 reliqua
621 307 757 346 harum
789 306 986 344 literarum
1018 310 1138 347 verba
1169 314 1380 356 testantur,
1425 309 1625 358 eidemque
1659 321 1744 347 cum
1776 309 1842 347 illa

44 365 191 404 familia
229 371 457 416 perpetuam
499 366 717 404 interfuisse
756 365 1077 413 familiaritatem,
1121 369 1202 416 ipsc
1244 370 1352 406 testis
1393 374 1450 407 est
1480 369 1673 418 Keplerus
1716 367 1836 406 relato

45 423 148 462 filiae
180 436 275 462 suae
307 426 499 474 baptismo
531 424 701 474 (1615),
744 423 853 472 cujus
899 426 1154 463 caerimoniae
1194 431 1310 464 testes
1344 426 1652 476 Starcmbergius
1691 432 1726 464 et
1759 426 1840 464 filia

44 484 304 521 nominantur.
356 483 471 521 Teste
503 483 668 532 epistola
691 481 1050 530 Starembergicnsi,
1082 483 1292 522 Novembri
1325 496 1454 523 mense
1477 487 1565 523 anni
1592 489 1712 523 1624.
1737 485 1839 531 data,

45 540 237 590 Keplerus
271 541 444 590 ejusdem
476 543 567 578 anni
600 546 786 578 autumno
808 539 975 588 Pragam
1007 541 1202 590 profectus
1234 549 1302 583 est.
1337 549 1377 580 ut
1407 549 1485 580 tam
1518 556 1578 582 res
1612 555 1702 581 suas
1724 544 1840 580 sami-

43 599 158 637 liares
192 611 309 647 quam
340 599 558 637 tabularum
582 598 915 648 Rudolphinarum
949 598 1157 637 editionem
1191 606 1356 649 urgeret,
1393 606 1429 638 et
1462 601 1548 639 inde
1582 602 1627 639 de
1662 602 1840 640 Austria-

45 668 176 696 corum
199 657 508 703 Lutheranorum
533 656 767 704 conditione,
801 656 926 706 qualis
960 659 1056 695 inter
1088 657 1234 696 aulicos
1267 658 1484 706 haberetur,
1518 660 1694 698 retulisse
1729 659 1839 697 vide-

48 720 120 754 tur.
185 715 241 752 Ex
273 715 548 764 Starembergii
583 721 712 753 autem
746 727 931 765 responso
965 715 1175 754 clarissime
1207 722 1388 765 apparet,
1422 729 1521 766 quae
1552 718 1835 756 sollicitudines

45 785 123 812 non
155 774 283 811 minus
308 774 486 811 Austriae
508 773 658 811 nobiles
691 785 807 822 quam
840 775 946 811 cives
979 775 1243 821 excitaverint,
1279 775 1491 824 eademque
1524 776 1688 825 epistola
1711 777 1840 814 verbis

45 832 195 870 animos
228 832 563 870 commoventibus
606 831 867 870 conditionem
907 832 1021 869 nobis
1053 833 1213 881 praebet
1255 835 1485 882 optimorum
1529 836 1718 881 virorum,
1762 835 1839 883 qui,

48 902 117 940 spe
151 889 311 939 dejecti,
346 890 391 928 de
425 891 711 939 angustissimis
742 890 833 928 fidei
864 902 956 928 suae
990 892 1181 928 sociorum
1214 892 1328 929 rebus
1360 892 1457 930 bene
1490 892 1616 931 edocti
1649 905 1840 942 nusquam

46 949 225 994 salutem,
258 960 451 997 nusquam
483 947 747 986 defendendae
779 949 1042 998 oppressionis
1076 949 1269 987 violentae
1303 952 1404 988 viam
1438 950 1623 989 viderent.

184 1006 279 1044 Cum
314 1007 401 1044 aliis
434 1019 588 1056 quoque
620 1008 828 1056 superioris
862 1007 1043 1045 Austriae
1076 1007 1272 1045 nobilibus
1304 1014 1341 1046 et
1372 1010 1604 1058 cognitionis
1637 1015 1673 1047 et
1704 1010 1841 1047 amici-

45 1066 122 1103 tiae
161 1064 325 1103 vinculis
365 1065 555 1114 Keplerus
601 1070 684 1104 erat
724 1065 967 1115 conjunctus.
1041 1066 1205 1104 Exstant
1249 1066 1402 1115 quidem
1446 1067 1543 1106 duae
1588 1068 1777 1117 epistolae
1818 1080 1842 1105 a

45 1123 198 1161 Barone
231 1123 347 1161 Petro
380 1123 550 1161 Henrico
583 1136 606 1161 a
637 1123 955 1161 Stralendorf
993 1123 1040 1162 ad
1071 1124 1283 1174 Keplerum
1316 1126 1475 1165 missae.
1521 1138 1681 1174 quarum
1715 1126 1838 1164 altera

45 1181 205 1220 Welsae
237 1183 332 1220 urbe
364 1194 398 1220 a.
438 1186 565 1228 1614,
605 1181 728 1220 altera
759 1182 912 1220 Vienna
945 1182 1036 1219 data
1069 1188 1127 1220 est
1157 1179 1316 1236 (1615).
1379 1184 1422 1220 In
1455 1184 1520 1221 illa
1554 1185 1710 1233 Kepleri
1744 1196 1838 1222 con-

47 1239 177 1277 silium
209 1241 307 1288 petit
338 1241 376 1277 in
408 1240 675 1278 construendis
707 1239 943 1291 telescopiis,
976 1253 1076 1289 quae
1099 1253 1143 1278 ex
1166 1241 1427 1290 Keplerianae
1451 1243 1670 1292 Dioptrices
1703 1248 1841 1280 aucto-

50 1299 163 1336 ritate
196 1298 383 1337 conficere
417 1299 596 1337 voluerit.
660 1298 795 1336 Altera
834 1298 1017 1348 epistola,
1062 1311 1139 1348 qua
1177 1300 1327 1338 duabus
1359 1300 1516 1349 Kepleri
1560 1300 1733 1349 epistolis
1772 1313 1842 1338 ex-

46 1361 160 1394 eunte
192 1368 293 1394 anno
320 1361 442 1396 1614.
475 1358 627 1406 scriptis
659 1357 923 1405 respondetur,
956 1356 1254 1396 Stralcndorfius
1287 1360 1439 1408 scripsit
1472 1359 1517 1397 de
1548 1360 1662 1397 rebus
1683 1359 1843 1408 Kepleri

44 1414 169 1452 fratris
193 1414 352 1453 Henrici
374 1417 454 1463 (cfr.
488 1429 521 1462 p.
549 1418 646 1462 828).
698 1416 873 1453 Exeunte
896 1415 1062 1464 epistola
1083 1415 1254 1466 Keplero
1276 1417 1389 1455 refert
1411 1417 1456 1455 de
1479 1417 1613 1455 studiis
1636 1417 1843 1455 chronolo-

44 1473 156 1521 gicis:
196 1473 282 1525 „Tu
313 1473 385 1511 hos
416 1474 768 1522 theologastrorurn
793 1472 987 1525 (Calvisii)
1021 1474 1207 1513 clamores
1240 1481 1277 1513 et
1308 1487 1478 1513 rumores
1510 1476 1592 1525 (qui
1624 1478 1771 1514 utinam
1803 1477 1841 1513 in

45 1530 133 1570 fidei
164 1533 279 1569 rebus
312 1533 366 1569 ita
387 1544 428 1570 se
451 1532 500 1570 ad
533 1533 804 1581 antiquitatem
837 1530 1086 1583 componant)
1118 1534 1229 1571 unius
1264 1535 1362 1571 assis
1393 1546 1440 1571 ne
1464 1535 1741 1581 aestimaveris,
1775 1540 1843 1572 aut

46 1588 257 1638 quidquam
278 1591 467 1628 minutum
492 1596 529 1629 et
551 1603 714 1640 parvum
735 1590 892 1638 credito,
916 1590 1019 1640 quod
1041 1603 1109 1640 pro
1132 1593 1294 1630 veritate
1317 1590 1563 1642 suscipitur.“
1588 1615 1643 1620 —
1665 1593 1842 1641 Epistola

46 1647 95 1685 ad
126 1647 442 1687 Stralendorfium
484 1661 585 1687 anno
621 1654 744 1688 1613.
789 1649 901 1695 data,
947 1661 1025 1698 qua
1066 1649 1189 1687 relato
1233 1651 1467 1689 matrimonii
1507 1652 1642 1688 iterum
1683 1650 1841 1689 ineundi

45 1706 207 1744 consilio
241 1707 429 1756 fautorem
464 1707 513 1746 ad
545 1710 701 1758 nuptias
725 1719 816 1745 suas
836 1707 1085 1756 Eferdingam
1118 1709 1269 1755 invitat,
1303 1720 1378 1747 non
1411 1710 1537 1746 minus
1572 1721 1688 1758 quam
1719 1711 1841 1759 ipsius

44 1764 308 1802 Stralendorfii
333 1765 468 1805 literae
490 1768 671 1804 artiorem
694 1767 862 1804 virorum
884 1766 1188 1805 familiaritatem
1211 1768 1323 1805 nobis
1347 1768 1555 1806 ostendunt
1580 1770 1659 1813 (cfr.
1687 1781 1723 1814 p.
1747 1769 1841 1811 815).

184 1823 328 1861 Baroni
362 1823 501 1862 deinde
535 1824 581 1862 de
613 1825 965 1864 Tschernemel
998 1824 1190 1874 Keplerus
1218 1826 1300 1874 jam
1322 1838 1407 1864 cum
1430 1826 1579 1874 Pragac
1602 1830 1703 1864 esset
1724 1829 1840 1863 notus

45 1894 128 1921 esse
161 1883 289 1930 coepit
320 1882 433 1932 (forte
461 1884 543 1931 jam
578 1882 703 1921 Gratii
736 1895 821 1921 curn
854 1882 921 1920 illo
955 1884 1148 1931 convenit,
1181 1885 1211 1921 si
1247 1896 1387 1923 nomen
1420 1884 1523 1932 quod
1551 1890 1599 1930 (p.
1627 1885 1712 1927 686)
1746 1894 1839 1932 pro-

43 1941 116 1979 fert
135 1940 327 1989 Keplerus
361 1963 416 1968 ——
446 1941 634 1979 Tzernem
665 1963 719 1968 —
752 1941 854 1978 idem
886 1946 944 1979 est
977 1953 1061 1979 cum
1094 1944 1247 1980 nomine
1270 1938 1574 1995 Tschernemel),
1609 1954 1724 1991 quam
1746 1953 1841 1990 cog-

44 2000 231 2037 nitionem
272 1999 310 2035 in
353 2005 488 2037 mutua
529 2001 800 2037 aestimatione
850 2001 1017 2048 positam
1058 2000 1182 2039 Lincii
1223 2012 1378 2050 quoque
1419 2012 1495 2038 non
1537 2001 1753 2039 intermisit.
1784 2021 1841 2027 —-

44 2057 197 2095 Deinde
230 2068 275 2095 ex
309 2059 426 2095 variis
458 2058 617 2107 Kepleri
659 2058 770 2096 dietis
813 2057 945 2096 videre
985 2057 1093 2105 licet,
1138 2060 1170 2097 ei
1215 2071 1299 2096 cum
1331 2060 1549 2096 Baronibus
1582 2058 1837 2107 Joergero

44 2112 318 2170 (fragmentum
351 2118 534 2154 orationis
568 2117 736 2154 funebris
770 2117 806 2152 in
831 2115 1124 2165 Wolfgangium
1155 2116 1384 2166 Joergerum
1417 2123 1510 2155 natu
1542 2117 1727 2165 majorem
1756 2117 1837 2165 jam

44 2185 162 2223 supra
188 2177 240 2220 (p.
268 2177 353 2220 ⁴212)
380 2174 542 2212 allatum
573 2176 669 2223 cst),
703 2173 1161 2224 Schallenbergio,
1206 2175 1404 2213 Poltzio
1439 2176 1494 2214 de
1526 2174 1836 2223 Poltzhiigel

45 2233 191 2270 varium
215 2233 408 2271 amicitiae
430 2233 648 2271 interfuisse
670 2245 794 2272 usum.
847 2232 885 2270 H
897 2232 949 2270 oh
963 2245 1013 2270 en
1026 2233 1323 2272 felderianos
1358 2234 1522 2282 denique
1544 2238 1716 2277 noverat,
1751 2245 1837 2270 cum

44 2290 248 2340 Tubingae
280 2292 495 2329 studiorum
529 2303 646 2329 causa
679 2296 825 2338 essent,
869 2303 984 2340 quam
1019 2293 1278 2341 cognitionem
1321 2297 1418 2330 teste
1452 2292 1640 2330 Ludovici
1674 2291 1838 2328 Hoben-

46 2348 179 2386 felderi
211 2349 442 2388 brevissima
476 2349 640 2398 epistola
671 2361 796 2398 usque
829 2348 877 2387 ad
911 2361 1052 2386 annum
1089 2354 1212 2389 1623.
1253 2352 1476 2388 continuam
1507 2351 1691 2388 servavit.
1749 2352 1834 2393 (Cfr.

44 2409 110 2444 vol.
134 2410 215 2446 VII.
243 2422 277 2454 p.
310 2410 397 2451 140.)
459 2407 800 2456 Schallenbergius
824 2407 1036 2456 Keplerum
1069 2408 1161 2446 dicit
1193 2410 1229 2446 in
1263 2408 1428 2457 epistola
1461 2420 1561 2446 anno
1591 2412 1710 2446 1617.
1744 2406 1836 2444 data

47 2464 203 2514 „nobile
236 2469 274 2503 et
306 2464 560 2503 clarissimum
596 2466 776 2504 Austriae
807 2471 962 2504 nostrae
996 2470 1141 2503 astrum
1174 2466 1240 2504 diu
1272 2466 1547 2508 desideratum,
1581 2466 1711 2503 multis
1744 2464 1835 2501 mihi

42 2523 261 2561 nominibus
285 2524 645 2571 commendatum“;
680 2535 782 2562 anno
809 2528 930 2562 1619.
964 2524 1062 2561 idem
1098 2526 1272 2574 scripsit:
1309 2525 1484 2572 „Aestuo
1516 2525 1572 2562 tui
1605 2520 1836 2569 desiderio“,

43 2586 80 2619 et
111 2582 182 2619 sub
214 2580 404 2630 epistolae
436 2584 579 2619 exitum
610 2586 745 2630 rogat:
793 2581 975 2633 „Quaeso
1018 2594 1132 2631 porro
1173 2594 1233 2621 me
1266 2583 1370 2632 quod
1401 2583 1494 2620 facis
1537 2594 1665 2619 amare
1697 2592 1834 2630 perge3

41 2640 121 2677 noli
153 2638 342 2688 indignari
374 2641 487 2688 nugis
519 2642 625 2678 meis
669 2640 760 2678 Rari
793 2645 884 2678 sunt
914 2640 1068 2686 literati,
1103 2652 1189 2678 cum
1222 2642 1362 2689 quibus
1395 2654 1454 2678 mc
1487 2651 1657 2678 recreare
1690 2645 1727 2676 et
1749 2639 1836 2675 ani-

41 2710 144 2735 mum
177 2709 305 2735 meum
338 2697 442 2745 apud
475 2709 572 2746 quos
604 2697 815 2736 diffundere
847 2699 1032 2747 possim.“
1100 2699 1159 2736 Ab
1191 2698 1431 2736 Helmhardo
1464 2698 1652 2746 Joergero
1684 2702 1835 2745 praeter

42 2755 173 2794 literas
200 2759 247 2802 (p.
273 2757 353 2798 794)
388 2754 552 2803 additas,
587 2757 728 2804 quibus
760 2756 972 2805 Keplerum
1006 2757 1192 2803 hortatur,
1226 2762 1268 2794 ut
1301 2756 1519 2806 Superioris
1552 2756 1733 2793 Austriae
1757 2753 1832 2791 Or-

42 2813 195 2851 dinibus
227 2812 353 2850 osticia
386 2812 515 2859 dedat,
548 2814 778 2851 brevissima
811 2825 966 2862 quoque
1000 2818 1126 2851 exstat
1154 2814 1319 2862 epistola
1351 2817 1402 2860 (d.
1427 2817 1586 2851 Viennae
1612 2817 1643 2851 (1.
1674 2816 1726 2851 13.
1746 2815 1833 2851 Dec.

45 2874 160 2917 1618),
188 2872 225 2907 in
258 2882 336 2920 qua
365 2871 468 2908 hunc
503 2872 760 2922 „amicissime
792 2872 958 2909 Domine
994 2871 1181 2920 Keplere“
1226 2872 1437 2920 alloquitur
1469 2871 1681 2920 edocetque
1717 2883 1835 2923 „pro-

43 2934 197 2968 curator
227 2940 335 2966 meus
368 2929 487 2967 habet
518 2931 556 2966 in
589 2929 794 2975 mandatis,
828 2934 869 2966 ut
903 2929 945 2969 C.
978 2929 1145 2967 florenos
1177 2929 1325 2976 solvat,
1358 2942 1381 2966 a
1413 2941 1490 2978 quo
1523 2929 1835 2978 quandocunque

42 2989 101 3024 vis
134 2987 223 3025 illos
254 2991 426 3036 repetere
459 2984 610 3036 potes“,
643 2987 835 3035 simulque
857 2992 980 3035 rogat,
1015 2992 1056 3024 ut
1088 2987 1160 3024 sibi
1184 2989 1400 3024 accuratius
1423 2988 1566 3025 scribat
1589 2987 1635 3025 de
1661 2989 1834 3031 cometis,

43 3047 107 3094 qui
137 3045 213 3083 hoc
243 3056 345 3083 anno
377 3047 644 3094 apparuerint,
686 3049 723 3082 et
765 3044 972 3082 editionem
1015 3044 1139 3086 (haud
1171 3044 1286 3083 dubie
1317 3046 1376 3082 sui
1410 3045 1457 3083 de
1501 3047 1662 3084 cometis
1693 3044 1834 3093 libelli)

42 3115 157 3152 quam
188 3104 353 3141 maxime
384 3108 561 3142 maturet.
616 3103 831 3140 Literarum
862 3103 1048 3151 reliquiae
1071 3116 1093 3139 a
1114 3103 1282 3152 Keplero
1315 3102 1364 3140 ad
1398 3103 1445 3141 H.
1468 3103 1698 3153 Joergerum
1730 3103 1834 3141 haud

43 3161 159 3200 dubie
191 3172 236 3201 eo
258 3166 431 3215 tempore
453 3163 693 3212 scriptarum,
727 3172 804 3210 quo
827 3160 1052 3200 Catholicae
1082 3160 1170 3200 fidei
1193 3161 1432 3201 consessores
1453 3161 1688 3201 Lutheranis
1708 3162 1836 3201 acrius
