2126 3388
225 203 312 249 722
899 199 984 235 Vita
1007 197 1157 234 Joannis
1183 198 1342 244 Kepleri.

225 327 277 363 25
299 322 489 361 Thaleros
520 319 605 357 loco
630 322 682 356 30
705 318 948 366 florenorum,
983 329 1081 367 quos
1113 317 1201 356 inde
1223 330 1246 356 a
1268 319 1465 368 superiore
1497 329 1597 357 anno
1630 318 1872 358 Rebeneccio
1901 319 2017 358 debui

224 387 262 421 et
292 382 342 420 D.
375 378 508 429 Tycho
541 376 748 414 solvendos
781 382 1024 425 susceperat,
1064 376 1157 413 mihi
1198 379 1378 415 remittet.
1441 376 1480 414 Si
1511 378 1677 426 pecunia
1704 377 1811 426 justo
1846 382 2018 428 tempore

222 441 452 484 numeretur,
485 435 691 473 obstrictus
724 446 787 473 ero
820 433 870 472 ad
900 435 1095 472 biennium
1128 439 1317 475 exactum.

363 499 426 533 12.
469 493 697 530 Procurabit
737 493 852 530 etiam
891 492 984 529 mihi
1023 492 1072 530 D.
1106 492 1240 542 Tycho
1283 493 1466 531 salarium
1508 491 1611 542 apud
1652 492 1859 532 Caesarem
1902 505 2017 542 quam

221 555 385 605 primum
416 552 498 589 fieri
528 552 689 600 poterit,
723 550 769 588 de
802 561 878 600 quo
911 551 1113 599 impetrato
1145 555 1182 587 et
1212 550 1382 600 legitime
1413 563 1533 601 penso
1565 552 1769 601 pecuniam
1800 552 1873 601 ipsi
1904 554 2018 590 resti-

221 618 338 660 tuam,
370 622 486 659 quam
520 609 659 658 quovis
691 612 862 657 tempore
895 607 1043 646 dederit
1074 613 1220 646 mutuo.

357 675 545 711 Jessenius
565 675 633 720 (vel
652 674 929 718 Hoffmannusr)
949 675 1122 718 quosdam
1141 675 1447 719 paragraphorum
1465 676 1705 720 posteriorum
1721 675 1883 720 Tychoni
1900 675 2018 720 legen-

222 737 286 770 dos
311 735 545 780 proposuisse
577 733 733 778 videtur3
767 733 832 767 sub
866 733 973 768 finem
1005 733 1081 767 folii
1115 733 1203 768 recti
1235 734 1328 768 enim
1362 734 1508 769 ultimae
1542 734 1693 779 paginae
1725 734 1907 778 adscripta
1935 740 2018 768 sunt

222 794 311 828 haec
336 792 455 833 verba,
481 791 585 836 quasi
612 802 655 825 ex
682 801 743 825 ore
770 791 970 836 Tyclionis:
996 791 1059 825 Ad
1084 802 1196 828 num.
1222 792 1255 827 8.
1285 793 1386 834 „Non
1407 797 1461 827 est
1485 793 1536 826 ita
1554 793 1734 836 suspicax,
1761 803 1826 827 nec
1853 793 2016 828 liberalia

222 851 365 896 ingenia
390 854 464 885 tam
490 850 632 884 servilia
656 850 790 891 reddit,
823 861 903 885 cum
929 855 964 885 et
989 850 1033 885 ab
1059 850 1298 885 illiberalibus
1323 851 1410 886 talia
1436 861 1544 894 saepe
1576 850 1735 894 patiatur
1759 850 1874 894 iisque
1900 850 2015 886 indul-

227 913 309 954 geat
336 919 378 943 ac
402 908 582 953 patienter
606 909 733 942 fei-atf-v

362 967 428 1001 Ad
454 977 561 1001 num.
589 967 620 1002 9.
671 967 746 1008 „De
766 976 806 1000 eo
827 965 1054 1010 dispiciemus
1079 971 1187 1011 prout
1208 978 1361 1012 aequum
1387 967 1507 1003 fuerit.
1549 968 1716 1012 Aequum
1743 972 1862 1003 autem
1890 972 1955 1013 est,
1981 972 2020 1003 ut

228 1024 397 1070 quicquid
424 1024 489 1059 Sub
515 1023 628 1068 ipsius
654 1024 797 1058 nomine
823 1023 952 1068 prodit,
979 1025 1057 1068 ipso
1084 1026 1227 1060 conscio
1253 1024 1317 1060 fiat
1344 1029 1378 1059 et
1410 1026 1646 1070 approbante.
1698 1026 1798 1060 Alias
1824 1036 2021 1071 agnoscere

229 1094 299 1118 non
327 1086 449 1127 potest
475 1086 539 1117 aut
566 1081 776 1125 defendere,
807 1087 842 1118 et
865 1082 967 1116 fieret
991 1083 1042 1116 illi
1068 1083 1166 1118 fraus
1192 1087 1300 1127 atque
1326 1083 1474 1128 injuria,
1502 1094 1521 1118 a
1548 1083 1677 1128 quibus
1703 1095 1845 1129 semper
1870 1084 2017 1120 alienis-

225 1141 335 1176 simus
361 1139 443 1174 fuist

357 1197 420 1232 Ad
446 1209 555 1232 num.
584 1199 637 1233 10.
691 1199 871 1242 „ipsemet
896 1209 975 1233 cum
1001 1200 1154 1234 Domino
1183 1199 1381 1234 Coraducio
1408 1199 1653 1235 commendavi
1679 1205 1715 1236 et
1739 1200 1929 1245 aliquoties
1955 1201 2014 1236 ad-

219 1257 354 1302 monui,
379 1261 419 1291 ut
445 1257 543 1291 illum
569 1256 781 1301 accederem
808 1268 993 1300 nunquam
1019 1257 1163 1292 minimo
1181 1258 1290 1292 verbo
1311 1258 1463 1302 ostendi,
1491 1258 1576 1292 mihi
1595 1259 1773 1303 ingratum
1790 1259 1880 1295 fore.
1922 1258 2015 1294 Nam

221 1327 288 1360 ego
315 1316 359 1350 D.
387 1314 624 1350 Coradueium
650 1314 808 1359 suspicio
835 1319 870 1350 et
895 1316 1048 1360 ipsemet
1071 1316 1107 1349 in
1132 1317 1279 1360 propria
1305 1327 1460 1361 persona
1486 1317 1574 1352 talia
1600 1317 1635 1351 in
1661 1317 1739 1360 ejus
1757 1317 1907 1361 gratiam
1925 1316 2019 1351 face-

220 1385 303 1409 rem.
352 1373 511 1408 Accedat
535 1373 661 1417 igitur,
698 1373 841 1417 quoties
876 1373 1020 1417 petierit
1046 1375 1089 1409 D.
1120 1374 1341 1409 Coraducius
1373 1374 1429 1409 vel
1453 1375 1522 1418 ipsi
1547 1375 1693 1409 libuerit
1718 1374 1887 1419 Keplero.
1939 1374 2017 1418 Quo

220 1433 302 1478 plus
328 1431 417 1467 lucri
448 1436 483 1466 et
515 1431 690 1466 commodi
715 1431 798 1466 inde
824 1431 955 1466 habere
979 1432 1155 1477 potuerit,
1183 1443 1224 1467 eo
1251 1432 1317 1467 sibi
1344 1432 1419 1467 fore
1444 1432 1591 1476 gratius.
1629 1433 1679 1467 Et
1704 1443 1769 1477 ego
1795 1444 1859 1478 pro
1887 1432 2020 1468 viribus

220 1491 476 1536 pi-omoveb0.“

360 1548 422 1583 Ad
453 1559 562 1582 num.
594 1549 649 1582 11.
700 1547 803 1589 „Dixi
830 1558 884 1582 mc
910 1552 1181 1583 numeraturum
1206 1547 1259 1582 illi
1286 1547 1353 1584 200
1384 1546 1541 1583 florenos
1576 1548 1760 1582 annuatim
1796 1546 1846 1582 et'
1866 1547 2016 1591 singulis

222 1608 306 1643 anni
333 1607 594 1651 quadrantibus
620 1606 831 1641 soluturum.
873 1607 952 1641 Hoc
977 1606 1184 1650 praestabo,
1219 1606 1268 1639 Et
1293 1605 1521 1640 inchoabitur
1547 1608 1691 1649 tempus
1718 1616 1738 1639 a
1764 1605 1923 1640 discessu
1943 1605 2019 1649 ejus

222 1677 240 1699 e
268 1665 394 1710 Styx-ia,
423 1665 529 1699 sicuti
556 1665 662 1699 etiam
690 1665 823 1699 addixi.
872 1665 947 1699 Nec
972 1665 1142 1709 pecunia,
1177 1674 1283 1708 quam
1310 1663 1359 1697 illi
1386 1664 1524 1698 interea
1550 1673 1592 1697 ex
1620 1674 1699 1698 inea
1724 1664 1903 1708 concessi,
1931 1663 2017 1698 mihi

222 1725 349 1758 damno
384 1734 463 1758 esse
498 1723 621 1769 debet,
658 1735 737 1757 curn
772 1733 814 1757 ea
845 1722 925 1766 ipsa
959 1722 1003 1756 de
1036 1733 1144 1757 causa
1175 1722 1211 1756 id
1243 1721 1387 1756 fecerim
1423 1722 1560 1765 absque
1596 1732 1727 1765 magno
1763 1720 2016 1756 emolumento.

221 1782 459 1817 Particularia
493 1785 612 1815 tamen
638 1793 709 1815 non
735 1791 900 1825 numero,
936 1791 1027 1824 quae
1054 1791 1074 1815 a
1101 1782 1254 1815 Caesare
1279 1780 1332 1813 illi
1364 1779 1557 1823 impetrare
1584 1784 1757 1823 potuero,
1793 1779 1823 1813 si
1850 1789 2021 1831 sumniam

222 1842 315 1875 hauc
340 1839 524 1874 annuatim
551 1843 788 1884 exsuperant,
824 1839 858 1873 in
886 1839 963 1883 ejus
990 1839 1025 1873 id
1052 1838 1157 1874 cedat
1181 1839 1338 1883 lucrum,
1374 1838 1429 1872 sin
1454 1837 1590 1882 minus,
1624 1848 1742 1872 meum
1768 1837 1808 1871 fit
1834 1837 2018 1872 damnum:

225 1899 351 1933 saltem
378 1898 558 1932 biennium
586 1897 762 1932 addicat.“

361 1955 463 1990 Folio
489 1966 592 1990 verso
619 1955 779 1999 ejusdem
805 1955 959 1999 paginae
985 1955 1165 1999 Keplerus
1191 1955 1342 1989 ulterius
1369 1954 1458 1989 haec
1484 1953 1663 1998 prioribus
1697 1953 1935 1997 paragraphis
1961 1952 2021 1986 ad-

228 2010 332 2045 didit:
381 2010 741 2057 Couditiones,
785 2011 962 2059 quibus
1004 2011 1284 2060 Magnifico
1328 2010 1535 2047 Domino
1590 2009 1819 2059 Tyclioni
1862 2009 2020 2046 Bralic

224 2068 272 2102 in
308 2065 669 2106 Astronomicis
703 2080 897 2117 operam
930 2081 1074 2106 meam
1109 2068 1365 2106 collocare
1398 2079 1605 2116 possum.

370 2131 405 2164 1.
441 2126 633 2175 Quicquid
657 2126 750 2163 mihi
775 2127 820 2163 D.
845 2127 979 2176 Tyclio
1011 2139 1136 2164 rerum
1170 2127 1513 2164 astronomicarum
1545 2124 1799 2172 mandaverit,
1833 2124 1868 2161 id
1893 2124 2022 2173 quoad

222 2194 291 2231 per
322 2184 584 2222 valetudinem
616 2184 767 2222 licuerit
799 2185 915 2234 (quac
948 2184 1040 2221 mihi
1072 2185 1143 2222 sub
1177 2184 1307 2233 aliquo
1341 2184 1513 2233 principe
1547 2183 1686 2219 damno
1717 2193 1793 2220 non
1828 2182 1901 2232 est)
1934 2183 2023 2220 dili-

224 2245 358 2289 genter
399 2242 614 2290 expediam.
687 2242 851 2291 Insuper
889 2254 975 2279 mea
1016 2247 1153 2291 sponte
1193 2244 1229 2278 in
1271 2242 1530 2279 astronomiae
1571 2240 1819 2290 Tyclionieae
1862 2252 2021 2290 scopum

223 2310 374 2348 semper
414 2301 582 2337 intentus
626 2311 689 2337 ero
736 2312 858 2349 coque
901 2300 1162 2338 studiosorum
1200 2301 1320 2349 ipsius
1364 2311 1517 2348 operas,
1557 2310 1625 2335 seu
1663 2299 1822 2337 absente
1867 2310 1911 2336 eo
1953 2311 2021 2336 seu

223 2362 439 2406 praesente,
473 2359 503 2394 si
537 2369 632 2406 opus
666 2363 724 2395 est
756 2359 810 2395 ita
843 2357 1004 2405 dirigam
1035 2357 1286 2407 proponendo
1321 2362 1356 2395 ct
1390 2357 1648 2405 instituendo,
1682 2362 1725 2394 ut
1754 2362 1906 2406 tempus
1938 2358 2020 2395 sine

224 2415 514 2464 impedimento,
552 2417 582 2452 si
616 2415 730 2453 modo
764 2415 894 2463 velint,
932 2417 1028 2453 bene
1061 2415 1250 2453 collocare
1283 2427 1434 2464 semper
1465 2416 1626 2464 possint.

361 2478 398 2511 2.
432 2473 494 2510 Ad
527 2473 818 2511 observationes
852 2484 942 2511 vero
975 2485 1058 2510 sum
1091 2474 1218 2511 hebeti
1252 2475 1351 2520 visu,
1386 2473 1434 2510 ad
1467 2473 1691 2511 mechanica
1723 2474 1857 2522 inepta
1888 2484 2017 2520 manu,

223 2530 272 2569 ad
303 2533 459 2580 negotia
491 2530 701 2569 domestica
733 2537 770 2569 ct
800 2530 959 2580 politica
991 2533 1141 2569 curiosa
1175 2536 1211 2569 et
1243 2531 1434 2569 cholerica
1464 2536 1620 2577 natura,
1661 2530 1708 2569 ad
1741 2532 1923 2568 continue
1956 2542 2020 2568 se-

224 2589 389 2627 dendum
421 2589 661 2639 (praesertim
693 2589 791 2627 ultra
818 2589 966 2638 justum
1000 2594 1034 2627 et
1067 2596 1210 2627 statum
1232 2595 1382 2638 tempus
1416 2589 1630 2637 epularum)
1663 2588 1810 2627 infirmo
1844 2601 2017 2638 corpore,

224 2649 339 2685 etiam
371 2659 455 2685 cum
489 2647 671 2685 valetudo
705 2653 868 2685 constat.
911 2648 1054 2685 Crebro
1087 2648 1178 2685 mibi
1201 2647 1435 2697 surgendum
1469 2653 1506 2685 et
1529 2646 1820 2695 ambulandum,
1854 2647 2019 2685 tenenda

226 2711 406 2743 constans
437 2706 535 2742 ratio
568 2707 750 2754 temporis
783 2705 831 2742 ad
865 2705 1043 2743 diaetam.

366 2768 402 2801 3.
437 2764 565 2812 Atque
598 2775 684 2802 cum
715 2764 836 2801 multa
867 2763 1019 2800 soleant
1051 2763 1216 2801 incidere
1248 2764 1405 2800 fortuita
1427 2764 1686 2801 astronomica
1717 2763 1884 2811 negotia,
1919 2774 2017 2811 quae

228 2831 353 2858 moras
388 2822 575 2870 objiciunt
607 2821 654 2858 ad
687 2833 845 2871 scopum
879 2822 1137 2868 tendentibus,
1171 2822 1217 2861 D.
1240 2822 1375 2871 Tycho
1399 2821 1493 2858 milii
1524 2821 1624 2859 hanc
1654 2821 1869 2858 libertatem
1892 2820 2018 2869 philo-

232 2879 430 2927 sophicam
475 2879 688 2928 indulgebit
728 2885 764 2917 et
795 2891 944 2917 mecum
985 2881 1170 2929 partietur
1202 2879 1325 2917 diem:
1372 2885 1413 2916 ut
1445 2881 1475 2916 si
1507 2879 1636 2928 placet
1677 2878 2020 2916 antemeridianum

233 2941 394 2985 tempus,
428 2948 495 2985 per
527 2936 563 2973 id
597 2949 710 2985 agam
734 2938 915 2987 quicquid
940 2938 1021 2987 ipse
1044 2939 1345 2987 praescripserit,
1379 2939 1550 2975 vicissim
1571 2940 1659 2987 post
1679 2936 1876 2974 meridiem
1897 2948 2021 2974 meum
2076 2929 2079 2940 ¹

235 3003 374 3041 sequar
397 2995 549 3042 genium
574 3000 621 3041 et,
655 3001 697 3032 ut
729 2995 848 3042 soleo,
881 2995 999 3032 libere
1032 2997 1069 3032 in
1092 2997 1262 3033 materiis
1284 2995 1517 3044 Tyclionicis
1541 2995 1736 3033 versabor.
1790 2994 1847 3032 Ac
1867 2999 1909 3032 ut
1929 3005 2022 3032 con-

232 3054 307 3086 stet
337 3050 538 3100 Tyclioni,
573 3064 633 3088 me
666 3055 812 3101 operari
846 3059 925 3090 tum
958 3054 1030 3101 ipsi
1069 3065 1143 3091 non
1176 3053 1288 3101 mibi,
1327 3059 1484 3101 paratus
1516 3064 1602 3100 ero,
1646 3051 1694 3088 ad
1727 3064 1908 3103 vesperas
1940 3052 2022 3091 sin-

229 3106 338 3156 gulas
370 3110 555 3147 rationem
588 3114 804 3148 transactae
838 3111 910 3148 diei
942 3110 1112 3149 reddere.
