2157 3398
304 191 389 240 626
694 191 931 230 Summarium
956 192 1137 230 Historiae
1161 189 1411 229 Astronomiae
1435 189 1558 229 seculo
1583 192 1680 230 XVI.

301 310 498 356 parallaxis
523 310 737 346 mentionem
763 310 899 355 fecerit,
926 321 1006 347 eum
1032 310 1120 346 alias
1145 320 1188 345 ea
1204 310 1350 355 saepius
1376 310 1548 346 inculcet:
1575 309 1740 345 fortassis
1765 308 1859 345 hanc
1883 309 2098 356 hypothesin

303 369 475 404 stabilivit
500 374 692 412 antequam
717 367 950 403 reflexionem
975 368 1184 403 introduxit.

437 427 478 461 V.
506 427 581 461 Fol.
608 427 663 462 05
699 427 764 461 sub
797 426 905 460 finem
937 426 1022 460 dicit
1053 425 1195 470 auctor,
1234 437 1300 471 per
1331 427 1424 462 hane
1461 426 1624 462 lunarem
1654 426 1871 471 hypothesin
1903 427 2096 461 maximum

304 484 570 528 inaequalitatis
597 483 764 527 angulum
791 484 827 518 in
853 486 900 520 0‘
934 488 969 517 et
997 492 1043 524 σο
1075 485 1226 520 evadere
1242 485 1283 519 4⁰
1308 487 1364 522 58‘
1391 488 1468 531 30¹2
1495 487 1530 521 in
1559 486 1787 530 quadraturis
1814 487 1938 531 quinta
1964 486 2096 532 gradus

300 546 403 587 parte
428 542 597 576 minorem
631 552 734 584 quam
763 541 981 587 Ptolemaeo,
1007 542 1192 587 Alphonso
1220 547 1256 577 et
1282 544 1481 589 Copernico
1501 550 1578 589 etc„
1606 545 1743 581 scilicet
1761 546 1801 580 7⁰
1817 545 1885 581 28‘.
1929 545 2095 580 Dubitari

300 604 432 644 potest,
459 598 637 643 quomodo
663 599 732 634 hoc
756 598 834 633 fieri
858 601 985 644 possit.
1029 602 1196 636 Centrum
1216 602 1350 638 Terrae
1369 604 1411 646 A,
1439 614 1483 638 ex
1510 604 1633 647 quoin
1654 606 1701 640 0‘
1726 608 1762 638 et
1783 606 1830 637 00
1862 604 2094 647 eccentricus,

305 657 408 701 cujus
432 657 696 693 semidiameter
715 657 787 699 AF,
815 658 861 692 sit
879 659 954 703 PF;
982 669 1025 693 ex
1052 660 1080 694 F
1107 664 1229 694 centro
1256 662 1301 696 ad
1324 662 1606 705 magnitudinem
1625 661 1813 705 utriusque
1840 661 2097 696 semidiametri

784 716 888 760 primi
914 722 949 750 et
975 717 1125 751 secundi
1150 717 1300 762 epicycli
1326 719 1479 762 (scilicet
1504 720 1592 762 FMJ)
1627 719 1783 764 partium
1810 720 1901 756 8700
1940 720 2094 755 circulus

785 774 987 819 descriptus
1020 776 1084 819 sit,
1119 786 1224 820 quem
1258 781 1382 820 tangat
1407 777 1478 812 AM
1503 778 1539 811 in
1565 777 1619 821 M3
1659 778 1743 822 quia
1779 788 1863 822 ergo
1898 778 2093 812 earundem

782 832 845 866 FA
872 838 926 867 est
946 834 1091 876 100000,
1117 834 1180 868 fiet
1205 834 1356 878 angulus
1375 833 1477 870 ΒΑΜ
1494 836 1533 869 40
1551 836 1617 878 59¹,
1647 836 1744 879 quod
1771 836 1913 879 quidem
1940 836 1985 870 ab
2012 846 2094 870 auc-

780 895 857 924 tore
882 902 1009 935 parum
1036 892 1151 927 abest.
1199 893 1239 926 In
1265 893 1494 937 quadraturis
1522 898 1684 929 centrum
1711 894 1903 929 eccentrici
1930 899 1985 929 est
2009 893 2044 928 in
2063 893 2090 938 I,

780 954 815 984 et
841 949 885 984 sit
912 951 957 985 ad
983 951 1287 986 semidiametrum
1314 953 1363 986 IK
1396 953 1520 997 (priori
1544 953 1608 987 AF
1633 952 1833 996 aequalem)
1865 951 2089 987 eccentricus

777 1008 857 1053 XK,
892 1013 931 1043 ut
956 1010 987 1043 Κ
1014 1011 1059 1044 sit
1084 1015 1258 1054 punctum
1284 1010 1415 1045 Terrae
1440 1011 1659 1055 proximum,
1693 1015 1727 1045 et
1752 1021 1876 1045 rursus
1909 1014 1949 1044 ut
1984 1015 2091 1044 antea

777 1066 842 1099 KL
870 1067 1132 1102 semidiameter
1162 1068 1303 1111 circuli,
1335 1069 1526 1103 maximam
1562 1069 1685 1104 Lunae
1722 1068 1987 1111 elongationem
2012 1077 2033 1100 a
2058 1065 2092 1100 K

777 1130 1071 1170 repraesentans,
1107 1130 1142 1160 et
1175 1125 1271 1161 hunc
1303 1130 1429 1171 tangat
1451 1128 1532 1173 AL,
1564 1132 1604 1162 ut
1629 1127 1726 1162 KAL
1760 1127 1807 1162 sit
1832 1126 2009 1160 maximus
2035 1125 2087 1159 in·

779 1182 1003 1226 aequalitatis
1030 1184 1184 1229 angulus
1209 1185 1245 1218 in
1270 1185 1510 1229 quadraturis.
1560 1186 1608 1220 Et
1633 1185 1802 1230 quoniam
1826 1185 1877 1219 IA
1903 1186 1958 1217 est
1983 1183 2083 1226 4348,

779 1240 935 1284 qualium
962 1241 1013 1275 ΙΚ
1034 1243 1170 1278 mooe
1195 1249 1229 1277 et
1248 1243 1311 1277 ΚΕ
1330 1243 1438 1286 8700,
1465 1253 1549 1286 ergo
1576 1242 1771 1278 earundem
1789 1242 1855 1277 erit
1871 1241 1939 1276 ΑΚ
1958 1241 2083 1285 95652,

779 1302 815 1332 et
838 1297 998 1341 qualium
1024 1299 1090 1333 ΑΚ
1116 1300 1274 1345 100000,
1300 1301 1367 1336 erit
1391 1301 1455 1335 KL
1483 1302 1588 1345 9095,
1617 1306 1652 1336 ct
1679 1301 1723 1335 ob
1750 1301 1786 1335 id
1811 1301 1964 1344 angulus
1989 1299 2089 1334 KAL

300 1364 340 1399 5⁰
368 1362 430 1402 13',
459 1360 553 1405 quod
579 1359 686 1402 longe
713 1355 849 1392 abest.“

435 1418 533 1453 Haec
559 1421 671 1459 erant,
699 1414 743 1449 de
768 1414 899 1459 quibus
924 1415 968 1449 ad
995 1415 1107 1450 Tuam
1135 1416 1339 1451 Claritatem
1366 1415 1592 1451 scribendum
1618 1416 1752 1461 putavi,
1780 1425 1850 1459 quo
1875 1414 2095 1459 intelligeret

299 1490 417 1514 meum
452 1477 688 1518 desiderium,
722 1473 1007 1518 qualemqualem
1042 1474 1208 1508 notitiam
1241 1474 1326 1508 mihi
1361 1473 1592 1518 comparandi
1618 1484 1738 1507 rerum
1764 1472 2096 1507 astronomicarum.

299 1537 431 1571 Saltem
457 1536 525 1569 hoc
550 1533 773 1576 relinquitur,
800 1537 840 1567 ut
866 1533 933 1567 nisi
960 1533 1049 1567 alios
1076 1543 1154 1568 cum
1181 1533 1334 1568 Domino
1355 1532 1541 1567 Praetorio
1561 1543 1581 1567 a
1600 1531 1770 1576 Tychone
1789 1530 1978 1565 dissentire
1995 1530 2095 1574 velis,

298 1604 355 1628 me
382 1597 560 1627 errantem
585 1592 619 1625 in
646 1590 807 1626 veritatis
833 1591 1013 1634 x-iam'pro
1040 1596 1103 1625 tua
1130 1591 1304 1635 singulari
1322 1601 1406 1634 erga
1432 1601 1488 1625 me
1512 1590 1735 1624 humanitate
1760 1588 1925 1624 reducas.
1960 1588 2096 1632 Quodsi

304 1657 367 1686 tua
391 1650 617 1686 institutione
643 1648 713 1683 hoc
737 1648 842 1682 modo
869 1649 920 1683 uti
946 1648 1031 1682 mihi
1057 1648 1199 1693 liceret,
1227 1649 1312 1683 mihi
1339 1648 1478 1692 credas,
1505 1658 1687 1692 nunquam
1714 1647 1822 1691 hujus
1848 1646 2030 1691 beneficii,
2057 1650 2096 1680 ut

305 1716 339 1745 et
361 1710 520 1754 priorum
547 1708 787 1742 immemorem
822 1716 877 1741 me
902 1706 1072 1743 futurum.
1122 1707 1212 1741 Vale
1237 1712 1273 1742 et
1298 1707 1398 1741 salve
1424 1707 1548 1749 etiam,
1586 1705 1792 1740 Clarissime
1819 1709 1853 1738 et
1879 1704 2096 1739 Doctissime

296 1769 368 1811 Vir,
404 1778 448 1802 ex
487 1767 640 1801 Domino
679 1765 864 1800 Praetorio
903 1775 992 1800 meo.
1050 1764 1236 1799 Altdorffii
1273 1775 1318 1800 ex
1354 1766 1505 1800 Musaeo
1544 1775 1624 1800 meo
1663 1764 1719 1799 die
1756 1765 1789 1800 8.
1826 1763 1980 1808 Augusti
2013 1762 2095 1797 novi

299 1826 369 1860 stili
397 1826 498 1861 1606.

434 1883 499 1917 His
524 1881 710 1927 respondit
737 1880 982 1927 Keplerus:

435 1944 679 1982 Amicissime
720 1944 886 1982 Domine
926 1943 977 1980 M.
1021 1942 1176 1981 Odonti.
1240 1943 1319 1981 Etsi
1361 1954 1497 1992 parum
1536 1943 1630 1981 mihi
1672 1946 1848 1991 superest
1892 1943 1984 1992 otii,
2028 1941 2094 1990 qui

299 2013 429 2040 versor
461 2005 498 2039 in
532 2002 700 2040 editione
731 2001 851 2040 libelli
884 2000 930 2039 de
962 2001 1088 2047 stella,
1120 2006 1247 2039 tamen
1280 2007 1317 2039 et
1347 2007 1414 2039 tua
1446 2002 1613 2040 fidelitas
1647 2006 1683 2038 et
1716 2001 1873 2038 Domini
1900 2000 2093 2038 Praetorii

297 2067 493 2110 respectus
538 2065 779 2098 extorserunt
819 2059 911 2097 mihi
952 2071 1200 2107 responsum,
1244 2071 1320 2108 quo
1354 2061 1390 2095 in
1434 2070 1616 2108 praesens
1654 2070 1746 2107 rogo
1791 2059 1960 2096 contenti
1995 2059 2094 2105 sitis,

300 2118 401 2167 quod
435 2122 540 2156 tanto
571 2118 721 2156 facilius
752 2130 775 2155 a
806 2117 974 2154 Domino
1005 2117 1204 2155 Praetorio
1238 2119 1507 2166 impetravero,
1541 2119 1571 2154 si
1606 2117 1808 2165 diligenter
1839 2117 1964 2165 ipsum
1997 2115 2095 2153 edo·
2138 2149 2142 2153 .

298 2179 432 2224 cueris,
465 2188 579 2225 quam
600 2178 649 2213 sit
671 2176 819 2225 Pragae
840 2175 946 2212 nulla
964 2175 1109 2222 schola,
1144 2177 1274 2226 eloh„
1308 2176 1434 2224 qualis
1457 2175 1621 2222 Altorfii,
1654 2174 1722 2212 sed
1744 2180 1931 2223 perpetua
1954 2175 2092 2212 anxie-

299 2241 357 2272 tas
389 2240 425 2272 et
455 2234 694 2282 inquietudo.

435 2292 602 2329 Primum
636 2292 778 2329 oblitus
811 2290 951 2328 videris
983 2291 1163 2338 istorum,
1197 2291 1300 2339 quod
1334 2291 1422 2337 dixi,
1457 2302 1575 2340 saepe
1607 2290 1832 2340 Tychonem
1866 2291 2034 2339 incipere
2067 2302 2090 2326 a

297 2350 420 2400 prima
450 2349 627 2388 Januarii
658 2351 696 2385 in
731 2349 887 2386 meridie
909 2348 1146 2395 Hnennensi,
1180 2361 1257 2397 qua
1289 2351 1325 2385 in
1358 2361 1396 2386 re
1428 2360 1502 2386 non
1536 2350 1727 2387 neminem
1751 2352 1796 2394 (a)
1831 2353 1887 2385 est
1919 2353 2088 2386 secutus.

302 2408 438 2457 Itaque
471 2409 502 2445 si
534 2408 641 2445 detur
671 2407 827 2456 politice
860 2412 1021 2455 tempus,
1052 2408 1158 2444 verbi
1191 2408 1315 2455 gratia
1348 2406 1422 2444 diei
1448 2410 1510 2445 15.
1535 2407 1701 2455 Augusti
1721 2408 1812 2443 anni
1838 2410 1960 2452 1606,
1994 2405 2092 2443 hora

300 2470 337 2504 8.
360 2466 676 2512 antemeridiana,
713 2464 903 2514 completa
935 2471 1108 2513 tempora
1142 2470 1251 2502 crunt
1279 2465 1453 2514 Tychoni
1491 2469 1597 2503 1605
1627 2464 1757 2502 Julius
1787 2464 1820 2504 d.
1857 2468 1920 2502 13.
1949 2464 1987 2501 h.
2026 2467 2092 2503 520.

299 2526 497 2569 (Praetorius
522 2528 713 2569 adscripsit:
740 2527 823 2558 forte
852 2526 918 2569 14.)
946 2525 1003 2569 (b).
1053 2523 1100 2559 Et
1132 2523 1302 2572 epochae
1334 2528 1547 2572 sequuntur
1568 2523 1795 2560 Prutenicas
1828 2521 1986 2560 dimidio
2011 2523 2092 2559 cir-

299 2584 393 2619 citer
425 2581 498 2619 die.

436 2638 632 2685 Secundo,
676 2638 771 2675 nihil
813 2640 916 2687 agis,
961 2649 1187 2686 comparans
1230 2638 1422 2677 calculum
1455 2638 1651 2688 Tychonis
1695 2650 1780 2676 cum
1813 2636 2090 2683 Prutenico(e).

301 2697 413 2735 Certo
446 2699 562 2744 scias,
603 2709 647 2734 ex
677 2696 899 2746 Tychonico
933 2698 1053 2733 veniri
1085 2696 1133 2732 ad
1165 2699 1336 2734 veritatis
1368 2699 1695 2746 propinquitatem
1730 2697 1878 2734 circiter
1912 2699 1933 2734 5
1968 2694 2031 2732 vel
2065 2699 2086 2733 6

301 2757 553 2801 minutorum,
598 2766 682 2791 cum
715 2755 940 2792 Prutenicus
973 2755 1063 2801 (nisi
1095 2753 1225 2801 fallor)
1269 2756 1416 2803 integro
1455 2755 1645 2792 interdum
1686 2754 1810 2803 gradu
1855 2754 2005 2791 aberret
2028 2756 2087 2800 (d).

300 2812 461 2860 Ignosce
495 2825 583 2850 vero
616 2813 720 2859 mihi,
755 2812 857 2861 quod
889 2818 1059 2860 tempore
1091 2813 1267 2850 exclusus
1300 2813 1489 2851 calculum
1522 2814 1590 2850 tibi
1623 2814 1660 2848 in
1693 2811 1879 2860 exemplis
1901 2824 1924 2848 a
1946 2816 1983 2848 te
2013 2823 2088 2861 po-

302 2872 385 2907 sitis
415 2882 490 2907 non
523 2870 754 2908 demonstro.
814 2870 952 2908 Funde
985 2872 1059 2907 ista
1090 2871 1231 2909 subito.

436 2928 559 2964 Venio
593 2928 640 2965 ad
672 2929 909 2976 objectiones
944 2929 1098 2965 Domini
1131 2928 1327 2966 Praetorii.
1390 2929 1520 2966 Prima
1559 2928 1725 2977 objectio
1757 2926 1851 2964 mihi
1883 2938 1969 2964 cum
2001 2926 2087 2964 Do-

301 2985 404 3022 mino
435 2985 631 3022 Praetorio
664 2992 721 3023 est
752 2988 982 3033 communis,
1025 2985 1128 3034 quod
1168 2987 1297 3024 multis
1327 2986 1598 3024 collationibus
1638 2985 1817 3023 literariis
1850 2995 1935 3022 cum
1967 2986 2086 3022 variis

305 3042 584 3080 mathematicis
617 3042 875 3081 demonstrare
908 3056 1077 3092 possum.
1138 3043 1276 3092 Itaque
1298 3045 1363 3081 *sic
1395 3055 1555 3084 censeo:
1597 3045 1628 3081 si
1660 3042 1846 3090 Braheus‚
1881 3054 1956 3091 quo
1990 3047 2090 3080 tem-

300 3111 393 3148 pore
435 3099 586 3137 tabulas
624 3100 775 3138 lunares
806 3103 975 3149 scripsit,
1016 3103 1229 3149 scripsisset
1271 3103 1387 3139 etiam
1426 3107 1549 3139 totum
1581 3112 1693 3138 suum
1726 3100 1884 3148 librum,
1923 3101 2088 3138 sortasse

302 3162 448 3208 partem
479 3159 720 3206 aequationis
751 3160 789 3194 in
821 3159 932 3196 Luna
965 3161 1146 3196 omissam
1179 3160 1371 3197 omisisset
1401 3161 1518 3198 etiam
1549 3161 1587 3196 in
1619 3157 1722 3206 Sole,
1756 3163 1890 3208 utpote
1921 3159 2089 3197 insensi-

442 761 509 793 Γῆς.
531 763 573 788 10.
