2126 3388
858 186 956 224 1595.
1753 185 1834 232 685

39 310 190 357 paratu,
222 306 297 344 nisi
328 303 421 343 rude
453 309 491 343 et
523 304 763 343 dissolutum.
804 305 1068 355 Typographo
1100 305 1201 344 enim
1233 309 1270 342 et
1301 304 1394 342 mihi
1425 316 1500 343 non
1522 305 1621 343 bene
1644 308 1835 344 convenit.

39 363 200 402 Summa
230 375 306 402 non
340 361 506 412 amplius
539 369 597 402 cst
627 375 766 413 operae
798 365 985 412 pretium,
1025 375 1096 401 nec
1128 363 1192 400 ille
1224 364 1320 400 tanti
1350 363 1465 401 faciet
1504 363 1575 401 has
1607 374 1752 413 nugas,
1795 371 1836 402 ut

39 427 243 471 propterea
273 424 471 461 irascatur.
531 419 612 472 (Illi
642 421 803 459 multam
837 430 873 459 et
907 422 1229 460 officiosissimam
1261 421 1410 459 ascribo
1443 421 1642 470 salutem.)
1703 421 1836 460 Pessi-

36 491 141 518 mum
183 480 362 529 equidem
402 491 546 518 morem
590 479 714 517 affinis
746 481 801 517 tui
835 480 951 517 audio
984 480 1176 529 doleoque
1220 480 1343 517 vicem
1383 481 1518 528 optimi
1561 481 1692 529 patris.
1755 480 1834 518 Sed

38 543 169 576 sancte
201 538 363 585 affirmo,
396 550 457 576 me
488 538 584 576 nihil
616 550 785 587 unquam
819 537 865 576 de
899 550 943 576 eo
975 550 1022 577 ne
1054 550 1121 588 per
1152 538 1294 576 famam
1326 538 1481 586 quidem
1513 539 1729 588 accepisse,
1761 541 1836 576 nisi

41 596 318 646 stupiditatem,
343 599 373 634 si
396 598 492 634 bene
515 598 680 635 memini.
714 597 907 634 Fortassis
928 597 1082 645 putabit
1103 596 1294 633 Dominus
1317 608 1437 642 socer,
1460 608 1520 634 me
1542 608 1617 633 non
1640 608 1686 634 ex
1709 599 1833 644 astris,

41 655 108 692 scd
142 667 189 693 ex
219 656 324 693 fama
354 656 520 704 proferre
554 655 650 692 hacc
678 654 838 704 judicia.
900 655 1094 692 Libellum
1127 657 1289 703 petitum
1323 654 1524 703 descripsit
1554 655 1609 694 M.
1643 654 1833 693 Henricus

38 711 226 751 Creberus
250 713 358 763 (olim
380 712 683 762 stipendiarius),
717 715 780 761 qui
815 713 874 750 laic
897 713 1028 751 haeret
1048 724 1212 761 meoque
1235 712 1410 750 conclavi
1438 714 1568 760 utitur,
1602 713 1834 752 obtinendae

37 782 106 819 spe
138 771 368 809 conditionis
401 771 579 820 alicujus.
641 770 760 808 Dedit
792 771 864 808 lroc
894 772 1154 820 praeceptoris
1186 772 1245 807 sui
1278 772 1440 817 meritis,
1484 775 1526 807 ut
1556 782 1666 817 eum,
1699 773 1730 809 si
1764 779 1833 817 est,

37 828 210 867 laborem
242 835 420 868 sumeret.
482 829 690 867 Schemata
722 828 914 877 quaedam
947 840 1019 878 ego
1053 830 1198 866 correxi
1231 835 1297 866 aut
1329 830 1535 866 construxi.
1592 828 1694 877 Quid
1715 831 1836 867 vicis-

39 889 111 923 sim
143 892 285 936 petam,
318 898 394 925 non
428 898 524 936 opus
557 893 614 924 est
646 887 880 935 conjectura.
920 887 1027 924 Tuus
1062 886 1214 924 auditor
1246 898 1331 925 esse
1353 886 1455 926 volo.
1497 885 1538 924 Si
1571 887 1733 925 sortasse
1757 900 1832 926 vox

37 947 208 995 peritura
240 946 422 984 metuitur
443 947 480 982 in
505 951 612 982 tanta
633 945 829 991 distantia,
864 944 1136 982 Emdschochii
1161 957 1296 982 manus
1318 945 1557 982 internuncia
1579 951 1675 983 esto.
1720 944 1834 993 Quod

35 1008 221 1053 superest,
255 1004 433 1042 omnibus
454 1005 549 1041 meis
570 1004 886 1053 praeceptoribus
908 1005 1121 1052 ceterisque
1154 1003 1436 1052 professoribus
1461 1003 1506 1041 V.
1536 1003 1582 1040 V.
1607 1003 1663 1041 Cl.
1686 1003 1831 1042 felicis-

35 1063 173 1099 simum
206 1074 349 1100 annum
379 1073 514 1112 precor
544 1062 827 1111 plurimamque
858 1061 1024 1100 salutem
1056 1062 1271 1110 impertior,
1313 1066 1355 1099 ut
1386 1067 1423 1099 et
1454 1063 1709 1100 suavissimae
1744 1068 1832 1101 tuae

36 1131 321 1218 e‘'muggraetii
350 1182 413 1217 18.
450 1182 486 1217 8.
509 1177 599 1217 dan.
625 1189 686 1216 an.
713 1181 778 1218 95.
1078 1177 1149 1215 Ex.
1182 1177 1226 1215 T.
1279 1176 1531 1215 Gratissimus
1563 1177 1774 1228 discipulus

1352 1234 1407 1273 M.
1439 1236 1508 1276 Jo.
1543 1238 1699 1286 Kepleoa

170 1351 453 1387 Maestlinus
479 1351 666 1396 respondit
693 1350 741 1395 (d.
766 1351 841 1394 ⁴l14.
859 1349 979 1393 Febr.)
1002 1377 1008 1384 .
1029 1377 1037 1384 .
1058 1377 1066 1385 .
1089 1376 1096 1384 .
1139 1349 1321 1384 Habemus
1343 1348 1418 1393 jam
1435 1349 1687 1395 philosophiae
1714 1350 1832 1386 candi-

33 1408 135 1444 datos
160 1410 348 1454 pauciores
376 1410 458 1453 (12),
483 1410 518 1444 in
546 1409 653 1443 exilio
681 1409 774 1443 enim
800 1407 1042 1442 studiosorum
1068 1412 1273 1442 nostrorum
1301 1412 1402 1442 tanta
1420 1408 1523 1452 copia
1540 1419 1611 1443 non
1631 1415 1694 1454 est,
1722 1420 1831 1454 quan-

31 1472 102 1501 tam
136 1467 230 1503 domi
255 1468 517 1502 habuissemus.
570 1468 705 1502 Eorum
740 1476 890 1500 examen
923 1465 968 1500 ad
992 1464 1100 1499 finem
1128 1464 1320 1499 deductum
1351 1470 1422 1509 est,
1458 1470 1570 1501 restat
1596 1472 1634 1502 ut
1659 1468 1831 1512 scriptum

31 1529 259 1570 componant,
287 1525 384 1570 quod
409 1536 473 1569 ego
501 1525 607 1560 hodie
633 1524 687 1567 iiS,
714 1529 887 1568 tanquam
914 1523 1108 1558 decanatus
1136 1523 1254 1557 officio
1280 1521 1443 1567 fungens,
1469 1534 1679 1569 proponam.
1719 1526 1832 1560 Medi-

30 1588 149 1618 tamur
172 1584 258 1619 item
284 1583 327 1618 de
352 1584 470 1619 reditu
496 1583 718 1628 Tubingam,
753 1593 834 1617 nam
866 1592 930 1627 per
955 1581 1105 1625 gratiam
1132 1581 1200 1615 Dei
1230 1580 1326 1615 intra
1352 1582 1370 1616 6
1399 1582 1620 1625 septimanas
1653 1594 1757 1618 nemo
1783 1585 1830 1619 ibi

28 1647 130 1686 peste
155 1647 355 1687 correptus,
382 1642 513 1677 nedum
539 1648 701 1676 mortuus
729 1646 794 1675 est.
846 1641 948 1675 Cives
975 1639 1145 1684 oppidani
1177 1650 1300 1674 omnes
1322 1640 1397 1683 Jam
1422 1651 1519 1676 nunc
1544 1641 1589 1676 ad
1615 1642 1718 1677 sedes
1746 1653 1829 1677 suas

30 1701 162 1736 reversi
199 1706 302 1746 sunt,
335 1701 450 1736 nostri
482 1699 818 1743 Herrenbergenses
856 1698 1080 1743 professores
1119 1697 1163 1731 ad
1198 1697 1290 1732 diem
1315 1698 1440 1732 Lunae
1472 1699 1674 1743 proximum
1706 1700 1831 1735 eodem

29 1758 144 1793 redire
170 1759 310 1803 volunt,
336 1759 470 1794 idcirco
497 1764 533 1794 et
550 1769 615 1794 nos
634 1769 704 1793 non
725 1757 785 1792 diu
807 1757 865 1793 hic
883 1756 1183 1792 commorabimur
1186 1782 1306 1792 .....
1348 1757 1511 1797 Dabitur,
1538 1763 1577 1792 ut
1595 1769 1710 1803 spero,
1739 1770 1830 1793 com-

30 1816 168 1851 modior
185 1817 429 1862 respondendi
447 1817 599 1856 occasio,
626 1817 912 1852 commodissima
930 1815 1034 1859 foret,
1062 1816 1091 1850 si
1109 1820 1147 1850 tu
1165 1815 1242 1859 ipse
1261 1815 1442 1859 (quoniam
1461 1816 1565 1851 nobis
1585 1827 1683 1860 spem
1702 1817 1830 1860 fecisti)

31 1874 100 1910 hoc
126 1872 209 1910 vere
236 1875 281 1910 ad
306 1886 373 1911 nos
399 1877 549 1911 venires.
600 1876 742 1910 Literas
769 1880 850 1910 tuas
875 1874 953 1909 heri
979 1873 1101 1918 accepi
1129 1883 1271 1917 easque,
1298 1873 1508 1917 praesertim
1534 1883 1625 1917 quae
1651 1874 1695 1909 ad
1722 1875 1831 1909 dorni-

31 1944 115 1969 num
141 1944 305 1969 socerum
330 1945 450 1970 meum
476 1934 706 1979 spectabant,
734 1935 765 1969 ei
792 1944 912 1969 coram
937 1933 1027 1977 legi,
1054 1932 1115 1976 qui
1140 1931 1329 1975 plurimam
1356 1930 1508 1965 salutem
1533 1932 1706 1966 nuncians
1728 1932 1831 1976 jubet

31 1991 294 2036 quietissimum
320 2003 411 2028 esse.
461 1993 512 2029 Μ.
538 1992 692 2027 Mullero
717 1996 815 2027 tuam
842 1991 1113 2027 excusationem
1139 1990 1216 2024 heri
1241 1989 1399 2024 indicare
1425 2000 1496 2023 non
1520 1990 1632 2034 potui,
1659 1991 1829 2034 temporis

29 2049 206 2085 brevitate
233 2051 385 2094 aliisque
411 2050 705 2094 occupationibus
733 2050 912 2085 exclusus.
963 2051 1010 2083 At
1035 2060 1107 2083 non
1133 2053 1188 2082 est
1214 2053 1253 2082 ut
1279 2047 1322 2082 de
1349 2047 1426 2091 ejus
1453 2047 1589 2082 offenso
1616 2049 1734 2083 animo
1760 2048 1830 2084 sol-

30 2106 187 2151 liciteris,
215 2112 407 2143 contentus
435 2108 527 2142 enim
551 2107 619 2143 fuit
645 2109 829 2154 superiore
855 2107 1089 2143 excusatione
1116 2111 1189 2149 tua,
1215 2116 1321 2150 quam
1347 2106 1380 2139 ei
1405 2105 1568 2149 exposui.

169 2166 351 2202 Libellum
377 2167 542 2202 Rhaetici
560 2167 808 2203 lubentissime
826 2167 907 2201 vidi.
949 2167 984 2200 Is
1011 2170 1107 2201 certe
1132 2165 1200 2198 hac
1226 2167 1330 2198 nocte
1357 2163 1442 2197 mihi
1467 2163 1604 2207 aliquot
1622 2164 1730 2200 horas
1748 2165 1829 2200 ade·

32 2224 106 2258 mit.
156 2224 271 2260 Video
297 2230 432 2270 autem,
466 2236 546 2260 eum
572 2226 620 2260 ibi
644 2224 904 2269 triangulorum
929 2223 1213 2265 rectilineorum‚
1247 2221 1321 2255 sive
1347 2226 1386 2254 ut
1411 2221 1488 2264 ipse
1512 2226 1615 2255 vocat
1639 2222 1830 2265 triquetro-

34 2291 111 2316 rum
140 2281 340 2317 doctrinam
363 2288 529 2329 tractare,
557 2284 600 2318 de
618 2283 823 2328 sphaericis
849 2281 937 2317 nihil
954 2281 1064 2316 habet
1090 2286 1125 2315 et
1150 2279 1276 2314 nititur
1295 2278 1439 2312 Canone
1457 2278 1725 2323 triangulorum,
1752 2290 1773 2314 a
1791 2290 1829 2315 se

30 2338 113 2373 olim
139 2340 244 2376 edito.
293 2341 426 2376 Verum
444 2352 517 2376 non
536 2340 658 2376 dubito
685 2341 769 2384 quin
796 2339 937 2374 libellus
963 2339 993 2374 is
1020 2339 1066 2373 sit
1087 2338 1162 2383 jam
1188 2338 1271 2372 olim
1298 2338 1341 2372 ab
1367 2339 1446 2382 ipso
1466 2339 1703 2384 conscriptus,
1731 2345 1828 2375 ante-

32 2407 137 2440 quam
164 2409 257 2442 quae
281 2399 458 2443 penitiora
482 2399 592 2442 hujus
611 2398 782 2433 scientiae
800 2402 883 2432 sunt
901 2397 1044 2441 plenius
1063 2402 1311 2441 perscrutatus
1329 2397 1457 2440 fuerat,
1485 2407 1550 2431 nec
1569 2397 1714 2432 dubium
1734 2398 1828 2442 apud

31 2465 87 2490 me
113 2461 168 2490 est
194 2457 278 2501 quin
304 2458 566 2502 posterioribus
591 2457 813 2501 temporibus
839 2455 937 2491 haud
962 2466 1079 2500 pauca
1103 2455 1187 2490 huic
1212 2454 1382 2490 scientiae
1408 2455 1581 2498 adjecerit
1603 2456 1758 2490 inventa.

169 2517 217 2550 At
242 2516 338 2560 quod
364 2517 506 2561 scribis,
533 2522 568 2551 te
593 2526 710 2550 meum
736 2514 936 2548 auditorem
961 2523 1041 2548 esse
1066 2513 1157 2548 velle
1183 2519 1268 2558 etc.‚
1301 2514 1337 2548 id
1371 2514 1520 2548 obscero
1547 2513 1715 2548 disertius
1741 2514 1825 2548 mihi

31 2571 202 2617 explices,
227 2573 349 2608 Davus
375 2574 467 2608 enim
493 2584 581 2608 sum.
624 2573 757 2607 Verum
776 2572 868 2606 enim
887 2581 970 2606 vero
996 2571 1169 2615 temporis
1195 2572 1359 2615 augustia
1379 2577 1414 2606 et
1432 2571 1608 2607 tabellarii
1634 2571 1827 2615 festinatio,

33 2630 93 2673 qui
118 2641 191 2665 non
215 2636 314 2665 recta
340 2631 386 2666 ad
410 2637 447 2666 te
471 2632 603 2676 redire,
640 2632 703 2667 sed
730 2631 962 2675 Argentinam
997 2636 1032 2665 et
1057 2630 1178 2666 nescio
1212 2640 1283 2674 quo
1310 2630 1378 2664 alio
1404 2630 1630 2675 profecturus
1662 2635 1733 2673 cst,
1769 2640 1825 2663 me

32 2693 147 2733 urget,
173 2694 213 2723 ut
237 2689 343 2734 plura
369 2689 525 2724 scribere
556 2700 628 2724 uon
658 2689 805 2734 possim.
855 2689 935 2723 Tibi
970 2699 1053 2723 vero
1087 2694 1122 2724 et
1147 2688 1195 2722 M.
1224 2687 1377 2722 Crebero
1415 2697 1479 2731 pro
1511 2687 1684 2730 praestita
1717 2697 1827 2731 opera

33 2747 142 2792 hujus
169 2747 281 2782 libelli
307 2749 482 2783 maximas
507 2758 574 2792 ago
600 2748 744 2791 gratias.
797 2747 899 2782 Dabo
926 2757 1088 2792 operam,
1114 2751 1153 2780 ut
1177 2745 1332 2780 fideliter
1357 2754 1411 2778 me
1438 2755 1690 2788 compensasse
1716 2744 1825 2780 dicas.

32 2804 139 2840 Hisce
164 2805 243 2841 vale
268 2806 410 2850 optime.
439 2826 480 2831 —

171 2864 229 2899 Ad
260 2865 349 2900 haec
375 2863 615 2908 Keplerus:
654 2865 692 2903 S.
716 2865 758 2902 P.
781 2865 830 2903 D.
855 2866 1004 2904 Literas
1025 2871 1124 2913 tuas,
1149 2865 1370 2903 Clarissime
1393 2865 1557 2901 Domine
1578 2864 1823 2914 Praeceptor,

35 2923 72 2957 4.
104 2919 199 2960 Feb.
232 2922 406 2970 scriptas,
441 2924 477 2959 4.
512 2924 576 2959 14.
602 2922 744 2972 Aprilis
776 2925 908 2972 accepi
940 2930 977 2961 et
1009 2923 1058 2961 ad
1090 2935 1156 2961 eas
1186 2934 1255 2972 per
1277 2922 1601 2960 Emdschochium
1631 2923 1823 2972 respondi,

34 2983 238 3027 propterea
269 2979 373 3028 quod
404 2978 685 3019 humanitatem
716 2986 822 3018 tuam
854 2983 1054 3020 intricatae
1095 2992 1204 3018 meae
1242 2991 1379 3018 manus
1416 2979 1582 3018 lectione
1620 2979 1825 3019 liberatam

33 3035 212 3074 volebam
245 3037 425 3086 quodque
469 3036 564 3073 nihil
604 3045 704 3088 erat,
747 3039 850 3088 quod
888 3038 1090 3077 tacendum
1124 3042 1237 3077 esset.
1298 3038 1397 3076 Nam
1427 3049 1528 3088 quae
1560 3043 1597 3077 et
1628 3039 1710 3087 jam
1742 3045 1821 3077 tum

33 3092 96 3131 hic
127 3096 378 3143 gerebantur,
423 3099 461 3132 et
498 3094 684 3135 hactenus
725 3097 837 3147 plura
880 3097 1118 3144 acciderunt,
1161 3108 1262 3146 quae
1292 3098 1544 3135 mutationem
1585 3102 1706 3135 status
1747 3099 1822 3136 mei

35 3157 222 3204 spectant,
255 3154 396 3205 quibus
426 3153 543 3193 etiam
575 3155 824 3207 expediendis
856 3160 922 3195 tuo
952 3155 1046 3194 mihi
1078 3155 1239 3194 consilio
1273 3166 1370 3205 opus
1402 3159 1460 3194 est
1471 3183 1481 3204 ,
1513 3154 1580 3193 illa
1612 3157 1740 3194 omnia
1770 3156 1819 3199 D,
