2126 3388
600 177 656 213 De
678 177 805 214 amicis
829 181 867 214 et
892 177 1093 217 fautoribus
1119 181 1277 226 Kepleri.
1762 182 1847 228 967

49 297 194 335 mercio
225 298 257 334 si
290 297 402 336 nobis
433 296 567 336 licebit
597 297 644 336 de
676 298 770 348 ipsis
803 298 1004 347 conjicere,
1037 299 1134 338 haec
1166 300 1399 350 Berneggeri
1432 303 1602 339 amicitia
1634 302 1844 351 cumulata,

47 357 170 393 omnis
202 357 263 393 sui
296 357 438 394 amoris
470 358 613 404 nescia,
646 358 805 394 summis
836 359 977 394 nostris
1008 358 1191 396 laudibus
1223 359 1341 408 digna
1373 366 1442 398 est.
1503 360 1575 398 Ille
1608 362 1708 398 enim
1735 361 1843 412 Kep-

44 413 165 452 lerum
187 425 262 452 nou
286 425 331 452 eo
354 426 447 452 saue
471 415 599 452 animo
621 414 784 463 adjuvit,
818 419 859 451 ut
892 415 1036 452 homini
1069 417 1350 465 gratificaretur
1373 424 1409 454 et
1430 420 1672 468 imperatoris
1694 431 1843 457 summo

45 472 178 510 favore
221 477 258 510 et
298 472 508 510 doctissimi
554 474 623 509 viri
661 474 816 511 nomine
856 480 1060 521 exornato,
1108 475 1176 513 sed
1216 476 1311 513 haec
1350 481 1432 513 erat
1468 478 1604 514 intima
1645 479 1762 514 animi
1806 484 1844 516 et

49 530 231 568 veluntas
264 535 302 568 et
331 532 545 576 sententia,
589 542 629 568 se
662 533 864 569 artissimis
896 532 1170 570 familiaritatis
1204 533 1366 571 vinculis
1399 546 1484 571 cum
1518 536 1599 573 viro
1632 546 1716 573 esse
1749 547 1844 574 eon-

38 589 236 637 junctum,
279 590 368 637 qui,
407 590 438 625 si
470 601 530 626 res
564 594 601 626 et
631 591 843 627 necessitas
875 591 1106 639 postularet,
1151 591 1286 628 eadem
1325 593 1582 641 promtissime
1614 598 1840 643 praestaret,

43 659 84 684 se
115 648 198 684 viro
232 649 269 683 in
300 647 414 698 rebus
446 646 728 684 molestissimis
761 647 909 694 adesse,
943 649 1053 697 cujus
1084 650 1279 698 ingenium
1312 655 1350 687 et
1380 652 1531 688 animus
1563 651 1678 689 altius
1709 664 1842 690 assur-

41 706 220 750 rexisset,
263 717 378 753 quam
410 706 476 753 qui
510 706 629 742 vitam
662 705 928 753 quotidianam
967 708 1064 744 satis
1104 707 1347 756 intelligeret.
1410 708 1545 757 Neque
1587 710 1712 747 minus
1755 712 1840 760 ipsa

43 762 202 813 Kepleri
230 762 475 812 jucunditate
509 768 644 812 captus
676 763 947 801 lubentissime
980 766 1108 802 animo
1142 766 1225 813 ejus
1258 766 1436 803 omnibus
1459 767 1658 816 respondit
1681 770 1836 818 optatiS.

181 820 339 870 Kepleri
372 820 562 869 epistolae
595 821 643 858 ab
676 831 777 858 anno
815 826 921 860 1613
956 834 1079 871 usque
1111 823 1159 860 ad
1192 835 1227 860 a.
1265 827 1373 862 1615
1414 825 1579 874 scriptae
1612 825 1839 876 plerumque

45 879 298 917 brevissimae
329 880 482 916 nonnisi
516 878 698 917 derebus
721 880 897 928 privatis,
933 880 978 918 de
1011 880 1170 918 edendis
1201 881 1309 919 libris
1342 881 1507 930 aliisque
1531 888 1670 932 agunt3
1703 889 1838 933 poste-

40 938 150 974 rioris
192 943 322 975 autem
364 939 546 986 temporis
588 937 777 986 epistolae
822 943 859 975 et
904 939 1011 987 ipsae
1052 939 1257 988 ampliores
1303 945 1393 977 sunt
1433 946 1470 977 et
1507 940 1666 990 Kepleri
1706 954 1837 980 veram

41 1000 217 1034 naturam
249 1000 287 1033 et
317 997 486 1032 animum
519 995 631 1032 nobis
673 995 871 1044 detegunt.
933 997 992 1034 De
1025 998 1343 1045 Argentoratensi
1385 998 1561 1036 studioso
1595 999 1838 1049 Gringal-

43 1054 152 1091 leto
185 1065 328 1102 agens,
361 1065 474 1102 quem
507 1055 748 1102 negotiorum
782 1054 902 1092 vellet
934 1055 1170 1103 adjutorem,
1204 1058 1443 1104 apertissime
1475 1058 1606 1095 scribit
1636 1063 1673 1095 et
1705 1059 1832 1107 qualis

40 1112 227 1150 Linciana
257 1111 392 1150 schola
423 1117 544 1158 esset,
578 1119 615 1149 et
647 1111 841 1160 quomodo
874 1114 956 1162 ipse
988 1113 1037 1150 ad
1070 1113 1172 1151 illius
1211 1114 1315 1151 urbis
1354 1114 1559 1164 theologos
1591 1127 1631 1153 se
1675 1116 1836 1155 haberet

44 1169 208 1217 (7„sudes
240 1182 324 1207 sum
356 1171 394 1206 in
427 1170 549 1208 oculis
582 1170 775 1219 theologis
814 1171 929 1219 hujus
963 1172 1135 1219 urbis“),
1177 1183 1224 1209 ne
1262 1172 1445 1220 juvenem
1489 1173 1536 1211 ad
1582 1186 1704 1212 vanas
1746 1187 1835 1224 spes

42 1230 243 1275 excitaret,
278 1229 392 1265 nudis
427 1229 553 1266 verbis
576 1228 817 1267 conditiones
849 1241 938 1267 suas
961 1230 1071 1267 affert
1092 1230 1308 1282 (‚,mensam
1331 1231 1491 1269 habebit
1523 1232 1683 1270 eandem
1717 1245 1832 1281 quam

39 1298 111 1335 ego
133 1286 454 1335 philosophicam,
478 1288 680 1336 pecuniam
703 1287 841 1325 addam
862 1288 910 1325 ad
935 1294 1082 1325 vestem
1113 1290 1418 1337 neccssariam“)
1452 1294 1488 1328 et
1510 1296 1639 1339 aperte
1671 1292 1832 1340 exiguas

38 1357 129 1382 suas
161 1356 222 1382 res
253 1346 446 1394 proponit.
480 1345 695 1395 („Deseror
726 1358 748 1382 a
772 1345 1014 1384 Caesarianis
1047 1346 1128 1384 fisci
1161 1349 1485 1396 procuratoribus,
1517 1360 1594 1386 non
1630 1348 1834 1387 solvuntur

36 1403 186 1452 reliqua
216 1415 322 1450 mea,
357 1403 508 1441 videtur
531 1404 800 1441 Astronomiae
821 1406 932 1442 matri
953 1405 1161 1454 petendum
1183 1405 1399 1443 subsidium
1431 1406 1478 1444 ab
1511 1406 1723 1456 astrologia
1753 1407 1833 1445 filia

38 1461 342 1505 meretricula“).
405 1460 529 1499 Simul
561 1466 690 1499 autem
724 1473 799 1499 non
840 1464 922 1500 sine
955 1463 1086 1511 aliquo
1119 1465 1256 1513 spiritu
1288 1463 1415 1511 addit,
1460 1466 1605 1513 priores
1636 1476 1729 1503 suos
1760 1465 1834 1503 ad-

39 1521 234 1557 ministros
265 1522 303 1556 in
337 1520 456 1558 variis
488 1519 697 1558 academiis
730 1520 778 1558 ad
805 1520 993 1559 honorata
1015 1523 1229 1560 ministeria
1253 1534 1337 1561 esse
1359 1522 1581 1572 productos
1604 1545 1659 1550 ——
1683 1523 1832 1572 Anglus

38 1578 103 1616 ille
136 1577 373 1616 clarissimus
403 1577 661 1616 Henrieus
694 1579 922 1626 Wotton,
965 1581 1028 1629 qui
1063 1581 1163 1618 circa
1204 1592 1347 1618 aunum
1385 1585 1491 1619 1620
1524 1581 1645 1630 legati
1675 1583 1833 1620 nomine

41 1636 281 1685 aliquantum
314 1638 497 1685 temporis
530 1637 567 1672 in
590 1635 800 1675 Germania
831 1643 1008 1676 versatus
1031 1644 1100 1685 est,
1134 1639 1304 1688 Keplero
1336 1644 1379 1676 ut
1411 1640 1446 1675 in
1472 1639 1652 1689 Angliam
1685 1642 1834 1678 veniret

37 1695 270 1744 persuadere
302 1695 461 1733 studuit.
524 1694 650 1743 Quam
683 1697 806 1744 ipsam
838 1708 915 1733 rem
950 1702 987 1734 et
1020 1708 1086 1736 eur
1117 1698 1218 1735 hanc
1250 1697 1451 1735 honestam
1483 1699 1726 1737 vocatiouem
1759 1698 1833 1735 ab-

37 1755 176 1796 nuerit,
209 1752 269 1790 his
301 1754 431 1791 verbis
464 1755 588 1791 amico
621 1755 794 1803 scripsit:
830 1754 953 1806 „Mihi
986 1755 1083 1793 haee
1115 1756 1237 1794 altera
1270 1768 1356 1793 mea
1387 1758 1511 1805 patria
1541 1756 1729 1805 (Austria)
1764 1756 1833 1794 de-

37 1811 200 1850 serenda
231 1823 307 1848 non
341 1817 397 1849 est
430 1811 547 1858 ultro,
589 1813 663 1848 nisi
707 1812 821 1850 velim
862 1815 1034 1861 ingratus
1067 1814 1221 1860 haberi,
1265 1820 1333 1851 aut
1372 1815 1446 1851 nisi
1479 1815 1682 1863 ingratior,
1728 1813 1833 1863 quod

39 1869 183 1907 diutius
215 1871 308 1918 ipsis
342 1871 446 1907 oneri
478 1881 561 1908 esse
592 1881 730 1919 perge,
776 1870 822 1908 de
863 1883 938 1920 quo
980 1872 1146 1910 viderint
1185 1873 1298 1921 ipsi.“
1363 1872 1513 1920 Quibus
1546 1873 1674 1909 verbis
1707 1871 1833 1910 dicere

43 1927 127 1965 vult
159 1927 419 1966 dissensiones
452 1928 538 1965 illas
572 1933 609 1966 et
642 1929 868 1966 vexationes
902 1929 948 1967 de
979 1931 1094 1968 rebus
1126 1933 1245 1969 sacris
1277 1932 1314 1967 in
1349 1931 1506 1968 Austria
1527 1930 1732 1979 Superiore
1766 1930 1833 1968 ille

42 1992 214 2035 tempore
248 1991 398 2024 coortas
437 1992 475 2024 et
506 1988 677 2024 omnium
719 1989 1015 2036 magistratuum
1055 1990 1103 2026 ab
1140 1988 1401 2040 „Ordinibus“
1436 1990 1696 2026 institutorum
1730 1988 1832 2026 diffi-

37 2045 201 2082 cultates
243 2049 280 2082 et
310 2056 371 2082 res
410 2050 607 2094 angustas.
668 2045 813 2083 Postea
851 2058 1005 2095 quoque
1049 2046 1098 2084 ad
1141 2047 1301 2085 eandem
1343 2059 1422 2084 rem
1465 2046 1596 2092 rediit,
1641 2046 1831 2085 scribens:

39 2102 238 2147 „Alterius
268 2104 416 2151 patriae
449 2103 589 2141 collum
622 2103 772 2152 laqueis
805 2104 981 2142 indutum
1014 2105 1234 2143 dominatus
1277 2106 1405 2143 acerbi
1438 2104 1644 2154 periclitari
1678 2104 1830 2142 videtur

37 2166 225 2207 extreme,
271 2163 425 2210 coitque
459 2167 496 2198 et
527 2163 802 2210 constringitur
833 2162 980 2210 nodus,
1023 2165 1088 2212 qui
1121 2164 1213 2201 mihi
1246 2163 1398 2201 videtur
1437 2174 1482 2201 eo
1513 2162 1677 2201 reditum
1708 2164 1828 2200 inter-

38 2218 204 2257 cludere.
265 2219 347 2257 Etsi
380 2220 534 2268 quidem
576 2219 746 2257 nondum
779 2232 851 2269 ego
883 2232 1008 2269 neque
1048 2221 1270 2271 desperavi,
1310 2233 1436 2270 neque
1477 2222 1576 2259 cessi
1615 2222 1828 2270 proposito,

37 2277 361 2315 demonstrandae
393 2290 501 2316 meae
534 2278 779 2326 gratitudinis
811 2279 1126 2328 inserviendique
1152 2280 1381 2318 Proceribus
1409 2280 1489 2328 jam
1520 2279 1828 2328 periclitantibus

37 2337 69 2372 si
101 2341 256 2384 potero,
297 2347 423 2384 neque
454 2336 510 2372 illi
541 2337 723 2374 nuncium
756 2338 981 2375 remiserint.
1047 2338 1098 2375 At
1130 2339 1221 2387 quia
1251 2338 1324 2375 hoc
1363 2336 1666 2387 exspectandum
1697 2342 1825 2374 tamen

37 2399 94 2431 est
126 2394 230 2440 mihi,
264 2405 366 2431 nunc
398 2396 514 2443 igitur
546 2400 699 2444 tempus
732 2400 800 2441 est,
835 2398 969 2442 amice,
1001 2401 1043 2433 ut
1075 2408 1206 2434 omnes
1229 2396 1541 2445 benevolentiae,
1573 2407 1704 2433 omnes
1735 2406 1830 2433 con-

37 2452 115 2489 silii
149 2454 281 2501 copias
313 2452 484 2491 advoces
517 2452 565 2490 ad
599 2452 692 2490 mihi
724 2453 1031 2491 subveniendum
1065 2455 1101 2490 in
1134 2454 1334 2492 formando
1377 2455 1588 2504 proposito.
1644 2453 1827 2502 Flagrare

38 2509 148 2548 vides
180 2510 399 2548 incendium
433 2510 525 2548 belli
557 2511 683 2548 civilis
714 2513 751 2547 in
786 2510 1017 2556 Germania,
1052 2513 1204 2550 vincere
1238 2524 1316 2559 coe,
1350 2525 1373 2549 a
1405 2524 1565 2561 quorum
1598 2516 1675 2549 stat
1705 2513 1828 2560 parti-

38 2569 108 2606 bus
141 2567 258 2606 decus
290 2570 452 2617 imperii,
487 2570 624 2618 corripi
656 2570 843 2618 proxima,
876 2572 1041 2619 grassari
1075 2570 1281 2609 flammam.
1327 2571 1386 2607 An
1418 2572 1536 2619 igitur
1568 2581 1670 2607 mare
1704 2574 1830 2606 trans-

38 2627 122 2673 ibo,
155 2637 232 2674 quo
265 2638 325 2664 me
359 2633 473 2664 vocat
504 2627 729 2665 VVotonus‘?
791 2628 874 2676 Ego
909 2627 1157 2666 Germanus?
1211 2629 1453 2666 Continentis
1485 2639 1640 2673 amans,
1678 2626 1829 2665 insulae

38 2686 238 2733 angustias
271 2684 459 2722 horrens?
502 2684 765 2723 Periculorum
788 2686 872 2734 ejus
895 2686 1139 2735 praesagus?
1182 2685 1416 2724 Uxoreulam
1439 2686 1592 2723 trahens
1615 2690 1651 2723 et
1673 2696 1830 2734 gregem

38 2741 302 2780 liberor·um‘?“
331 2764 380 2768 -
406 2742 465 2779 De
496 2743 630 2780 itinere
661 2744 794 2780 matris
826 2755 944 2780 eausa
974 2745 1012 2780 in
1046 2744 1413 2791 Wiirttembergiam
1446 2744 1548 2781 facto
1581 2743 1676 2781 haec
1709 2743 1832 2780 obiter

40 2802 211 2850 scripsit:
249 2801 426 2849 „interim
458 2799 551 2836 mihi
582 2800 832 2839 lamentabile
864 2803 934 2838 iter
965 2802 1002 2837 in
1025 2802 1362 2850 Wirtembergiam
1395 2801 1604 2848 incumbit3
1638 2800 1684 2839 de
1712 2812 1831 2839 eausa

39 2860 188 2897 itineris
231 2857 451 2896 adhucdum
484 2857 750 2906 Gringalletus
782 2860 924 2904 nescit,
965 2861 1113 2896 utinam
1151 2871 1199 2896 ne
1242 2859 1333 2907 quid
1373 2861 1554 2897 resciscat
1597 2861 1634 2895 in
1666 2860 1830 2896 transitu

43 2917 380 2965 Wirtembergiae.
444 2915 533 2953 Tibi
567 2916 712 2964 aliquid
745 2917 934 2965 aperiam:
979 2928 1024 2954 eo
1059 2919 1200 2963 visum,
1235 2916 1428 2964 quodnam
1460 2917 1599 2954 faciam
1633 2916 1831 2954 exordium

41 2976 146 3012 vitae
178 2987 286 3013 meae
319 2973 616 3020 describendae,
650 2973 753 3022 quod
787 2981 827 3011 tu
859 2986 882 3011 a
913 2986 972 3012 me
1004 2976 1154 3023 petisti,
1199 2975 1302 3022 quod
1333 2987 1387 3012 sc.
1419 2974 1577 3023 dignum
1609 2976 1831 3024 cognitione

41 3033 237 3071 hominum
269 3033 363 3070 mihi
396 3043 487 3070 vero
520 3031 774 3069 honorificum
795 3033 970 3080 meisque
993 3033 1126 3070 amicis
1144 3032 1358 3081 jucundum
1383 3032 1518 3070 auditu
1538 3034 1588 3070 sit
1619 3033 1827 3070 futurum.“

42 3091 306 3140 Berneggero,
339 3092 406 3140 qui
436 3091 577 3127 nuncio
611 3089 657 3128 de
689 3089 847 3139 Kepleri
881 3091 1012 3128 matris
1045 3102 1163 3128 eausa
1194 3091 1349 3128 aliunde
1381 3090 1501 3128 allato
1533 3089 1678 3141 (1621)
1719 3091 1831 3141 Kep-

41 3148 162 3187 lerum
193 3149 410 3197 invitasset,
444 3153 486 3186 ut
509 3148 758 3197 Argentorati
787 3159 882 3186 suae
915 3147 1018 3186 domi
1039 3149 1181 3198 hospes
1204 3154 1337 3197 essset,
1370 3149 1471 3200 idem
1494 3149 1692 3198 respondit
1711 3148 1828 3201 haecg
