2177 3408
488 171 724 208 summarium
749 169 928 207 Historiae
952 169 1201 207 Astronomiae
1227 169 1348 206 seculo
1374 170 1470 207 XVI.
1790 172 1872 217 633

82 297 257 347 epicycli,
290 301 328 334 et
358 300 558 334 transeunt
588 297 626 332 in
659 295 934 341 consequentia
965 292 1295 339 restituunturque
1327 292 1398 330 sub
1430 292 1514 330 fixis
1547 295 1657 332 annis
1690 295 1765 349 δὲ,
1796 299 1872 335 1111-

81 358 182 394 nime
220 355 314 399 181.
376 355 471 392 Cum
504 365 603 391 anno
635 353 708 391 hoc
735 356 839 390 1607
876 351 1026 388 Lunam
1058 350 1163 387 videt
1185 361 1412 398 apogaeam,
1446 354 1597 399 quoties
1630 355 1667 390 in
1701 355 1872 394 Leonem

81 416 198 459 venit,
231 402 331 451 anno
367 417 474 451 1608
501 424 724 462 apogaeam,
758 411 910 459 quoties
942 410 979 446 in
1003 408 1210 456 Virginem,
1244 419 1318 445 non
1352 409 1553 447 dicendum
1587 418 1656 458 est,
1689 416 1871 453 transisse

83 473 231 510 Lunam
263 484 286 509 a
318 472 448 509 Leone
480 473 517 508 in
549 471 759 519 Virginem.
800 467 996 506 Revolvat
1029 466 1303 516 ephemerides,
1338 467 1483 504 videbit
1505 481 1651 507 rursum
1679 473 1716 508 in
1742 473 1871 511 Leone

80 531 160 569 fieri
192 542 419 579 apogaeam.
480 530 634 567 Novum
665 528 863 565 Praetorio
897 526 1039 564 dixisse
1072 524 1217 573 videor,
1249 526 1342 574 quia
1372 537 1448 562 non
1481 529 1628 566 invenit
1660 530 1696 567 in
1729 531 1871 569 Prute-

82 591 179 628 nicis
210 589 363 627 titulum
396 588 442 626 de
474 593 579 625 motu
612 587 777 636 apogaei
808 585 954 623 Lunae.

217 656 272 689 Ad
291 669 325 691 u.
351 655 641 690 Praetorius:
664 652 912 687 Astronomiae
931 655 1095 685 auctores
1112 655 1295 695 putarunt,
1314 662 1477 687 verorum
1494 659 1651 689 motuum
1671 655 1871 700 apprehen-

79 714 213 748 sionem
234 713 311 747 fieri
329 723 399 747 non
417 723 524 756 posse
542 713 608 747 nisi
626 712 753 747 effictis
772 711 896 746 mediis
915 710 1071 745 motibus
1091 710 1143 753 (hi
1163 710 1254 743 enim
1273 710 1471 755 imaginarii
1490 714 1602 755 sunt);
1622 714 1747 747 mirum
1765 714 1874 757 igitur

81 766 238 810 videtur,
273 766 302 800 si
328 765 401 798 veri
435 770 552 800 motus
583 776 647 809 per
672 775 772 799 veros
799 765 940 808 (ignota
971 774 1036 807 per
1067 763 1206 806 ignota]
1239 763 1369 807 inquiri
1403 764 1542 798 debent.
1601 764 1872 812 Keplerus:

83 823 223 860 Mirum
257 826 293 859 et
325 822 399 858 hoc
431 826 512 859 erat
542 822 590 859 ab
623 822 732 858 initio
765 826 802 858 et
834 820 948 858 valde
980 819 1188 857 absurdum
1220 819 1407 857 Praetorii
1448 821 1636 858 similibus
1668 822 1876 860 oblocuto-

83 882 208 927 ribus,
252 880 300 918 ad
332 882 534 917 veritatem
575 880 766 929 perveniri
797 890 874 916 non
906 889 1020 927 posse
1052 879 1125 915 nisi
1155 890 1222 927 per
1253 877 1516 925 mendacium,
1558 880 1605 916 ad
1638 893 1715 918 rein
1748 882 1872 929 ipsam

83 951 151 989 per
181 939 470 987 imaginationis
500 939 702 976 somnium.
755 937 884 974 Minus
906 938 1042 974 mirum
1077 941 1145 982 est,
1179 949 1202 974 a
1223 937 1391 974 motibus
1423 938 1659 984 imaginariis
1683 939 1729 976 ad
1753 950 1872 988 prope

81 1008 208 1043 verOS,
241 1010 263 1035 a
294 1008 413 1045 prope
444 998 547 1033 veris
580 996 628 1034 ad
659 997 894 1040 verissimos,
929 1007 950 1032 a
981 996 1082 1032 notis
1115 994 1164 1031 ad
1195 996 1387 1043 ignotiora
1418 997 1540 1043 magis
1564 999 1763 1046 magisque
1785 1009 1874 1046 per-

81 1058 215 1094 veniri.
279 1055 367 1092 Alia
398 1056 496 1093 enim
531 1061 587 1092 est
617 1053 822 1092 methodus
854 1058 1008 1091 nostrae
1039 1054 1178 1090 mentis
1210 1052 1258 1090 ad
1291 1054 1570 1101 cognitionem,
1604 1055 1681 1092 alia
1711 1060 1873 1094 naturae

81 1114 130 1152 ad
163 1113 418 1152 efficiendum.
481 1113 521 1151 Si
553 1112 642 1151 talis
674 1117 866 1150 statuatur
896 1111 1136 1161 hypothesis,
1169 1123 1214 1149 ex
1247 1123 1324 1160 qua
1354 1113 1428 1160 ipsi
1455 1118 1614 1151 naturae
1646 1115 1768 1162 possit
1799 1114 1874 1152 hoc

81 1173 214 1221 objici,
260 1174 415 1210 omnino
456 1171 698 1209 validissima
730 1171 859 1209 futura
890 1177 947 1208 est
979 1171 1167 1218 objectio,
1207 1181 1372 1218 quacum
1412 1182 1484 1220 ego
1517 1183 1600 1209 sum
1631 1172 1800 1210 luctatus
1834 1173 1873 1209 in

83 1230 378 1269 Commentariis
410 1229 456 1267 de
488 1230 623 1268 Marte.
656 1252 712 1257 -—
744 1229 846 1267 Satis
879 1228 924 1267 de
958 1229 1120 1277 objectis
1151 1228 1350 1266 Praetorii.

217 1298 333 1342 Supra
360 1297 530 1338 diximus,
556 1296 779 1331 Praetorium
805 1295 932 1331 similia
958 1294 1002 1329 de
1029 1295 1208 1337 Tychonis
1234 1295 1428 1339 hypothesi
1453 1295 1567 1330 lunari
1594 1295 1778 1331 Herwarto
1803 1302 1874 1331 tra-

78 1355 210 1390 didisse
229 1359 264 1388 et
282 1355 506 1390 Herwartum
524 1366 544 1390 a
561 1355 718 1399 Keplero
737 1354 895 1398 petiisse,
921 1358 960 1388 nt
973 1353 1149 1396 judicium
1168 1364 1270 1387 suum
1297 1353 1340 1387 de
1358 1354 1425 1388 1130
1442 1364 1482 1388 re
1500 1354 1565 1388 sibi
1584 1355 1872 1392 communicaret.

77 1415 144 1449 Die
170 1415 202 1450 6.
227 1413 350 1449 Martii
379 1416 467 1450 1607
492 1415 701 1449 Herwartus
736 1412 914 1457 prioribus
946 1413 1059 1447 literis
1087 1413 1136 1455 (V.
1166 1422 1195 1448 5.
1221 1423 1256 1456 p.
1283 1411 1368 1455 623)
1394 1411 1484 1446 haec
1518 1412 1636 1446 addit:
1672 1412 1740 1447 Die
1767 1423 1873 1456 quae-

80 1473 216 1507 stiones
243 1482 353 1516 super
377 1471 599 1516 hypothesin
623 1471 749 1505 Lunae
775 1470 956 1515 Tychonis
983 1471 1053 1505 hab
1080 1471 1138 1506 ich
1165 1471 1216 1504 nit
1243 1470 1338 1505 selbs
1363 1470 1509 1513 movirt3
1545 1481 1582 1504 es
1607 1470 1670 1506 hat
1694 1472 1762 1506 mir
1787 1472 1873 1507 aber

80 1529 143 1564 der
168 1531 287 1564 Autor
311 1529 448 1573 begert,
476 1529 538 1564 das
565 1529 624 1563 ich
649 1529 741 1565 solte
768 1529 835 1564 den
854 1529 993 1563 Namen
1021 1528 1271 1572 suspendii-en.
1314 1528 1410 1564 Weil
1437 1540 1474 1563 er
1499 1529 1583 1563 aber
1600 1530 1777 1564 nunmehr
1795 1531 1875 1565 dem

79 1588 179 1621 Hern
204 1588 343 1622 bewust
369 1588 498 1630 (literae
524 1587 661 1630 Kepleri
686 1591 767 1621 haec.
794 1591 970 1620 referentes
997 1589 1140 1631 desunt),
1167 1587 1291 1622 schick
1317 1588 1374 1622 1011
1401 1588 1475 1622 11110
1500 1587 1547 1621 im
1565 1588 1775 1630 Vertrauen,
1802 1600 1874 1624 was

78 1645 144 1679 mir
179 1645 390 1689 derowegen
423 1645 573 1681 ulterius
606 1645 774 1680 instando
810 1646 1042 1688 zukommen,
1078 1647 1146 1681 bitt
1172 1645 1273 1689 aber,
1310 1646 1373 1681 der
1397 1646 1491 1680 Herr
1515 1645 1618 1680 welle
1644 1646 1720 1680 sich
1746 1647 1875 1681 dessen

77 1703 294 1738 anderwerts
329 1703 382 1737 nit
415 1703 633 1738 vernehmen
664 1703 804 1748 lassen,
841 1704 911 1738 vnd
947 1705 1012 1738 mir
1049 1703 1147 1739 diese
1172 1704 1306 1749 Beylag
1341 1703 1472 1738 wieder
1504 1705 1718 1739 zukommen
1744 1705 1876 1740 lassen.

77 1761 363 1805 Responsionem
394 1761 439 1797 ad
465 1761 684 1805 posteriores
711 1763 776 1796 has
810 1761 1096 1803 „dubitationes“
1123 1762 1303 1806 Keplerus
1336 1772 1416 1796 cum
1443 1762 1618 1796 Praetorii
1644 1762 1760 1797 verbis
1786 1763 1876 1797 Her-

77 1825 187 1854 warto
212 1819 357 1859 remisit,
386 1820 448 1862 qui
473 1819 530 1853 die
555 1820 612 1854 10.
640 1819 718 1854 Oct.
749 1821 836 1855 1607
862 1819 1069 1863 respondit:
1106 1819 1168 1854 des
1194 1820 1293 1855 Hern
1319 1821 1574 1864 responsiones
1601 1820 1678 1855 auff
1700 1821 1876 1856 Praetorii

77 1877 184 1912 dubia
208 1882 244 1911 et
267 1877 476 1921 marginalia
508 1878 627 1912 haben
660 1878 726 1912 mir
761 1890 824 1924 gar
849 1883 934 1921 gute
959 1877 1181 1913 satisfaction
1215 1878 1343 1922 geben.
1393 1878 1503 1913 Ware
1529 1878 1592 1913 der
1615 1878 1726 1914 Miihe
1750 1879 1874 1925 werth,

77 1946 180 1971 wenn
205 1935 268 1970 der
291 1935 415 1969 Inhalt
439 1934 609 1978 publicirt
632 1935 766 1970 wurde.

218 1993 407 2038 Inscripsit
439 2004 588 2027 examen
621 2002 725 2028 suum
758 1993 909 2028 alterum
934 1993 1162 2028 Praetorius:
1198 1993 1452 2029 Dubitationes
1484 1994 1661 2039 quaedam
1687 1995 1731 2031 de
1754 1996 1876 2042 Hypo-

78 2052 174 2087 thesi
199 2052 335 2087 Lunari
361 2052 542 2097 Tychonis
568 2053 699 2088 Brahe.

217 2110 244 2144 Ι.
271 2109 428 2154 Tempus
453 2121 632 2154 apparens
659 2110 745 2145 dicit
771 2110 944 2153 (Braneus)
983 2110 1087 2145 aliter
1119 2111 1154 2144 in
1190 2111 1341 2155 aequale
1374 2112 1653 2147 convertendum
1686 2124 1751 2158 pro
1777 2118 1876 2149 motu

79 2169 190 2213 Solis,
224 2167 328 2203 aliter
358 2179 423 2212 pro
450 2173 550 2203 motu
573 2169 700 2203 Lunae
733 2168 959 2204 calculando.
1009 2169 1056 2204 Ut
1081 2169 1116 2203 in
1145 2169 1309 2213 exemplo
1344 2170 1387 2204 ab
1418 2170 1497 2215 ipso
1534 2170 1690 2206 adducto
1727 2172 1876 2216 aequale

77 2232 219 2270 tempus
246 2236 310 2270 pro
336 2230 438 2260 motu
462 2226 586 2260 Lunae
615 2227 669 2261 14¹
693 2226 761 2261 36¹¹
786 2227 967 2270 posterius
994 2232 1050 2261 est
1076 2238 1134 2270 eo,
1171 2228 1267 2271 quod
1292 2239 1357 2272 pro
1385 2228 1467 2263 Sole
1494 2235 1686 2272 aequatum
1714 2235 1776 2265 est.
1827 2231 1876 2264 Et

82 2285 177 2327 dicit,
202 2284 325 2319 multis
352 2295 390 2318 se
416 2283 726 2319 observationibus
752 2285 801 2318 ita
828 2285 993 2320 edoctum
1019 2296 1108 2328 esse,
1139 2290 1178 2320 ut
1202 2286 1253 2320 ita
1278 2291 1467 2321 statueret.
1487 2288 1554 2330 (14)
1594 2288 1795 2323 Admodum
1814 2290 1875 2324 ab-

80 2343 228 2377 surdum
253 2342 323 2377 1100
349 2352 428 2376 0550
453 2342 594 2376 videtur
620 2343 697 2386 (2,),
733 2354 796 2377 cur
820 2354 891 2377 non
918 2344 1156 2378 astronomico
1182 2343 1340 2378 remedio
1367 2345 1552 2380 anomaliis
1579 2347 1777 2381 succurrit?
1805 2348 1873 2392 (3.)

82 2402 152 2435 Cur
178 2401 246 2434 hoc
272 2405 344 2434 tam
369 2399 627 2434 absurdissimo
652 2402 796 2436 invento
824 2402 898 2436 sive
924 2402 1014 2436 coeli
1041 2402 1113 2436 sive
1140 2401 1285 2437 aliunde
1312 2406 1410 2437 ortos
1429 2414 1565 2438 errores
1584 2415 1712 2438 sanare
1730 2405 1875 2440 studet?

80 2460 148 2504 (4.)
197 2459 317 2502 Adde,
355 2459 450 2503 quod
475 2470 540 2503 per
564 2470 686 2494 verum
721 2464 855 2494 motum
882 2459 975 2495 Solis
1002 2471 1045 2495 ex
1080 2461 1228 2495 diversis
1261 2461 1393 2496 tabulis
1429 2462 1605 2505 ejusmodi
1641 2463 1874 2506 aequationes

79 2517 261 2552 desumsit.
302 2518 414 2551 Nemo
434 2518 560 2561 opinor
577 2517 645 2552 hoc
662 2519 843 2562 probabit,
870 2519 937 2553 nisi
956 2519 1016 2562 qui
1041 2520 1190 2562 nesciat,
1222 2519 1308 2563 quid
1327 2519 1372 2554 sit
1391 2519 1527 2554 dierum
1546 2521 1710 2564 aequatio
1729 2528 1763 2555 et
1780 2521 1875 2556 uude

80 2580 196 2611 ortum
222 2575 363 2610 habeat.
392 2577 455 2617 (5.)

216 2633 260 2667 Π.
289 2633 458 2667 Centrum
493 2634 682 2668 eccentrici
714 2634 816 2678 ponit
849 2633 980 2668 mobile
1012 2634 1049 2668 in
1075 2634 1210 2669 ambitu
1245 2635 1394 2677 circelli,
1431 2647 1496 2681 per
1531 2642 1691 2671 centrum
1717 2637 1874 2674 universi

79 2696 186 2727 eunte
212 2701 254 2725 ea
278 2691 368 2734 lege,
393 2695 433 2725 ut
457 2691 492 2725 in
518 2692 682 2726 omnibus
708 2693 799 2726 veris
826 2695 873 2729 0²
899 2698 934 2728 et
957 2701 1002 2732 σο
1024 2693 1114 2728 illud
1139 2694 1341 2737 reperiatur
1366 2695 1402 2728 111
1420 2696 1450 2728 A
1468 2698 1535 2735 (fig.
1555 2699 1612 2737 9.),
1638 2694 1722 2729 inde
1739 2696 1874 2731 moveri

78 2750 114 2784 in
139 2747 389 2784 antecedentia
416 2747 548 2793 duplici
584 2749 753 2784 distantia
777 2751 919 2795 Lunae,
953 2763 1017 2796 per
1043 2751 1274 2796 epicyclicam
1306 2752 1650 2795 prosthaphaeresin
1681 2758 1874 2799 correctae,

81 2819 102 2843 3
118 2818 202 2843 vero
226 2807 309 2842 loco
335 2807 441 2842 Solis.
490 2807 570 2841 Hoc
600 2807 779 2850 quomodo
804 2808 881 2842 fieri
906 2811 1031 2853 possit,
1059 2809 1295 2844 dubitandum
1320 2810 1551 2853 relinquitur,
1579 2820 1648 2854 qua
1673 2823 1708 2846 n.
1734 2812 1874 2847 ratione

80 2870 242 2901 centrum
275 2865 465 2900 eccentrici
490 2865 526 2898 in
552 2864 703 2899 eundem
737 2866 843 2900 situm
877 2866 1010 2901 circelli
1035 2867 1175 2901 restitui
1200 2872 1340 2911 potest,
1373 2868 1403 2901 si
1428 2879 1500 2902 non
1526 2879 1688 2903 verorum
1714 2870 1874 2906 locorum

81 2923 216 2968 duplex
244 2923 417 2958 distantia
443 2922 630 2958 sumatur?
657 2923 714 2965 (6.)
764 2923 932 2968 Exempli
957 2925 1091 2968 gratia:
1127 2929 1248 2968 potest
1274 2925 1334 2959 Sol
1360 2936 1443 2961 vero
1468 2931 1568 2961 motu
1594 2936 1673 2962 esse
1698 2928 1734 2962 in
1759 2929 1799 2962 1⁰
1818 2932 1872 2974 V,

79 2982 204 3016 Lunae
230 2981 334 3017 locus
359 2992 426 3026 per
451 2981 660 3026 epicylicam
685 2981 1029 3024 prosthaphaeresin
1057 2982 1265 3017 emendatus
1291 2987 1413 3026 potest
1438 2994 1517 3018 esse
1541 2984 1576 3018 in
1605 2986 1641 3019 1υ
1657 2986 1704 3021 st
1721 2987 1779 3029 (7.)
1804 2987 1873 3021 Hic

81 3049 163 3074 vero
190 3040 316 3075 Lunae
340 3040 442 3075 locus
466 3040 623 3074 nondum
649 3049 754 3073 verus
780 3044 845 3078 est,
872 3039 974 3074 deest
998 3050 1030 3073 11.
1058 3040 1300 3076 eccentritatis
1326 3041 1662 3086 prosthaphaeresis
1688 3044 1751 3087 (8);
1785 3044 1872 3080 item

83 3097 306 3132 desideratur
335 3097 400 3132 illa
429 3098 626 3141 particula,
660 3110 752 3142 quae
777 3109 821 3134 ex
847 3099 1037 3134 libratione
1069 3100 1182 3135 centri
1214 3101 1319 3145 primi
1354 3102 1504 3146 epicycli
1536 3102 1571 3136 in
1604 3104 1704 3147 parvi
1739 3104 1872 3139 circelli

83 3154 254 3194 diametro
288 3156 406 3195 evenit
430 3156 513 3202 (9.),
548 3156 635 3193 item
666 3157 947 3198 accommodatio
972 3157 1042 3195 loci
1066 3157 1192 3195 Lunae
1216 3158 1262 3195 ad
1285 3158 1490 3205 zodiacum,
1522 3165 1670 3207 propter
1701 3161 1871 3208 exiguum¹
