2126 3388
943 132 1043 169 1613.
1801 139 1887 185 823

82 245 204 292 jungit
229 245 539 291 Stahrembergius
564 247 675 282 verba
702 246 840 283 Calvini
866 257 911 283 ex
935 249 1042 284 variis
1069 249 1147 294 ejus
1173 250 1318 295 scriptis
1345 251 1508 289 desumta
1535 257 1570 289 et
1586 254 1642 290 his
1660 254 1767 290 finem
1784 255 1887 292 facit:

87 305 207 341 Verba
230 305 322 340 haec
348 305 540 341 Calvinisi
567 305 718 341 candide
744 310 779 342 et
803 307 862 352 pie
888 309 934 344 ab
963 309 1114 345 adversa
1130 316 1232 356 parte
1250 311 1548 356 ponderarentur,
1576 312 1662 357 quid
1680 324 1771 358 opus
1794 318 1890 350 esset

87 367 142 398 tot
165 363 352 408 polemicis
387 364 529 408 scriptis
555 363 762 410 virulentis,
798 365 928 409 quibus
955 368 1113 404 charitas
1147 370 1346 406 destruitur
1371 374 1406 404 et
1431 381 1514 405 vera
1540 371 1669 416 pietas.
1721 372 1888 408 Colamus

86 433 212 467 pacem
238 427 274 458 et
299 433 391 468 quae
416 423 515 468 pacis
543 427 628 458 sunt
652 429 843 471 sectemur,
871 426 1070 471 spiritualia
1096 428 1332 472 spiritualiter
1358 433 1573 474 tractantes,
1607 441 1680 466 non
1703 432 1740 466 in
1764 432 1889 467 verbo-

86 492 165 516 rum
192 482 481 517 contentionibus
508 486 650 526 tempus
676 482 837 518 locantes
842 511 961 521 .....
1011 485 1137 520 Finem
1162 487 1343 532 imponam
1376 492 1485 532 teque
1519 489 1659 525 salvere
1692 495 1728 525 et
1753 491 1798 526 ad
1823 501 1889 526 nos

86 550 125 575 re
150 540 241 576 bene
266 545 414 585 peracta
440 540 556 576 redire
578 541 691 585 jubeo
719 546 753 576 et
779 546 878 587 opto.
928 542 1117 578 Dabantur
1140 549 1245 589 rapto
1273 545 1410 581 calamo
1437 545 1471 581 d.
1501 546 1550 581 12.
1578 548 1665 591 Apr.
1693 549 1796 585 1613.

225 599 384 644 Repetiit
409 599 477 634 hoc
503 610 595 634 anno
614 599 794 644 Keplerus
820 601 880 635 diu
898 600 1139 637 intermissum
1157 602 1377 647 colloquium
1402 613 1468 647 per
1491 603 1613 639 literas
1632 616 1711 640 00111
1730 605 1889 642 Maest-

85 656 204 699 lino,
240 657 301 701 qui
332 658 377 693 ad
408 657 531 692 literas
566 657 713 702 Kepleri
747 659 780 694 d.
809 660 840 694 d.
868 661 900 695 7.
925 659 1033 695 Febr.
1061 659 1301 705 (deperditas)
1340 661 1544 705 respondit:
1579 662 1759 708 „intelligo
1792 669 1829 700 te
1853 666 1890 701 in

88 714 325 750 examinando
362 715 496 760 scripto
521 716 564 750 D.
593 717 736 752 R‘oslini
771 717 945 752 laborare.
998 718 1143 762 Optima
1169 719 1234 753 viri
1259 719 1428 754 voluntas
1454 725 1525 765 est,
1559 721 1621 755 sed
1653 733 1745 757 anne
1772 725 1890 760 omnia

88 764 174 808 satis
201 772 422 817 prudenter‘.>
465 773 696 818 Sententiam,
724 787 831 820 quam
859 777 970 812 semel
988 778 1105 812 animo
1126 778 1303 822 concepit,
1332 779 1511 814 mordicus
1529 780 1671 825 retinet,
1698 792 1764 817 1100
1790 783 1890 818 suffi-

87 832 222 866 cienter
254 831 412 866 rationes
445 831 545 867 audit
579 843 711 877 easque
737 835 853 879 inter}
865 845 903 869 se
929 845 1001 869 non
1028 840 1222 879 comparat.
1272 836 1352 880 Ego
1381 836 1456 880 jam
1483 837 1700 882 aliquamdiu
1725 852 1746 875 a
1771 842 1889 878 studio

90 889 346 934 chronologico
371 889 538 926 abstinui.
587 892 713 927 Ratio:
740 893 772 928 J.
802 893 844 929 G.
872 894 1058 928 Heerwart
1086 893 1159 928 suis
1187 894 1364 938 superiori
1391 905 1483 929 anno
1511 896 1615 930 editis
1640 908 1754 933 novae
1782 899 1890 934 Chro-

87 947 254 992 nologiae
280 948 459 993 capitibus
484 959 540 983 me
567 950 714 985 dubium
746 951 901 987 reddidit
935 956 970 985 et
994 961 1086 996 pene
1111 952 1323 996 perplexum
1330 979 1448 988 .....
1499 955 1604 997 (Quae
1630 963 1814 999 sequuntur
1838 961 1888 991 le-

87 1012 209 1047 guntur
233 1008 299 1041 vol.
326 1010 386 1044 IV.
413 1020 448 1051 p.
475 1008 568 1051 120.)
617 1010 672 1044 De
696 1010 845 1045 maculis
872 1011 908 1045 in
931 1010 1014 1045 Sole
1039 1009 1251 1054 prodierunt
1283 1010 1422 1054 aliquot
1447 1009 1578 1056 libelli,
1615 1013 1677 1047 sed
1702 1014 1789 1049 mihi
1812 1020 1889 1050 tan-

87 1068 161 1100 tum
190 1065 340 1101 duorum
373 1065 469 1101 facta
501 1071 557 1101 est
589 1067 765 1103 hactenus
791 1067 936 1114 legendi
960 1068 1080 1113 copia,
1115 1071 1155 1103 ut
1186 1068 1291 1112 primi
1317 1079 1438 1103 earum
1472 1069 1712 1107 observatoris
1737 1074 1892 1110 Fabricii

89 1129 124 1159 et
150 1123 263 1159 libelli
290 1124 449 1169 „Apellis
476 1129 559 1168 post
584 1125 744 1160 tabulam
768 1126 950 1162 latentis“.
986 1127 1115 1161 Cetera
1139 1125 1314 1160 hactenus
1335 1137 1543 1171 comparare
1570 1140 1642 1164 non
1659 1132 1772 1175 potui.
1809 1133 1890 1178 Ego

89 1187 124 1217 et
140 1193 280 1218 mecum
299 1182 360 1218 alii
377 1183 436 1218 hic
454 1183 758 1228 (Hafenrefferus,
785 1184 992 1229 Sigwartus,
1017 1184 1202 1228 Zieglerus
1229 1189 1263 1219 et
1281 1185 1384 1219 multi
1405 1196 1448 1220 ex
1467 1186 1711 1223 studiosorum
1729 1194 1890 1236 numero)

88 1243 234 1278 easdem
260 1243 385 1277 crebro
413 1242 688 1287 observavimus,
715 1243 845 1287 partim
871 1253 935 1287 per
960 1243 1087 1277 tubum
1114 1243 1271 1287 opticum
1297 1254 1412 1288 mane,
1439 1255 1522 1279 mox
1548 1250 1632 1290 post
1651 1251 1767 1281 ortum
1786 1248 1890 1294 Solis,

86 1300 218 1345 partim
241 1311 306 1345 per
330 1300 469 1335 radium
493 1300 678 1346 illapsum,
715 1302 873 1336 omnium
906 1301 1020 1346 primo
1036 1302 1079 1351 d.
1107 1302 1162 1337 20.
1188 1302 1279 1346 Maji
1305 1303 1394 1338 1612
1426 1304 1462 1338 in
1496 1305 1681 1350 superiore
1707 1309 1891 1353 contigna-

86 1358 184 1393 tione
207 1359 342 1403 templi.
393 1358 448 1393 Ibi
475 1358 564 1394 duas
590 1359 725 1403 liquido
752 1360 905 1394 vidimus
931 1359 1088 1395 maculas
1114 1359 1224 1404 paulo
1251 1360 1347 1395 infra
1373 1366 1547 1400 centrum.
1596 1364 1702 1409 Mihi,
1738 1370 1777 1400 ut
1801 1377 1892 1411 pace

87 1421 150 1452 tua
175 1417 300 1459 dicam,
326 1428 397 1452 nou
423 1418 549 1463 quales
575 1418 611 1451 in
638 1418 748 1452 Terra
773 1422 858 1453 sunt
883 1418 1008 1463 nubes,
1036 1418 1099 1453 sed
1125 1423 1340 1463 perpetuata
1367 1430 1519 1465 corpora
1545 1422 1712 1458 videntur
1715 1451 1890 1463 .......

88 1475 196 1511 Oram
222 1476 316 1512 Solis
342 1488 414 1512 non
439 1476 601 1522 perfecta
628 1476 794 1519 circulari
819 1476 912 1511 linea
938 1477 1122 1512 terminari
1149 1476 1431 1513 observavimus.
1466 1479 1628 1516 Vidimus
1647 1481 1739 1516 enim
1755 1484 1892 1528 pariter

87 1545 237 1579 magnas
263 1535 473 1570 eminentias
501 1538 536 1568 et
561 1534 739 1569 notabiles
765 1534 903 1580 hiatus,
939 1535 1062 1579 quales
1090 1539 1173 1570 sunt
1199 1535 1236 1570 in
1262 1537 1374 1571 Terra
1398 1541 1538 1573 montes
1566 1544 1601 1575 et
1624 1539 1747 1575 valles.
1796 1542 1891 1577 Num

88 1603 172 1637 ergo
199 1598 235 1627 et
261 1593 353 1628 Solis
380 1603 510 1638 corpus
536 1592 635 1627 rudis
660 1592 758 1627 velut
781 1593 893 1627 Terra
917 1593 1048 1638 globus
1076 1595 1154 1629 est‘?
1197 1595 1301 1629 Certe
1326 1594 1467 1630 Lunam
1493 1597 1625 1633 Terrae
1651 1609 1730 1634 esse
1756 1600 1891 1636 similli-

88 1662 181 1686 mam
198 1651 267 1686 hae
286 1662 399 1686 novae
418 1651 689 1686 observationes
707 1654 747 1684 ut
766 1654 863 1684 certo
882 1660 1041 1686 asseram
1061 1656 1192 1696 cogunt
1198 1679 1315 1690 .....
1352 1653 1414 1695 (Ex
1431 1655 1536 1687 literis
1556 1658 1584 1689 d.
1605 1658 1637 1691 d.
1658 1659 1784 1700 18.l28.
1805 1662 1890 1703 Apr.

91 1710 205 1753 1613.)
253 1710 321 1745 Ι)10
346 1710 481 1746 20.s30.
509 1709 597 1743 Julii
622 1709 712 1743 haec
739 1709 883 1753 scripsit
908 1709 1141 1746 Maestlinus:
1170 1711 1310 1746 Literas
1336 1714 1436 1755 tuas,
1465 1712 1498 1747 d.
1526 1712 1558 1747 d.
1587 1713 1642 1749 29.
1668 1714 1767 1750 Junii
1793 1717 1890 1761 (item

88 1776 125 1802 ut
149 1773 277 1813 priores
304 1770 494 1813 deperditae
521 1769 621 1811 sunt),
649 1778 714 1811 ego
744 1768 797 1802 12.
825 1767 912 1802 Julii
938 1768 1073 1812 accepi.
1125 1768 1218 1812 Quid
1246 1769 1464 1813 Copernicus
1490 1770 1655 1806 Basilcae
1687 1777 1769 1816 agat
1796 1776 1892 1818 (dicit

87 1829 286 1861 Maestlinus
310 1839 430 1860 novam
457 1829 678 1871 Copernicani
704 1829 812 1870 operis
839 1828 878 1858 de
904 1829 1183 1860 Revolutionibus
1218 1830 1407 1871 editionem,
1443 1840 1542 1871 quam
1568 1835 1796 1874 typographus
1823 1836 1890 1866 Ba-

90 1889 232 1920 siliensis
258 1887 489 1919 Henric-Petri
514 1887 770 1929 meditabatur),
809 1884 900 1921 scire
926 1895 996 1919 non
1023 1895 1182 1929 possum,
1210 1885 1293 1929 quia
1319 1886 1567 1930 typographus
1594 1899 1665 1923 non
1690 1892 1889 1935 respondit.

90 1944 295 1980 Verendum
319 1944 442 1989 itaque
467 1943 555 1978 mihi
581 1948 647 1988 est,
674 1954 718 1978 ne
746 1953 811 1987 ego
837 1943 974 1988 pariter
1000 1953 1041 1978 ac
1062 1943 1212 1978 Ursinus
1238 1948 1322 1978 tuus
1349 1953 1495 1987 operam
1522 1950 1556 1980 et
1582 1945 1700 1981 oleum
1725 1949 1891 1992 perdide-

89 2005 211 2039 rimus.
263 2003 362 2047 Quae
398 2003 441 2037 de
467 2001 609 2037 Rhetici
634 2001 850 2037 Narratione
883 2006 917 2036 et
942 2006 1005 2036 tuo
1031 2002 1229 2036 Prodromo
1262 2001 1490 2046 adjungendo
1524 2003 1668 2049 scripsi,
1705 2016 1745 2041 eo
1772 2007 1889 2043 animo

88 2064 222 2098 factum
246 2073 318 2097 non
345 2066 414 2107 est,
449 2065 489 2096 ut
513 2060 739 2106 typographo
772 2072 843 2095 non
869 2061 1007 2105 petenti
1034 2061 1285 2097 obtrudantur.
1337 2059 1407 2095 Sed
1434 2061 1517 2104 quia
1542 2073 1720 2109 noveram,
1748 2066 1891 2103 Rhetici

88 2121 339 2157 Narrationem
365 2121 442 2165 jam
476 2125 558 2154 ante
589 2119 725 2163 aliquot
755 2118 876 2163 plures
910 2128 1021 2153 annos
1056 2117 1093 2153 iu
1124 2118 1280 2153 editione
1305 2118 1497 2153 Basiliensi
1529 2120 1640 2156 fuisse
1676 2124 1889 2171 appositam,

88 2180 194 2216 facile
220 2184 339 2215 autem
364 2178 541 2223 conjicere
567 2187 725 2222 possum,
753 2176 1019 2222 typographum
1038 2175 1188 2210 eandem
1205 2176 1467 2222 Nar-rationem,
1494 2182 1619 2223 utpote
1646 2191 1737 2223 quae
1765 2183 1811 2217 ad
1828 2184 1889 2218 ob-

43 2269 49 2275 .
87 2238 248 2273 Scuriora
272 2238 308 2272 in
335 2236 534 2282 Copernico
562 2236 642 2270 loca
667 2235 794 2270 melius
819 2232 1054 2277 intelligenda
1078 2233 1272 2278 plurimum
1299 2235 1483 2281 conducit,
1511 2237 1608 2273 haud
1636 2238 1742 2275 dubio
1772 2241 1888 2277 denuo

89 2297 340 2342 appositurum
366 2306 458 2339 esse,
484 2294 618 2330 idcirco
644 2302 880 2339 praemonere
906 2291 1021 2336 volui,
1056 2295 1095 2325 ut
1122 2301 1199 2325 eam
1226 2294 1424 2328 correctius
1452 2294 1575 2330 ederet
1601 2295 1819 2343 descriptam
1846 2311 1890 2335 ex

89 2360 251 2390 correcto
279 2354 491 2399 exemplari3
523 2364 673 2399 quorum
700 2363 780 2387 cum
805 2351 944 2385 nullum
970 2349 1068 2384 aliud
1093 2349 1222 2394 sciam,
1256 2362 1363 2395 quam
1396 2353 1492 2397 quod
1517 2354 1714 2390 Prodromo
1739 2361 1802 2392 tuo
1829 2358 1890 2393 ad-

83 2413 251 2458 junctum
278 2419 333 2448 est
359 2414 428 2457 (cfr.
455 2415 483 2446 Ι.
509 2425 543 2456 p.
571 2414 647 2454 ⁶25),
681 2410 778 2446 suasi
811 2414 851 2444 ut
880 2409 941 2444 illo
977 2413 1150 2444 uteretur.
1201 2410 1321 2453 Atque
1348 2411 1473 2446 eadem
1506 2413 1694 2449 occasione
1727 2415 1779 2449 tui
1803 2416 1888 2450 Pro-

89 2472 204 2506 dromi
234 2471 332 2506 facta
362 2471 560 2511 mentione,
599 2469 800 2504 existimavi
825 2479 898 2503 non
924 2469 1098 2503 absonum
1130 2466 1225 2511 fore,
1261 2467 1290 2501 si
1314 2468 1408 2503 idem
1434 2469 1643 2513 adderetur,
1677 2473 1888 2516 praesertim

88 2533 237 2574 propter
270 2529 423 2564 divinam
455 2530 570 2574 (recte
595 2539 651 2563 me
677 2528 795 2562 dicere
829 2536 978 2570 censeo,
1015 2526 1225 2570 divinam)
1259 2526 1416 2571 quinque
1449 2539 1640 2572 corporum
1670 2530 1888 2573 regularium

90 2599 170 2623 cum
195 2591 390 2633 systemate
416 2587 626 2622 coelestium
651 2596 841 2630 corporum
865 2583 1097 2624 harmoniam,
1124 2594 1247 2628 quam,
1276 2585 1416 2628 quoties
1441 2585 1478 2620 in
1504 2596 1581 2620 eam
1607 2587 1888 2631 speculationem

91 2645 282 2687 descend0‚
308 2655 388 2680 cum
413 2645 642 2680 veneratione
668 2644 806 2678 divinae
833 2642 1031 2687 sapientiae
1056 2642 1222 2677 demirari
1247 2643 1335 2678 satis
1362 2654 1433 2678 non
1451 2654 1609 2688 possum.
1653 2645 1785 2679 Verum
1804 2647 1888 2690 quia

89 2705 154 2740 tibi
188 2704 231 2740 de
256 2703 453 2738 Prodromo
488 2704 586 2738 aliud
618 2703 780 2747 videtur,
817 2712 883 2747 ego
920 2712 964 2736 ex
1000 2701 1117 2736 causis
1148 2711 1167 2735 a
1192 2706 1228 2735 te
1263 2701 1382 2736 allatis
1413 2702 1518 2737 facile
1551 2703 1657 2738 etiam
1689 2703 1886 2741 subscribo.

90 2764 191 2808 Opus
209 2762 303 2798 enim
319 2762 532 2797 redderetur
548 2762 652 2797 nimis
669 2761 851 2806 prolixum
869 2764 905 2794 et
920 2760 956 2793 in
973 2760 1146 2803 majorem
1163 2759 1293 2794 molem
1311 2766 1547 2796 excresceret.
1592 2761 1663 2796 Sed
1683 2761 1726 2797 de
1744 2763 1888 2799 Rhetici

89 2822 305 2858 Narratione
329 2831 388 2856 res
413 2820 450 2855 in
482 2824 666 2865 potestate
699 2824 823 2854 nostra
854 2818 967 2854 libere
1001 2819 1070 2853 sita
1104 2829 1175 2852 non
1210 2823 1283 2862 est3
1324 2819 1518 2854 editionem
1541 2819 1695 2863 priorem
1721 2825 1760 2856 ut
1784 2827 1887 2867 typo-

90 2881 248 2925 graphus
273 2883 431 2925 repetat,
456 2889 567 2924 penes
591 2879 708 2924 ipsum
735 2881 809 2922 est,
840 2876 1040 2912 consultius
1065 2880 1186 2910 tamen
1212 2881 1324 2921 esset,
1358 2878 1389 2911 si
1415 2877 1647 2913 emaculatior
1673 2891 1778 2923 quam
1803 2881 1886 2916 olim

91 2939 268 2976 ederetur.
317 2939 359 2973 In
385 2937 751 2983 Gruppenbachianos
771 2937 1091 2979 (Gruppenbachius,
1116 2938 1342 2978 typographus
1361 2938 1592 2978 Tubingensis,
1619 2944 1745 2972 sumtus
1764 2944 1886 2974 fecerat

90 3001 125 3031 in
149 3001 289 3042 primam
304 2999 481 3030 Prodromi
506 2995 696 3040 editionem)
722 2993 820 3029 nulla
837 2993 967 3037 injuria
984 2992 1176 3027 metuenda
1201 2992 1343 3029 suisset.
1384 2994 1457 3029 Res
1482 3004 1603 3030 eorum
1621 2995 1714 3032 male
1731 2997 1881 3043 habent3

90 3055 249 3103 Philippi
272 3054 514 3101 typographia
539 3053 583 3089 de
608 3058 705 3089 statu
730 3064 795 3089 suo
823 3051 962 3096 dejecta
986 3055 1052 3095 est,
1078 3050 1156 3096 ipse
1182 3050 1349 3086 discessit
1374 3051 1676 3091 Schorndorfium.

228 3114 283 3150 De
300 3113 533 3150 Roesliniano
558 3117 622 3150 tuo
641 3114 775 3159 scripto
793 3111 903 3147 miror
928 3113 963 3145 et
988 3120 1054 3156 ego
1079 3108 1203 3152 fatum,
1230 3119 1411 3155 sperarem
1436 3114 1557 3146 tamen
1581 3110 1657 3147 fore
1681 3116 1721 3149 ut
1743 3113 1780 3149 in
1804 3117 1883 3152 tuto
