2157 3398
264 148 349 197 580
678 151 913 189 Summarium
936 148 1117 189 Historiae
1140 154 1389 190 Astronomiae
1414 154 1537 190 seculo
1561 153 1658 192 XVI.

261 268 374 303 randa
399 272 454 304 est
477 269 713 314 astronomia,
752 280 858 313 quam
884 270 927 305 de
951 271 1089 315 integro
1116 269 1394 306 exaedificanda.
1443 271 1673 307 Ptolemaeus
1702 270 1821 315 potuit
1855 269 2048 314 plerasque
2074 259 2084 266 ’

262 331 421 363 veterum
445 328 664 373 hypotheses
698 328 742 363 ad
768 329 895 363 seriem
927 328 1041 363 omnis
1075 328 1290 364 diversitatis
1320 334 1498 375 motuum,
1532 341 1623 374 quae
1658 330 1725 365 sibi
1750 340 1795 365 ex
1819 330 1960 365 tantillo
1986 331 2046 365 ob-

262 387 502 421 servationum
534 391 695 430 tempore
729 386 852 430 elapso
886 391 971 421 nota
1003 391 1095 429 erat,
1130 387 1215 421 satis
1247 388 1418 422 concinne
1450 388 1737 432 accommodare,
1770 388 1850 423 ideo
1882 392 1979 422 recte
2013 391 2049 422 et

261 443 457 488 prudenter
482 454 542 478 eas
569 444 676 488 elegit
700 444 934 489 hypotheses,
969 455 1061 489 quae
1087 449 1122 479 et
1146 446 1277 480 rationi
1306 446 1510 490 nostrisque
1535 447 1699 482 sensibus
1732 446 1844 490 magis
1871 455 2049 482 consonae

262 510 342 536 esse
367 502 588 544 videbantur,
614 506 650 535 et
675 503 802 545 quibus
821 503 947 537 summi
972 507 1055 536 ante
1080 513 1160 537 eum
1185 503 1339 538 artifices
1366 505 1421 539 usi
1446 505 1600 541 fuerant.
1637 505 1724 540 Cum
1747 508 1865 539 autem
1892 504 2049 538 omnium

262 558 437 593 artificum
463 559 730 594 observationes
756 566 791 594 et
817 562 952 596 coelum
978 562 1095 605 ipsum
1121 573 1163 597 ac
1188 563 1440 597 mathematica
1471 564 1562 597 ratio
1597 574 1662 598 nos
1687 563 1918 604 convincant,
1953 560 2049 605 quod

262 616 457 651 Ptolemaei
482 622 516 650 et
541 627 744 652 communes
770 618 991 663 hypotheses
1015 630 1241 664 nequaquam
1266 620 1312 654 ad
1338 625 1549 664 perpetuam
1575 620 1714 664 sibique
1731 620 1880 654 invicem
1901 630 2049 654 consen-

260 674 405 709 tientem
430 672 690 716 colligationem
709 679 743 710 et
760 675 979 710 harmoniam
1004 687 1122 711 rerum
1147 678 1356 713 coelestium
1383 678 1696 713 demonstrandam
1720 681 1756 713 et
1779 678 1815 712 in
1840 676 1981 712 tabulas
2007 687 2049 710 ac

261 734 453 775 praecepta
483 730 720 775 colligendam
753 733 949 776 sufficiant,
983 745 1129 770 necesse
1160 735 1242 778 fuit,
1279 742 1319 771 ut
1344 737 1389 773 D.
1415 737 1632 781 Praeceptor
1665 747 1766 771 meus
1801 747 1912 771 novas
1937 736 2047 781 hypo-

259 789 378 824 theses
406 790 644 833 excogitaret,
670 790 795 834 quibus
823 794 949 836 positis
974 794 1064 828 tales
1083 798 1242 829 motuum
1262 795 1417 830 rationes
1434 796 1647 839 geometrice
1666 801 1701 829 et
1718 795 1938 830 arithmetice
1956 794 2049 828 bona

260 847 518 891 consequentia
543 847 751 891 deduceret,
788 851 910 892 quales
945 857 1082 887 veteres
1117 857 1153 887 et
1177 853 1404 888 Ptolemaeus
1440 854 1523 888 olim
1547 868 1590 898 τῳ
1615 857 1699 898 θειῳ
1725 865 1832 897 ψυχης
1856 851 1979 894 ὀμματι
2012 851 2048 885 in

259 903 374 939 altum
399 905 529 939 elevati
554 905 876 951 deprehenderunt,
902 910 1095 954 qualesque
1121 911 1227 946 hodie
1252 917 1411 946 veterum
1436 912 1585 955 vestigia
1611 910 1861 955 colligentibus
1886 909 1922 944 in
1949 909 2048 944 coelo

264 972 343 997 esse
368 962 556 1008 diligentes
583 964 849 999 observationes
876 965 1033 1002 edocent.
1076 968 1133 1003 Sic
1158 970 1194 1003 in
1220 970 1402 1013 posterum
1421 970 1590 1005 videbunt
1615 968 1778 1013 studiosi,
1805 979 1910 1012 quem
1927 968 2045 1002 Ptole—

260 1029 385 1055 maeus
411 1025 445 1055 et
469 1020 598 1064 reliqui
622 1026 760 1056 veteres
786 1028 950 1057 auctores
976 1034 1077 1059 usum
1102 1026 1269 1068 habeant,
1298 1039 1368 1071 quo
1386 1038 1446 1063 eos
1465 1028 1638 1062 hactenus
1656 1032 1827 1071 tanquam
1854 1037 1898 1060 ex
1916 1025 2048 1061 scholis

261 1078 426 1113 exclusos
451 1083 620 1113 revocent
645 1084 681 1114 et
705 1079 741 1114 in
765 1080 953 1123 pristinum
981 1081 1151 1117 honorem
1176 1085 1401 1122 restituant.“
1446 1085 1518 1120 Sub
1536 1085 1642 1119 finem
1662 1084 1836 1128 epistolae
1860 1083 2046 1125 Rheticus,

262 1137 364 1181 quasi
389 1147 564 1172 excusans
591 1138 826 1182 Copernicum
852 1143 887 1172 et
913 1139 1108 1174 defendens
1133 1140 1229 1175 illum
1256 1149 1377 1178 contra
1397 1144 1635 1188 suspicionem
1661 1142 1828 1178 novitatis
1848 1141 1968 1186 studii,
1995 1141 2046 1175 sic

259 1193 435 1238 loquitur:
465 1195 600 1237 „Velim
625 1200 660 1229 te
686 1196 729 1230 de
755 1197 797 1230 D.
816 1197 858 1231 D.
886 1207 963 1231 meo
988 1202 1220 1241 praeceptore
1244 1200 1311 1234 hoc
1332 1206 1499 1246 statuere,
1527 1202 1621 1246 apud
1640 1212 1720 1236 eum
1744 1200 1832 1234 nihil
1857 1199 1957 1244 prius
1981 1209 2048 1234 nec

260 1253 440 1297 antiquius
475 1263 552 1288 esse
585 1255 791 1298 quicquam,
828 1264 933 1299 quam
966 1255 1122 1298 vestigiis
1148 1254 1344 1291 Ptolemaei
1378 1264 1415 1294 ut
1448 1260 1591 1294 insistat
1622 1264 1657 1294 et
1688 1263 1827 1293 veteres
1863 1261 2045 1301 sequatur.

260 1310 353 1344 Dum
379 1314 498 1345 autem
522 1325 562 1344 τα
589 1327 788 1356 mmmmm,
815 1322 906 1356 qnae
931 1318 1174 1348 astronomum
1199 1321 1342 1359 regunt,
1370 1321 1405 1351 et
1428 1318 1679 1352 mathematica
1704 1327 1741 1351 se
1767 1325 1894 1360 cogere
1918 1314 2047 1349 intelli-

260 1372 369 1410 geret,
397 1370 573 1413 quaedam
598 1375 742 1414 praeter
767 1370 987 1405 voluntatem
1022 1372 1127 1407 etiam
1152 1378 1192 1407 ut
1225 1379 1395 1418 sumeret,
1432 1377 1516 1410 satis
1547 1375 1688 1410 interim
1724 1385 1803 1409 esse
1828 1373 1985 1418 putavit,
2017 1371 2047 1406 si

261 1425 383 1460 eadem
409 1432 485 1461 arte
509 1427 545 1461 in
572 1427 723 1462 eundem
748 1439 895 1473 scopum
931 1441 1010 1464 cum
1035 1430 1241 1466 Ptolemaeo
1273 1432 1346 1466 tela
1378 1443 1442 1467 sua
1476 1432 1655 1477 dirigeret,
1696 1432 1834 1467 etiamsi
1865 1441 1987 1465 arcum
2013 1433 2048 1463 et

262 1483 334 1517 tela
360 1494 404 1518 ex
429 1484 534 1528 longe
560 1486 629 1520 alio
660 1487 829 1520 materiae
856 1497 986 1531 genere
1011 1498 1118 1532 quam
1143 1488 1202 1522 ille
1229 1495 1440 1525 assumeret.
1489 1490 1662 1534 Ceterum,
1692 1490 1787 1534 quod
1811 1490 1966 1524 alienum
1992 1493 2047 1523 est

263 1541 307 1575 ab
332 1542 473 1586 ingenio
501 1543 584 1578 boni
611 1544 816 1589 cujuslibet,
851 1546 1003 1579 maxime
1027 1555 1110 1579 vero
1136 1556 1157 1578 a
1183 1552 1311 1581 natura
1328 1547 1595 1591 philosophica,
1620 1549 1663 1583 ab
1690 1559 1731 1584 eo
1750 1553 1789 1583 ut
1817 1549 1877 1592 qui
1893 1548 2045 1583 maxime

263 1597 430 1634 abhorret
456 1600 497 1634 D.
524 1601 740 1646 Praeceptor
764 1614 883 1646 meus,
910 1609 1048 1639 tantum
1073 1605 1177 1639 abest
1203 1611 1242 1639 ut
1268 1605 1334 1639 sibi
1361 1617 1381 1639 a
1406 1610 1565 1640 veterum
1592 1607 1790 1649 sententiis,
1815 1607 1884 1641 nisi
1909 1606 2046 1649 magnis

263 1656 305 1690 de
331 1658 447 1693 causis
474 1668 514 1692 ac
538 1659 644 1693 rebus
668 1661 755 1704 ipsis
783 1661 1083 1707 efflagitantibus,
1112 1663 1229 1697 studio
1256 1665 1412 1707 quodam
1438 1664 1606 1699 novitatis
1637 1670 1766 1701 temere
1793 1665 2046 1700 discedendum

263 1715 407 1757 putarit.
457 1717 535 1751 Alia
561 1722 616 1753 est
640 1725 756 1762 aetas,
786 1719 857 1753 alia
891 1732 1029 1755 morum
1062 1722 1215 1765 gravitas
1247 1722 1500 1767 doctrinaeque
1533 1723 1759 1768 excellentia,
1797 1724 1867 1758 alia
1894 1723 2046 1767 denique

262 1771 394 1816 ingenii
419 1774 592 1810 celsitudo
619 1777 798 1820 animique
822 1779 1047 1824 magnitudo,
1074 1791 1179 1824 quam
1208 1786 1245 1815 ut
1269 1781 1341 1816 tale
1366 1781 1451 1824 quid
1476 1780 1512 1814 in
1538 1791 1617 1815 eum
1643 1781 1767 1816 cadere
1793 1787 1915 1825 queat,
1951 1780 2046 1824 quod

267 1831 407 1872 quidem
433 1837 487 1866 est
511 1833 566 1867 vel
592 1835 718 1868 aetatis
740 1835 908 1878 juvenilis
934 1837 989 1871 vel
1016 1839 1216 1873 ardentium
1241 1839 1477 1883 ingeniorum,
1505 1850 1594 1882 quac
1614 1849 1631 1872 a
1652 1838 1808 1882 quolibet
1833 1844 1937 1874 vento
1956 1838 2045 1873 suis-

264 1898 331 1930 que
356 1888 544 1925 affectibus
569 1897 755 1927 moventur
786 1904 828 1928 ac
853 1902 1035 1939 reguntur.
1085 1897 1211 1941 Neque
1236 1909 1319 1933 vero
1344 1900 1389 1933 D.
1414 1899 1631 1942 Praeceptor
1664 1899 1832 1934 bonorum
1865 1904 1900 1934 et
1926 1899 2045 1934 docto-

264 1957 341 1980 rum
366 1949 518 1983 virorum
540 1949 675 1993 judicia
701 1962 855 1996 unquam
882 1954 1096 2000 abhorrebit,
1125 1967 1215 1999 quae
1244 1958 1362 1991 subire
1389 1957 1481 1992 ultro
1508 1957 1675 2000 cogitat.“
1706 1977 1747 1981 —

400 2009 453 2041 De
480 2019 586 2053 opere
614 2010 799 2054 Copernici
830 2013 920 2048 haec
951 2014 1061 2048 refert
1086 2015 1278 2049 Rheticus:
1317 2016 1379 2057 Ὃ1).
1407 2016 1449 2048 D.
1477 2015 1695 2059 Praeceptor
1719 2027 1818 2051 meus
1851 2027 1911 2051 sex
1935 2017 2045 2052 libros

265 2066 488 2111 conscripsit,
520 2067 556 2101 in
587 2070 716 2111 quibus
752 2071 797 2105 ad
832 2071 1063 2108 imitationem
1095 2074 1289 2109 Ptolemaei
1321 2074 1459 2118 singula
1491 2078 1733 2118 μαθηματικως
1766 2079 1800 2107 et
1834 2074 2046 2118 geometrica

265 2124 430 2159 methodo
462 2125 621 2161 docendo
649 2132 684 2161 et
710 2128 984 2165 demonstrando
1019 2136 1131 2166 totam
1168 2135 1421 2167 astronomiam
1454 2133 1662 2176 complexus
1698 2136 1761 2165 est.
1810 2132 1946 2167 Priores
1973 2137 2045 2166 tres

264 2180 373 2216 libros
396 2183 580 2227 perdidici,
607 2187 723 2230 quarti
748 2188 949 2231 generalem
975 2189 1089 2224 ideam
1116 2191 1275 2235 concepi,
1302 2191 1521 2235 reliquorum
1548 2200 1628 2224 vero
1654 2189 1870 2234 hypotheses
1896 2191 2044 2233 primum

264 2240 380 2276 animo
405 2243 613 2287 complexus
639 2256 727 2281 sum.
769 2246 947 2290 Quantum
974 2249 1018 2283 ad
1042 2249 1179 2293 priores
1199 2249 1288 2284 duos
1307 2250 1443 2292 attinet,
1469 2249 1557 2283 nihil
1582 2247 1647 2282 tibi
1672 2246 1895 2281 scribendum
1912 2247 2044 2291 putavi,

265 2298 361 2341 quod
387 2298 549 2334 doctrina
573 2303 677 2346 primi
702 2304 842 2339 mobilis
869 2305 957 2339 nihil
985 2316 1005 2339 a
1029 2312 1174 2350 recepta
1198 2308 1335 2342 ratione
1362 2307 1530 2350 discedit,
1557 2306 1625 2340 nisi
1650 2304 1745 2349 quod
1771 2304 1912 2339 tabulas
1938 2304 2044 2339 decli-

263 2356 466 2403 nationum,
503 2362 750 2396 ascensionum
782 2369 959 2398 rectarum
985 2369 1052 2399 etc.
1089 2366 1139 2399 ita
1175 2365 1217 2399 de
1250 2366 1389 2410 integro
1421 2364 1636 2403 construxit,
1668 2367 1707 2397 ut
1740 2362 2044 2398 observationibus

264 2415 418 2450 omnium
450 2422 607 2453 aetatum
646 2430 710 2463 per
740 2427 879 2464 partem
911 2424 1213 2467 proportionalem
1245 2423 1504 2458 accommodari
1541 2422 1687 2467 possint.
1743 2421 1841 2464 Quae
1873 2421 1908 2455 in
1943 2422 2043 2456 tertio

262 2472 353 2508 libro
379 2475 496 2521 tradit,
523 2477 585 2510 tibi
611 2477 764 2513 dilucide
788 2480 957 2515 recitabo.
985 2501 1027 2504 —
1055 2482 1141 2515 Cum
1168 2482 1209 2516 D.
1237 2482 1372 2516 Doctor
1402 2492 1501 2516 meus
1526 2481 1707 2515 Bononiae
1739 2491 1811 2514 non
1841 2484 1912 2514 tam
1939 2479 2045 2514 disci—

263 2530 381 2575 pulus,
408 2540 513 2575 quam
538 2535 682 2578 adjutor
707 2540 741 2571 et
766 2538 866 2572 testis
892 2539 1179 2574 observationum
1213 2540 1407 2575 doctissimi
1432 2540 1496 2574 viri
1522 2539 1697 2573 Dominici
1722 2538 1879 2583 Mariae,
1911 2538 2045 2572 Romae

264 2593 383 2623 autem
410 2595 450 2630 (c,
477 2604 505 2626 a.
533 2596 633 2632 1500>
659 2600 764 2629 natus
789 2600 899 2631 annos
925 2597 1007 2640 plus
1033 2598 1149 2632 minus
1175 2598 1218 2632 27
1244 2604 1369 2637 (natum
1397 2599 1613 2640 Copernicum
1641 2600 1783 2629 referunt
1809 2599 1840 2631 d.
1868 2600 1920 2630 19.
1947 2598 2042 2633 Febr,

268 2649 364 2684 1473)
389 2647 572 2690 professor
595 2652 850 2687 mathematum
876 2654 911 2688 in
936 2665 1063 2698 magna
1087 2655 1380 2691 scholasticorum
1405 2655 1602 2699 frequentia
1629 2661 1664 2689 et
1689 2665 1819 2689 corona
1836 2664 2044 2697 magnorum

263 2703 414 2737 virorum
441 2711 475 2739 et
499 2708 672 2744 artificum
697 2710 732 2744 in
757 2711 826 2746 hoc
851 2712 1033 2747 doctrinae
1057 2723 1197 2757 genere,
1224 2713 1350 2748 deinde
1375 2713 1432 2747 hic
1457 2714 1637 2748 Warmiae
1663 2713 1737 2748 suis
1762 2722 1890 2746 vacans
1917 2710 2043 2746 studiis

264 2771 400 2795 summa
423 2775 506 2798 cura
532 2767 796 2805 observationes
821 2776 1039 2817 annotasset,
1064 2773 1172 2816 elegit
1196 2783 1289 2817 eam,
1317 2783 1422 2817 quam
1449 2782 1541 2806 anno
1566 2772 1668 2807 1525.
1698 2771 1741 2805 de
1765 2769 1863 2813 spica
1887 2768 2043 2813 Virginis

265 2817 401 2855 habuit.
449 2822 638 2859 Constituit
663 2832 793 2872 autem,
820 2839 897 2863 eam
923 2831 1125 2874 elongatam
1150 2831 1260 2865 fuisse
1278 2842 1298 2864 a
1315 2836 1448 2876 puncto
1474 2829 1671 2865 autumnali
1699 2828 1755 2863 17⁰
1772 2828 1827 2862 21¹
1852 2826 1936 2872 fer0⁷
1962 2838 2042 2861 cum

264 2875 375 2919 ipsius
401 2878 668 2919 declinationem
686 2888 914 2922 meridianam
931 2890 971 2924 8⁰
988 2891 1043 2923 40¹
1061 2890 1353 2934 deprehenderet.
1401 2888 1539 2925 Deinde
1564 2887 1749 2922 conferens
1775 2894 1896 2919 omnes
1922 2883 2041 2919 obser-

265 2934 424 2970 vationes
442 2944 623 2975 auctorum
642 2954 720 2977 cum
739 2946 823 2990 suis,
850 2947 983 2982 invenit
1002 2948 1258 2983 revolutionem
1276 2948 1474 2982 anomaliae
1500 2957 1564 2982 seu
1582 2944 1703 2981 circuli
1721 2943 1933 2978 diversitatis
1961 2952 2041 2978 esse

264 2991 475 3035 completam
500 3007 634 3040 nosque
659 3006 781 3036 nostra
812 3008 946 3050 aetate,
981 3016 1000 3039 a
1027 3007 1236 3042 Timochare
1261 3017 1393 3051 usque,
1425 3005 1460 3039 in
1492 3004 1650 3040 secunda
1680 3001 1900 3036 revolutione
1925 3003 2037 3038 esse.“

264 3049 330 3083 His
356 3050 440 3086 dicit
464 3053 634 3090 Rheticus
659 3064 792 3094 motum
817 3063 969 3098 medium
1003 3065 1185 3099 stellarum
1216 3065 1368 3099 fixarum
1395 3063 1635 3107 inaequalem,
1672 3069 1764 3104 quae
1796 3063 1955 3103 tempore
1980 3059 2038 3093 Ti—

265 3108 439 3149 mocharis
463 3111 563 3149 aunis
588 3113 631 3147 72
654 3125 718 3158 per
742 3128 848 3156 unum
873 3121 1022 3167 gradum
1046 3133 1258 3168 progressae
1282 3122 1428 3167 fuerint,
1463 3122 1507 3157 ab
1532 3119 1740 3166 Hipparcho
1765 3117 1811 3153 ad
1834 3115 2038 3152 Menelaum
