2157 3398
267 160 351 206 678
939 163 1022 199 Vita
1044 160 1068 196 J
1070 163 1195 199 oannis
1218 161 1379 208 Kepleri.

268 282 343 331 ipsi
385 281 629 320 consentiunt
669 280 840 329 mihique
881 281 1114 330 suscipiendi
1160 283 1305 320 itineris
1354 286 1530 320 auctores
1570 285 1608 320 et
1649 288 1828 320 suasores
1869 278 2052 319 existunt.

267 339 397 378 Unum
429 346 496 385 est,
530 341 568 374 111
600 350 676 387 quo
708 350 912 388 parumper
943 339 1101 377 haerent
1132 345 1170 376 et
1200 341 1236 376 in
1270 351 1345 388 quo
1377 339 1472 376 nihil
1494 339 1649 388 quidem
1671 339 1744 388 ipsi
1767 341 1954 384 statuunt,
1986 337 2054 375 sed

269 409 378 436 suam
411 402 558 434 tantum
600 398 829 433 sententiam
864 397 1073 442 dictantes,
1115 409 1193 434 rem
1232 399 1354 446 ipsam
1388 396 1672 434 Facultatis
1716 396 2051 443 theologicae

269 457 427 493 arbitrio
460 454 706 501 subjecerunt
738 454 919 503 illiusque
951 454 1111 491 consilio
1151 461 1251 492 stare
1292 456 1436 493 volunt.
1501 454 1639 492 Malint
1676 465 1835 502 nempe,
1876 465 1935 490 me
1967 464 2054 490 cum

269 515 363 551 meis
395 511 635 559 aequalibus,
671 513 767 548 inter
799 524 896 560 quos
927 512 1112 550 hactenus
1144 513 1181 548 in
1213 512 1313 550 hanc
1344 524 1449 561 spem
1482 513 1670 550 enutritus
1701 524 1797 558 sum,
1831 513 1869 547 in
1901 511 2053 548 theolo-

268 573 370 620 giam
403 570 621 606 incumbere
663 580 897 618 operamque
939 569 1029 607 olim
1062 570 1233 607 adultam
1264 570 1461 608 Ecclesiae
1505 570 1648 607 offerre.
1710 568 1795 606 Non
1835 569 1975 617 loquor
2007 568 2054 605 de

269 628 396 665 studio
429 638 622 663 sacrarum
654 627 848 664 literarum
882 629 1110 676 praecipue,
1150 628 1254 676 quod
1297 628 1389 665 mihi
1428 640 1550 677 usque
1593 627 1689 665 adeo
1717 626 1932 676 jucundum
1964 626 2054 663 fecit

269 686 399 722 divina
431 686 567 733 gratia,
600 689 652 729 ut,
687 685 870 733 quicquid
904 685 1057 722 tandem
1091 685 1136 722 de
1167 698 1226 723 me
1257 685 1334 732 fiat,
1368 686 1481 723 modo
1515 687 1568 722 ita
1598 685 1691 721 mihi
1722 689 1915 733 protector
1946 685 2054 721 Deus

267 754 401 780 sanam
434 748 600 779 mentem
633 748 670 779 et
701 743 918 781 libertatem
949 748 1139 792 proroget,
1173 755 1249 781 non
1273 745 1439 792 cogitem
1470 742 1566 780 illud
1588 754 1758 791 unquam
1791 743 2053 781 intermittere.

268 800 344 838 Sed
377 800 494 837 oritur
527 812 572 838 ex
605 800 811 838 collatione
844 800 1005 838 duorum
1048 803 1149 839 vitae
1189 813 1371 850 generum
1412 802 1509 838 haec
1542 800 1759 838 difficultas.
1822 800 1918 837 Cum
1950 801 2050 837 euim

267 868 380 895 nemo
417 858 491 895 sibi
530 857 603 895 soli
639 864 752 895 natus
783 860 851 905 sit,
894 859 961 896 sed
992 859 1179 896 talentum
1211 859 1374 907 quilibet
1405 861 1612 907 acceperit,
1653 870 1729 906 quo
1770 857 1856 894 aliis
1896 869 2051 905 quoque

267 916 406 964 prosit:
440 916 557 953 tutius
589 916 742 964 quidem
775 917 993 954 foeneratur
1023 922 1061 954 et
1091 918 1286 963 sincerius,
1320 918 1384 964 qui
1417 918 1463 954 iis
1495 919 1531 952 in
1555 917 1667 953 rebus
1700 920 1769 961 est,
1803 915 1942 963 quibus
1967 926 2052 952 esse

264 974 440 1022 jubetur3
472 974 656 1022 majorem
688 979 815 1011 tamen
845 977 1008 1022 gratiam
1039 975 1170 1025 habet,
1202 976 1268 1022 qui
1300 974 1443 1021 decem,
1476 986 1591 1023 quam
1624 975 1689 1022 qui
1721 979 1886 1022 quatuor
1907 973 2053 1010 talenta

269 1033 517 1079 comparavit.
579 1031 676 1068 Mihi
708 1043 799 1069 vero
833 1038 1100 1081 praeterquam
1133 1032 1234 1081 quod
1262 1033 1347 1080 Jure
1380 1034 1595 1069 vocationis
1636 1031 1763 1069 aditus
1794 1030 1843 1068 ad
1884 1030 2053 1067 functio-

268 1100 355 1126 nem
388 1088 690 1127 ecclesiasticam
720 1095 845 1138 patet,
889 1092 1043 1138 insuper
1083 1091 1197 1127 otiam
1230 1090 1413 1127 Facultas
1445 1090 1685 1137 Theologica
1725 1093 1814 1126 ante
1858 1088 2052 1126 biennium

273 1147 460 1184 talentum
491 1158 617 1183 meum
650 1149 869 1185 aestimavit
900 1154 937 1186 et
968 1148 1238 1185 honestissimo
1262 1149 1482 1185 testimonio
1514 1149 1550 1183 in
1580 1148 1662 1195 ejus
1682 1147 1799 1184 studii
1820 1146 2053 1195 prorogandi

268 1204 481 1241 subsidium
514 1204 559 1241 de
593 1204 776 1242 Wilensis
817 1205 996 1254 stipendii
1038 1208 1307 1254 prorogatione
1348 1205 1526 1254 providit.
1589 1204 1735 1253 Quodsi
1774 1205 1811 1240 iu
1843 1204 1916 1242 1100
1948 1205 2052 1242 vitae

267 1273 418 1310 genere,
455 1262 537 1299 Deo
565 1262 743 1310 juvante,
775 1268 904 1300 tantos
936 1275 1139 1300 successus
1169 1269 1325 1312 sperant
1356 1275 1453 1300 avus
1485 1274 1592 1300 meus
1623 1267 1805 1311 paternus
1838 1267 1875 1299 et
1905 1261 2054 1310 reliqua

266 1320 557 1368 propinquitas,
591 1325 756 1368 quantos
789 1332 854 1358 eos
885 1333 1039 1369 sperare
1073 1321 1155 1358 vult
1184 1321 1317 1359 talium
1353 1323 1518 1357 virorum
1558 1321 1786 1358 auctoritas:
1830 1327 2053 1367 arrogantes

268 1377 423 1426 quidem
455 1389 520 1414 eos
554 1378 678 1415 dicore
710 1380 795 1426 quis
828 1380 962 1427 possit,
997 1384 1034 1416 et
1065 1391 1173 1416 suam
1206 1380 1334 1428 potius
1368 1390 1600 1427 suorumque
1633 1390 1748 1427 quam
1782 1378 1856 1415 Dei
1888 1378 2054 1426 gloriam

266 1439 303 1472 et
334 1434 529 1472 Ecclesiae
561 1435 804 1473 commodum
837 1441 1076 1485 spectantes,
1120 1436 1186 1474 sed
1225 1442 1325 1474 certe
1357 1438 1509 1473 veniam
1549 1436 1794 1473 merebuntur
1831 1435 1934 1484 apud
1974 1447 2052 1481 eOS,

267 1494 334 1541 qui
366 1493 404 1528 in
436 1492 714 1531 humanitatem
755 1506 846 1543 erga
884 1506 975 1531 suos
1013 1494 1232 1532 humaniter
1275 1498 1460 1533 statuunt.
1522 1494 1657 1542 Neque
1700 1498 1829 1531 tamen
1872 1494 1968 1531 haec
2006 1505 2051 1531 eo

265 1549 366 1587 dicta
397 1550 535 1597 velim,
584 1553 693 1599 quasi
737 1551 810 1589 hoc
843 1557 1069 1600 argumento
1101 1564 1161 1589 me
1203 1553 1356 1601 penitus
1394 1553 1443 1589 ab
1476 1552 1549 1589 1100
1579 1553 1714 1589 itinere
1747 1551 2050 1589 dehortarentur.

264 1607 497 1645 Existimant
530 1609 648 1656 enim,
692 1620 776 1646 cum
809 1609 980 1658 alioquin
1013 1611 1128 1647 etiam
1160 1610 1255 1648 haec
1287 1621 1373 1647 mea
1406 1609 1466 1647 vel
1499 1613 1606 1646 aetas
1640 1609 1703 1646 vel
1733 1610 1850 1646 facies
1884 1609 2053 1646 nondum

261 1667 415 1714 penitus
447 1667 495 1702 sit
527 1672 618 1714 apta
639 1670 852 1715 suggestui,
886 1679 1000 1716 posse
1023 1667 1117 1704 mihi
1146 1668 1257 1705 facile
1290 1669 1325 1703 in
1358 1667 1476 1704 literis
1500 1667 1823 1704 commendatitiis
1857 1667 1971 1716 (quas
2004 1668 2050 1704 D.

264 1723 312 1759 D.
338 1723 598 1761 Cancellarius
629 1725 763 1773 procul
795 1724 911 1762 dubio
945 1726 1085 1763 scribet
1116 1725 1164 1763 ad
1187 1726 1236 1764 D.
1259 1723 1624 1769 Zimmermannum)
1657 1724 1702 1762 de
1734 1726 1916 1762 exercitio
1939 1725 2052 1763 theo-

262 1780 388 1829 logico
420 1783 606 1830 prospici,
649 1793 762 1830 posse
804 1794 864 1820 me
904 1785 1084 1831 privatim
1116 1783 1280 1821 lectione
1313 1783 1518 1820 bibliorum
1550 1782 1792 1831 aliorumque
1824 1784 2052 1832 scriptorum

262 1838 336 1875 hoc
365 1838 532 1876 studium
566 1841 800 1878 continuare.
865 1840 1011 1888 Quodsi
1043 1841 1134 1877 mihi
1165 1853 1232 1890 per
1262 1841 1412 1889 aliquot
1443 1852 1564 1878 annos
1597 1853 1680 1878 cum
1714 1843 1749 1877 in
1782 1841 1867 1886 1100,
1902 1847 1979 1878 111111
2013 1842 2050 1877 111

264 1898 367 1932 0111111
397 1908 536 1945 genere
569 1899 756 1935 bonorum
789 1903 985 1935 auctorum
1019 1903 1190 1942 versato,
1234 1903 1440 1947 postquam
1476 1899 1663 1946 judicium
1696 1898 1929 1944 adoleverit,
1963 1910 2052 1947 spes

262 1959 363 1991 esset
393 1954 560 1992 adeundi
592 1957 791 1993 ministerii
812 1955 945 2002 Verbi,
979 1961 1094 2005 atque
1125 1958 1216 1993 mihi
1247 1956 1452 1994 diceretur:
1487 1956 1663 2004 Spartam
1697 1962 1833 1994 nactus
1864 1968 1916 2002 05,
1950 1956 2049 1994 hanc

264 2012 374 2048 orna!
408 2012 514 2049 Deus
546 2013 658 2059 bone,
692 2026 809 2061 quam
841 2018 942 2052 essct
974 2014 1069 2051 haec
1102 2014 1269 2051 conditio
1303 2026 1348 2051 ex
1379 2016 1550 2062 ipsorum
1582 2016 1785 2052 sententia.
1838 2014 1982 2052 Verum
2004 2026 2051 2052 ne

263 2068 467 2106 videantur
497 2071 641 2119 pictum
675 2071 723 2108 ad
753 2083 864 2108 suum
896 2072 1059 2109 lubitum
1090 2072 1170 2109 filio
1202 2083 1271 2110 suo
1304 2071 1498 2120 postulare
1530 2077 1694 2118 statum,
1727 2072 1814 2110 ideo
1846 2084 1960 2121 super
1994 2072 2053 2110 his

259 2126 446 2174 judicium
489 2128 684 2166 facultatis
722 2129 984 2178 theologicae,
1028 2137 1069 2166 ut
1106 2129 1206 2176 dixi,
1248 2135 1485 2177 exspectant.
1546 2130 1645 2167 Nam
1677 2134 1714 2168 et
1754 2131 1893 2178 ingrati
1933 2130 2049 2167 futuri

264 2185 351 2230 sint,
384 2186 415 2221 si
448 2186 674 2224 inconsultis
708 2188 817 2224 vobis
849 2188 941 2224 mihi
974 2187 1066 2235 quid
1097 2188 1359 2235 praescribant
1390 2189 1427 2224 in
1460 2189 1506 2224 iis
1537 2187 1686 2233 studiis,
1719 2188 1757 2223 in
1789 2189 1930 2236 quibus
1963 2189 2049 2237 opi-

269 2241 466 2288 tulatores,
502 2243 708 2281 directores
741 2250 778 2282 et
810 2250 1077 2294 praeceptores
1110 2245 1294 2283 hactenus
1326 2245 1474 2289 fuistis3
1508 2251 1545 2282 et
1575 2245 1648 2283 hoc
1680 2247 1805 2294 ipsum
1838 2246 2052 2291 consilium,

265 2299 369 2347 quod
409 2302 561 2349 scripsi,
593 2302 760 2339 fatentur
798 2304 872 2351 ipsi
904 2308 945 2339 ut
975 2302 1143 2340 illiterati
1175 2314 1250 2340 non
1282 2304 1435 2351 penitus
1468 2303 1698 2351 intelligere,
1733 2316 1778 2341 ex
1811 2315 1850 2341 re
1881 2305 2049 2341 futurum

264 2358 314 2394 sit
345 2368 416 2394 nec
447 2370 505 2403 ue,
539 2363 575 2395 et
606 2359 736 2397 fierine
767 2361 891 2408 possit
921 2372 970 2397 an
1001 2371 1091 2399 non.
1147 2360 1245 2397 Suas
1266 2362 1383 2409 igitur
1404 2366 1530 2409 partes
1553 2361 1678 2411 vobis,
1711 2366 1897 2409 tanquam
1920 2362 2051 2399 alteris

264 2416 360 2452 meis
381 2417 604 2463 parentibus
625 2418 877 2464 committunt,
911 2423 959 2463 et,
992 2419 1074 2455 sive
1096 2417 1168 2455 hoc
1197 2419 1274 2465 jam
1298 2418 1439 2456 dictum
1460 2418 1640 2461 medium,
1674 2420 1757 2456 sive
1779 2419 1884 2456 aliud
1907 2421 2051 2468 proba-

267 2473 418 2519 veritis,
450 2478 573 2510 ratum
606 2474 816 2513 habebunt.
878 2475 1113 2512 Pollicentur
1144 2478 1277 2522 etiam,
1310 2488 1350 2514 se
1382 2476 1454 2514 hoc
1484 2488 1605 2525 genus
1639 2477 1837 2523 beneficii,
1869 2489 2045 2526 quacun-

266 2541 340 2578 que
372 2529 462 2568 data
494 2533 715 2579 occasione,
755 2534 898 2570 mutuis
940 2532 1074 2570 officiis
1112 2545 1178 2581 pro
1218 2535 1318 2571 virili
1351 2539 1678 2583 compensaturos.
1741 2534 1849 2572 Haec
1879 2535 1971 2572 mihi
2004 2547 2048 2573 ex

266 2587 418 2626 illorum
447 2591 639 2627 sententia
669 2590 867 2628 referenda
898 2596 1015 2629 erant.
1076 2590 1227 2629 Valete.

1002 2705 1307 2753 subjectissimus

1055 2763 1264 2812 discipulus

1504 2821 1560 2861 M.
1591 2821 1628 2860 J
1625 2833 1717 2860 .
1749 2821 1912 2871 Kepler.

406 2940 599 2983 Collegium
624 2943 805 2978 facultatis
830 2943 1053 2987 theologicae
1078 2944 1325 2979 intercessisse
1349 2955 1414 2987 pro
1440 2944 1607 2989 Keplero,
1635 2955 1679 2979 ex
1703 2945 1772 2979 1100
1789 2950 1888 2989 patet
1907 2948 2048 2984 decreto

269 2996 368 3030 ducis
394 2998 578 3043 Friderici,
606 3000 635 3034 d.
664 3000 696 3035 d.
724 3003 754 3035 5.
782 3001 919 3035 Martii:
941 3028 947 3035 .
971 3028 978 3037 .
998 3028 1006 3036 .
1028 3029 1033 3035 .
1076 3001 1153 3035 Wir
1178 3001 1294 3035 haben
1321 3001 1456 3035 Vnsers
1484 3001 1712 3046 stipendiarii
1737 3002 1785 3037 M.
1813 3004 1845 3038 J.
1871 3004 2049 3048 Kepplers

268 3052 501 3097 vnderthanig
527 3056 765 3099 supplicieren
790 3058 952 3092 beneben
979 3058 1140 3093 Ewerem
1165 3058 1485 3100 Vnderschreiben,
1511 3060 1601 3094 auch
1626 3061 1671 3095 D.
1697 3060 1977 3097 Zimmermanns
2003 3074 2048 3097 zu

271 3109 378 3145 Gr'atz
403 3111 625 3155 eingelegten
650 3113 771 3158 Zedel,
797 3115 853 3150 die
879 3115 1051 3159 erledigte
1075 3116 1334 3160 professionem
1351 3116 1623 3153 Mathematices
1649 3116 1808 3155 daselbst
1836 3118 2047 3167 betreffend,
