2126 3388
222 170 306 215 940
898 171 980 206 Vita
1004 171 1154 206 Joannis
1180 172 1338 217 Kepleri.

221 291 357 329 ultima
387 289 584 337 malorum,
619 290 799 335 contagio
830 289 946 328 febris
978 289 1193 339 Ungaricae
1225 290 1447 329 maculosae
1468 291 1671 340 (pietatem
1702 291 1784 329 ulta
1803 303 1879 330 non
1912 296 2010 331 tem-

221 350 391 398 perantis
423 348 496 384 sibi
529 359 551 385 a
583 347 786 385 visitandis
818 348 987 396 infectis)
1022 350 1203 398 corripuit
1236 351 1523 398 importansque
1545 350 1804 387 tristissimum
1826 351 1897 388 sub
1919 351 2010 389 Sole

221 405 521 444 melancholicae
553 403 722 452 (ἐθυμιας
752 412 972 455 symptoma
1002 407 1049 444 ad
1081 413 1294 446 extremum
1322 408 1515 454 exstinxit,
1548 412 1656 445 tanta
1678 409 2010 447 commiseratione

221 463 483 513 popularium,
527 468 569 500 ut
601 469 727 501 essent
759 476 858 512 quae
890 465 1151 503 exclamarent
1191 468 1228 503 in
1261 466 1344 514 ejus
1376 466 1527 511 funere,
1569 471 1658 514 post
1688 465 1789 504 hanc
1819 466 2011 515 sepultam

221 524 257 558 in
290 521 396 559 terris
428 532 503 558 non
535 533 736 570 superesse
767 522 921 563 bonam.
983 522 1093 570 Quae
1124 524 1331 561 tristissimi
1363 535 1475 561 casus
1508 525 1656 572 imago,
1696 536 1917 573 quanquam
1948 525 2012 563 vel

220 581 368 617 hostem
400 579 623 627 barbarum,
666 582 698 617 si
730 585 924 629 spectator
954 581 1108 629 fuisset,
1151 581 1292 619 nedum
1323 583 1521 628 maritum,
1565 583 1824 620 communium
1862 588 2011 632 patrem

221 637 427 674 liberorum
460 639 683 686 perturbare
714 640 917 687 potuisset,
950 643 1091 686 tamen,
1126 641 1236 687 quasi
1267 640 1341 678 hoc
1372 652 1506 689 parum
1528 644 1641 686 esset,
1675 642 1838 678 accessit
1869 640 1918 678 ad
1941 652 2011 678 cu-

220 695 366 732 mulum
406 696 644 734 miseriarum
685 696 782 734 haec
820 708 976 745 quoque
1018 698 1239 736 insultantis
1281 698 1458 737 fortunae
1498 697 1736 746 malignitas,
1783 698 1887 747 quod
1926 710 2011 736 cum

224 758 325 791 totos
356 753 533 792 undecim
567 766 689 792 anuos
721 755 869 804 Pragae
902 755 1166 793 difficultatem
1200 757 1386 805 assignati
1425 756 1607 805 stipendii
1640 756 1755 794 aulici
1788 757 2011 795 tolerassem

221 823 307 849 cum
329 812 505 860 conjuge,
538 813 704 850 sollicita
725 813 770 851 de
792 825 861 851 suo
885 815 1140 860 matrimonio,
1175 815 1398 852 melioribus
1421 814 1548 863 digna,
1582 826 1666 852 cum
1688 827 1711 852 a
1740 819 1822 852 toto
1849 816 2013 853 triennio

222 870 433 907 discessum
479 882 524 908 ex
556 871 645 908 aula
678 873 712 908 in
752 871 880 909 locum
920 873 1224 921 tranquilliorem
1263 873 1420 910 molitus
1460 884 1583 911 essem
1627 872 1859 922 tandemque
1902 872 2012 910 malis

222 927 530 966 intolerabilibus
562 929 873 978 impendentibus
906 930 1079 978 adactus,
1113 936 1154 968 ut
1175 932 1269 969 meis
1291 932 1564 980 prospicerem,
1596 931 1806 968 violentam
1840 933 2013 981 eruptio-

220 998 306 1024 nem
339 990 565 1034 tentassem,
601 999 685 1025 cum
713 989 794 1037 jam
828 989 874 1027 de
905 989 991 1027 loco
1025 994 1150 1028 certus
1182 1001 1322 1037 essem,
1365 991 1403 1026 in
1437 1001 1512 1038 quo
1544 991 1638 1027 meis
1670 991 1812 1027 rectius
1843 990 2012 1027 futurum

221 1057 353 1094 spero,
396 1046 433 1081 in
466 1046 550 1094 ipso
590 1048 773 1095 temporis
817 1047 979 1085 articulo
1016 1048 1210 1096 jacturam
1248 1047 1349 1086 hanc
1384 1047 1457 1086 feci
1499 1052 1537 1086 et
1573 1047 1749 1097 conjugis
1791 1053 1828 1086 et
1860 1059 2011 1097 operae,

221 1115 338 1153 quam
370 1102 472 1141 illius
503 1106 710 1154 praecipue
741 1105 973 1144 recreandae
1005 1118 1123 1144 causa
1154 1118 1379 1144 sumseram.

360 1161 460 1199 Tum
491 1174 551 1200 res
582 1162 797 1212 Pragenses
829 1165 865 1200 in
900 1163 980 1202 dies
1011 1164 1183 1214 Keplero
1217 1165 1427 1213 iniquiores
1459 1169 1549 1202 sunt
1580 1164 1719 1202 factae.
1780 1164 2011 1214 Rudolphus

225 1221 325 1258 enim
357 1221 575 1269 imperator,
608 1233 630 1258 a
661 1221 841 1259 fratribus
870 1221 1116 1271 Hungariae‚
1152 1223 1381 1269 Bohemiae‚
1417 1223 1597 1260 Austriae
1629 1224 1788 1272 imperia
1820 1222 2013 1272 deponere

222 1284 377 1316 coactus
411 1279 473 1316 vix
506 1279 639 1328 procul
671 1281 720 1318 ab
752 1292 798 1318 eo
831 1285 931 1327 erat,
965 1286 1006 1318 ut
1039 1281 1188 1329 Pragae
1221 1283 1399 1330 captivus
1429 1281 1652 1328 haberetur,
1686 1282 1829 1330 quique
1862 1280 2014 1319 aulico-

222 1349 304 1374 rum
335 1349 458 1385 usqne
492 1337 618 1375 adhuc
641 1338 809 1388 Keplero
843 1339 1030 1386 faverant,
1063 1340 1254 1378 fortunam
1277 1338 1434 1378 aliunde
1466 1339 1698 1377 relucentem
1721 1344 1914 1378 sectantes
1933 1341 2014 1389 jam

220 1407 297 1433 non
329 1395 463 1434 eadem
497 1408 573 1445 qua
603 1398 708 1445 prius
740 1399 956 1435 reverentia
987 1402 1025 1436 et
1056 1398 1229 1436 officiosa
1272 1398 1475 1436 voluntate
1517 1398 1736 1436 habuerunt
1766 1398 2015 1448 Imperatoris

220 1460 494 1491 astronomum.
558 1453 745 1502 Quamvis
777 1457 877 1493 enim
917 1456 1018 1505 apud
1050 1456 1301 1505 Rudolphum
1344 1458 1613 1505 imperatorem
1645 1455 1805 1506 Kepleri
1844 1458 2014 1495 auctori-

221 1518 281 1550 tas
314 1518 352 1550 et
383 1514 602 1551 aestimatio
642 1515 810 1551 maxima
842 1525 925 1552 esse
969 1525 1044 1552 non
1086 1514 1277 1553 desineret
1317 1515 1496 1564 idemque
1538 1515 1587 1553 ab
1629 1526 1674 1553 eo
1715 1516 1935 1553 etiamnunc
1975 1516 2014 1552 in

221 1572 336 1608 rebus
367 1570 416 1608 ad
449 1571 701 1620 astrologiam
733 1573 1013 1622 pertinentibus
1046 1573 1261 1621 consilium,
1295 1573 1600 1612 consolationem
1634 1575 1671 1610 in
1693 1573 1807 1611 rebus
1839 1573 2014 1611 adversis

221 1634 259 1667 et
291 1640 418 1667 coram
452 1635 654 1678 quaereret
685 1635 723 1668 et
754 1642 822 1680 per
852 1630 1060 1680 epistolas,
1093 1636 1244 1678 tamen,
1289 1643 1373 1669 cum
1408 1634 1446 1669 in
1479 1631 1560 1669 dies
1591 1633 1795 1680 angustiae
1826 1633 2015 1681 pecuniae

222 1688 387 1736 majores
420 1687 563 1735 fierent,
598 1688 787 1738 Keplerus
820 1690 883 1726 vix
917 1690 1095 1728 omnibus
1118 1691 1264 1728 viribus
1295 1690 1482 1729 mercedis
1514 1690 1586 1728 sibi
1609 1692 1821 1740 promissae
1843 1690 2015 1739 aliquam

221 1751 369 1795 partem
400 1748 526 1795 potuit
566 1752 804 1796 extorquere.
870 1747 996 1796 Atque
1037 1760 1122 1786 cum
1165 1749 1344 1787 defuncta
1383 1761 1503 1787 uxore
1543 1750 1582 1786 in
1625 1748 1706 1786 dies
1738 1749 1948 1797 iniquiores
1979 1753 2017 1786 et

222 1804 461 1842 molestiores
505 1805 638 1843 fierent
687 1817 747 1843 res
789 1806 1024 1855 Pragenses‚
1081 1809 1324 1845 occasionem
1376 1809 1478 1857 cepit
1517 1807 1590 1845 sibi
1633 1807 1805 1845 oblatam
1847 1806 2015 1844 officium

224 1862 455 1911 deponendit
523 1863 619 1901 Cum
662 1865 762 1902 enim
803 1870 976 1913 tempore
1018 1867 1183 1904 maxime
1227 1870 1444 1914 opportuno
1486 1866 1534 1903 ab
1580 1864 1789 1903 Ordinibus
1830 1864 2014 1903 Austriae

224 1921 439 1970 Superioris
461 1921 638 1960 Lincium
671 1926 884 1971 vocaretur,
917 1924 1026 1961 initio
1049 1923 1204 1973 quidem
1237 1926 1444 1973 imperator
1475 1924 1525 1962 ab
1558 1924 1792 1962 amicissimo
1813 1934 1884 1961 suo
1906 1923 2016 1973 Kep-

223 1979 303 2017 lero
336 1978 458 2017 deseri
491 1979 636 2027 noluit,
681 1986 875 2030 postremo
908 1986 1038 2019 autem
1070 1988 1219 2021 mutata
1251 1984 1443 2021 sententia
1474 1982 1632 2031 Kepleri
1676 1983 1792 2020 cessit
1821 1983 2014 2030 precibus,

225 2037 419 2087 adjunctis
451 2040 599 2086 gratiae
633 2050 751 2077 causa
782 2039 933 2078 duobus
971 2040 1189 2088 beneficiis,
1235 2041 1356 2079 altero
1397 2046 1439 2078 ut
1470 2040 1594 2078 Lincii
1636 2052 1792 2089 quoque
1824 2040 2016 2089 Keplerus

226 2098 465 2145 imperatoris
499 2102 743 2135 astronomus
776 2110 861 2136 esse
892 2110 968 2136 non
1003 2098 1210 2146 desineret,
1254 2099 1375 2137 altero
1418 2103 1459 2137 ut
1490 2100 1693 2148 pecuniam
1726 2099 1760 2137 ei
1792 2099 2018 2137 attribueret

225 2167 247 2192 a
285 2154 377 2192 fiseo
419 2154 661 2193 solvendam.
725 2155 851 2203 Quum
894 2162 1023 2195 autem
1066 2169 1166 2195 anno
1206 2157 1358 2196 demum
1401 2162 1510 2196 1612
1555 2157 1730 2195 Lincium
1773 2156 2014 2206 demigraret,

225 2213 369 2251 factum
401 2219 460 2251 est
491 2218 532 2250 ut
564 2225 648 2251 curn
682 2214 885 2253 decederet
916 2215 1145 2265 Rudolphus
1178 2216 1326 2265 Pragac
1359 2221 1461 2255 esset
1486 2215 1691 2264 Keplerus.

362 2271 470 2309 Idem
504 2271 625 2310 donec
645 2272 769 2311 Lincii
800 2285 859 2311 res
892 2273 1100 2313 familiares
1123 2275 1416 2323 composuisset,
1448 2274 1579 2312 liberis
1610 2273 1790 2311 Susanna
1821 2277 1859 2311 et
1880 2272 2015 2311 Ludo-

226 2330 311 2368 vico
344 2331 381 2366 in
414 2329 614 2368 Moraviae
647 2332 867 2380 provinciae
900 2332 993 2370 urbe
1024 2332 1222 2370 Knustadt
1253 2332 1356 2382 apud
1389 2333 1533 2371 amicos
1564 2331 1775 2382 hospitium
1805 2333 2015 2382 prospexit,

225 2389 291 2425 ubi
323 2387 456 2425 ludum
489 2388 685 2437 publicum
716 2390 1025 2438 frequentabant.
1087 2391 1211 2429 Lincii
1244 2397 1373 2428 autem
1406 2403 1554 2428 morum
1582 2390 1826 2440 jucunditate
1858 2394 1896 2428 et
1926 2401 2013 2428 mo-

226 2446 350 2484 destia
380 2452 418 2484 et
449 2448 633 2484 acerrimo
665 2449 703 2484 in
737 2447 992 2496 exsequendis
1025 2454 1062 2486 et
1094 2449 1258 2498 publicis
1291 2454 1328 2488 et
1359 2450 1520 2498 privatis
1560 2450 1727 2497 negotiis
1766 2447 1894 2486 studio
1925 2459 2015 2486 mox

225 2503 366 2541 multos
399 2509 435 2542 et
478 2506 623 2542 amicos
663 2513 700 2544 et
730 2506 901 2543 fautores
939 2507 1012 2544 sibi
1053 2508 1308 2556 comparavit,
1353 2508 1418 2556 qui
1458 2508 1529 2544 viri
1572 2507 1743 2545 derelicti
1776 2512 1814 2545 et
1843 2507 2015 2544 animum

226 2562 459 2601 discuterent
490 2569 527 2601 et
558 2565 718 2612 exiguas
740 2577 799 2603 res
821 2563 1028 2603 familiares
1059 2567 1177 2604 variis
1209 2565 1333 2604 modis
1355 2570 1551 2615 augerent.
1594 2564 1764 2614 Quorum
1796 2566 1834 2601 in
1856 2576 2015 2603 numero

225 2623 367 2670 primos
410 2621 516 2659 locos
559 2626 691 2660 tenent
732 2623 914 2660 Erasmus
962 2622 1008 2661 dc
1052 2624 1382 2673 Staremberg
1424 2630 1462 2663 et
1505 2623 1697 2673 Georgius
1743 2622 1925 2661 Erasmus
1969 2622 2014 2660 de

226 2679 639 2726 Tschernembel‚
672 2682 709 2717 in
745 2681 944 2719 discordiis
966 2693 1054 2719 mox
1081 2681 1127 2719 de
1159 2682 1344 2731 religione
1377 2683 1469 2720 ortis
1501 2682 1737 2721 clarissimus
1769 2681 2013 2719 Lutheranae

227 2749 367 2775 causae
401 2743 438 2776 et
469 2738 645 2776 defensor
677 2743 714 2777 et
744 2744 1020 2789 propugnator.
1081 2740 1270 2779 Matthias
1310 2742 1537 2790 imperator,
1579 2742 1646 2788 qui
1676 2738 1884 2789 Rudolpho
1922 2750 2013 2776 suc-

227 2801 404 2843 cesserat,
439 2801 476 2833 et
507 2798 589 2845 ipse
616 2797 826 2846 Keplerum
859 2802 1120 2836 astronomum
1153 2811 1375 2838 caesareum
1409 2811 1493 2837 esse
1525 2798 1649 2837 voluit
1680 2797 1881 2845 eidemque
1911 2808 2014 2835 mer-

228 2852 361 2890 cedem
392 2853 588 2903 publicam
620 2856 787 2904 amplius
820 2856 1048 2894 solvendam
1081 2869 1165 2895 esse
1199 2857 1330 2906 jussit.
1393 2856 1520 2905 Quum
1560 2861 1689 2894 autem
1720 2855 1905 2892 Matthias
1936 2866 2013 2892 non

228 2912 352 2948 minus
385 2924 499 2960 quam
530 2912 760 2963 Rudolphus
794 2915 839 2953 de
871 2916 1033 2963 pecunia
1064 2914 1278 2962 laboraret,
1319 2915 1510 2965 Keplerus
1547 2916 1612 2952 vix
1649 2913 1944 2953 accuratissimis
1977 2917 2014 2951 et

229 2969 306 3005 suis
339 2973 375 3007 et
407 2971 614 3008 amicorum
646 2973 824 3021 precibus
856 2973 992 3020 effecit,
1026 2977 1068 3009 ut
1100 2973 1253 3011 debitae
1285 2974 1472 3022 pecuniae
1504 2971 1651 3022 aliquid
1682 2971 1919 3020 exprimeret.

364 3026 454 3064 Jam
487 3039 572 3065 cum
604 3029 753 3079 Pragae
787 3035 899 3077 esset,
933 3035 969 3069 et
999 3032 1111 3069 amici
1145 3036 1182 3069 et
1213 3032 1384 3081 inprimis
1408 3031 1566 3078 amicae,
1599 3040 1698 3077 quae
1728 3030 1783 3066 rei
1811 3028 2013 3067 familiaris

230 3082 437 3132 Keplerum
470 3087 796 3134 imperitissimum
829 3100 912 3126 esse
935 3089 1032 3127 bene
1054 3089 1324 3138 intelligerent,
1357 3088 1562 3135 monendo,
1594 3085 1791 3125 suadendo
1821 3086 2012 3125 adducere

230 3151 316 3177 eum
348 3143 475 3180 conati
505 3149 606 3191 sunt,
640 3149 682 3182 ut
712 3146 750 3183 in
782 3146 971 3185 secundas
1003 3148 1158 3197 nuptias
1189 3148 1380 3195 transiret,
1413 3157 1572 3196 quorum
1603 3144 1781 3198 precibus
1812 3146 1894 3196 ipse
1925 3156 2011 3184 ces·-
