2126 3388
201 161 287 206 904
875 159 958 194 Vita
982 158 1132 194 Joannis
1157 158 1317 204 Kepleri.

201 285 384 319 semestre
416 280 532 328 petii3
572 290 660 315 nam
694 282 844 317 tuarum
886 278 1073 316 haetenus
1105 277 1200 315 nihil
1233 280 1364 327 accepi
1397 290 1443 316 ex
1475 290 1552 327 quo
1591 278 1832 318 obsidionem
1864 277 1989 317 Lincii

201 339 377 378 toleravi,
411 337 508 375 Vale
531 341 715 387 tuamque
739 348 897 375 uxorem
920 341 957 374 et
978 340 1091 374 notos
1115 347 1246 374 omnes
1264 335 1404 375 saluta.
1437 334 1576 375 Ulmae
1593 334 1849 390 16.J26.Dec.
1866 341 1989 376 1626.

1079 394 1121 434 Ε.
1152 394 1196 433 Τ.
1479 395 1635 432 Amicus
1667 400 1704 433 et
1735 395 1875 444 hospes

1557 453 1624 492 Jo.
1657 451 1819 502 Kepler.

346 556 457 599 1627.
502 557 711 596 Revolutio
752 560 853 597 anni.
916 557 1030 595 Edidi
1062 556 1200 596 Ulmae
1232 558 1405 596 Tabulas
1436 557 1718 606 Rudolphinas.
1779 558 1995 608 Septembri

204 619 257 655 ivi
288 615 592 662 Franeofurtum,
627 616 835 654 Novembri
869 615 1034 662 Ulmani,
1066 616 1331 662 Ratisbonam,
1364 616 1568 654 Decembri
1600 616 1776 665 Pragani.

343 677 442 720 Quae
468 677 536 712 hoc
562 688 654 711 anno
680 677 860 721 Keplorus
885 688 949 721 per
973 676 1094 711 literas
1121 676 1192 720 egit
1218 686 1296 710 cum
1322 676 1622 721 Berneggero
1650 683 1684 710 et
1711 676 1994 711 Schickardo

204 735 372 779 leguntur
397 734 467 769 vol.
492 735 554 770 VI.
579 747 614 779 p.
642 736 707 770 [319
735 745 782 770 SS.
833 735 890 769 Ex
917 734 1079 778 epistolis
1106 734 1151 769 ad
1170 734 1434 778 Berneggerum
1459 738 1620 779 apparet,
1646 735 1841 780 Keplerum
1866 745 1995 779 propo-

207 794 313 828 situm
331 792 512 838 habuisse,
540 793 644 827 editis
663 791 812 827 Tabulis
839 791 1008 827 secedere
1033 792 1068 826 in
1094 791 1214 826 locum
1243 802 1325 833 „eas
1353 792 1524 827 doccndi“
1553 792 1588 826 in
1609 792 1798 826 Germania
1823 792 1877 826 vel
1896 796 1997 827 extra

206 851 369 896 patriam,
394 851 503 895 paulo
530 855 612 895 post
636 862 718 886 vero
744 854 882 885 mutato
910 849 1059 885 consilio
1086 850 1220 894 scribit,
1248 851 1404 884 rationes
1431 860 1469 884 se
1494 849 1626 884 habere
1652 849 1878 894 domesticaS,
1907 860 1998 893 quae

208 919 245 943 se
271 908 404 943 arctius
430 909 578 953 alligent
597 909 774 953 Austriae,
803 909 962 952 quamvis
988 909 1143 944 nondum
1172 919 1320 944 securus
1345 908 1390 942 sit
1418 909 1623 953 „proposito
1653 909 1813 944 Caesaris
1838 914 1911 944 tam
1936 910 1998 944 mi·

208 966 325 1011 naci“,
352 978 434 1001 num
462 966 595 1002 diutius
621 967 669 1000 ibi
694 967 810 1011 possit
836 968 979 1002 morari.
1032 968 1252 1010 „Hactenus,
1278 966 1406 1010 inquit,
1434 966 1508 1000 sedi
1534 966 1650 1000 Lincii
1675 966 1805 1001 salario
1832 965 2000 1002 suffultus

208 1036 414 1071 procerum,
450 1026 603 1060 aulicum
635 1025 670 1059 in
698 1025 877 1068 augmenti
908 1025 1089 1059 honorarii
1116 1029 1218 1069 parte
1248 1025 1411 1068 reputavi
1437 1034 1502 1058 nec
1528 1024 1601 1058 ursi
1627 1024 1795 1068 sollicite3
1831 1029 1999 1069 typogra-

209 1087 330 1131 phiam
356 1085 514 1129 aliquam
539 1083 722 1119 introduxi
747 1083 941 1128 adjuvique
966 1094 1031 1127 pro
1057 1083 1211 1127 viribus,
1248 1081 1425 1127 opuscula
1449 1081 1621 1117 nonnulla
1646 1081 1786 1117 excudi.
1833 1083 1881 1117 At
1905 1093 2000 1117 nunc

210 1145 317 1190 periit
343 1143 508 1187 Austria3
536 1142 566 1177 si
590 1146 761 1185 revertar,
787 1142 823 1176 in
849 1141 965 1177 aulam
993 1140 1261 1175 concedendum
1287 1140 1374 1174 erit“
1404 1141 1452 1183 (6.
1478 1141 1596 1184 Apr).
1638 1140 1918 1184 „Circumspicio
1944 1150 2001 1174 oc-

211 1204 384 1243 00010005,
409 1201 575 1237 manendi
600 1200 635 1234 in
655 1200 843 1234 Germania
861 1198 1048 1243 superiori,
1075 1198 1285 1243 praesertim
1311 1209 1391 1233 cum
1417 1208 1538 1232 omnes
1565 1196 1761 1240 evangelici
1787 1207 1831 1231 ex
1857 1197 2003 1232 Austria

210 1262 429 1305 relegentur:
462 1264 578 1293 metus
603 1258 724 1303 itaque
748 1268 803 1292 me
828 1257 952 1301 habet,
985 1267 1029 1290 ne
1064 1261 1097 1290 et
1124 1266 1188 1299 ego
1216 1255 1380 1291 exulibus
1406 1266 1613 1297 acccnsear,
1649 1255 1727 1290 loco
1752 1254 1908 1299 gratiae,
1935 1265 2007 1299 qua

212 1322 357 1359 fruebar
380 1321 568 1355 hactenus.
617 1317 786 1352 Euudum
812 1321 929 1349 tamen
963 1317 1019 1349 est
1044 1314 1226 1353 Lincium,
1260 1314 1420 1349 elocatae
1452 1314 1627 1359 pecuniae
1660 1316 1790 1348 causa“
1819 1314 1867 1357 (1.
1896 1314 2005 1358 Oct).

215 1379 411 1416 Consilium
443 1378 509 1412 sibi
540 1376 678 1421 expetit
711 1373 931 1417 Berneggcri
963 1372 1006 1406 de
1040 1370 1285 1406 distrahendis
1317 1372 1486 1416 Tabulis,
1525 1371 1637 1406 refert
1669 1371 1713 1405 (le
1745 1372 2006 1416 Hyperaspiste

214 1438 304 1483 (VII.
335 1437 431 1480 150),
468 1434 671 1469 absolutum
696 1437 821 1477 typum
848 1430 1067 1465 Tabularum
1092 1429 1192 1464 initio
1220 1430 1454 1474 Septembris,
1502 1431 1544 1465 In
1569 1430 1730 1475 epistolis
1757 1430 1802 1466 ad
1820 1429 2005 1464 Schickar-

215 1497 298 1532 dum
325 1493 479 1538 (scriptis
505 1504 526 1528 a
553 1492 609 1527 die
634 1492 691 1527 23.
710 1491 790 1525 Jan.
818 1489 861 1523 ad
892 1489 944 1524 10.
962 1488 1063 1531 Nov.)
1090 1489 1163 1532 agit
1188 1488 1365 1532 Keplerus
1393 1488 1436 1522 dc
1462 1489 1535 1523 filio
1560 1489 1680 1523 Ludo
1694 1489 1793 1523 vico
1820 1488 2006 1532 Tubingae

216 1556 382 1598 degente,
425 1552 468 1587 de
513 1548 735 1586 conficienda
770 1547 894 1582 tabula
935 1545 1028 1580 orbis
1067 1546 1217 1589 Terrae,
1259 1556 1365 1589 quam
1404 1546 1641 1591 Rudolpbinis
1681 1546 1813 1581 addere
1856 1545 2007 1590 parabat

215 1613 292 1659 (VI.
323 1611 418 1654 628),
446 1609 599 1653 denique
626 1608 669 1643 de
693 1606 919 1651 professione
945 1604 1156 1639 Schickardi
1175 1603 1254 1647 [VI.
1273 1603 1338 1638 632
1358 1604 1424 1647 ss).
1473 1604 1640 1639 Pluribus
1667 1604 1810 1639 disserit
1827 1604 2006 1648 Keplerus

219 1671 261 1706 de
285 1669 358 1704 filio
385 1668 537 1711 ejusque
567 1665 711 1710 ingenio
739 1668 774 1698 et
799 1663 976 1704 moribus,
1014 1663 1107 1697 sicut
1141 1662 1247 1697 etiam
1273 1661 1317 1696 ‹le
1342 1663 1450 1697 rebus
1483 1663 1556 1697 suis
1590 1662 1793 1698 domesticis
1818 1661 1854 1696 in
1878 1662 1935 1697 his
1960 1662 2005 1698 ad

216 1724 477 1762 Schickardum
503 1723 577 1767 (19.
604 1721 755 1766 Aprilis)
782 1721 873 1756 datis
898 1721 1019 1755 literis.

355 1785 394 1823 S.
426 1784 471 1824 P.
506 1784 554 1821 D.
599 1783 738 1820 Literis
769 1783 867 1830 tuiS,
909 1781 1093 1831 postridie
1125 1780 1329 1819 Paschatis
1361 1782 1532 1831 scriptis,
1568 1792 1664 1830 quas
1696 1786 1783 1830 post
1815 1781 2005 1820 decimum

218 1844 349 1894 accepi
371 1843 484 1890 diem,
518 1853 675 1880 causam
707 1840 774 1878 filii
807 1841 881 1878 mei
904 1852 1053 1877 summa
1085 1841 1121 1875 in
1155 1841 1280 1888 ipsum
1313 1839 1386 1877 fide
1419 1841 1542 1889 egisti.
1603 1840 1786 1888 Agnosco
1819 1844 1856 1878 et
1885 1852 2004 1889 argu-

218 1909 347 1941 menta
378 1902 426 1939 ab
458 1902 543 1950 ipso
573 1899 833 1949 suppeditata.
886 1898 1028 1936 Verum
1060 1898 1092 1934 si
1124 1909 1183 1935 res
1214 1899 1269 1935 ita
1299 1897 1420 1937 habet
1450 1903 1493 1935 ut
1522 1897 1688 1935 schedae
1710 1898 1794 1947 ejus
1824 1898 2003 1946 referunt,

218 1968 338 2010 tuque
381 1965 489 1997 tuum
528 1959 643 1996 etiam
685 1957 794 1995 addis
834 1957 1115 2002 testimonium,
1163 1955 1259 1992 nihil
1300 1956 1370 1993 fuit
1423 1968 1520 2005 opus
1563 1957 1679 1993 tantis
1726 1955 2004 1994 molitionibus.

220 2020 353 2057 Potuit
384 2017 448 2054 ille
480 2017 623 2066 scripta
653 2015 818 2065 epistola
848 2015 922 2052 sibi
955 2020 992 2051 et
1023 2013 1115 2051 mihi
1147 2026 1314 2063 parcere.
1367 2014 1510 2051 Verum
1542 2020 1634 2051 nota
1667 2019 1724 2052 est
1753 2014 1846 2052 mihi
1877 2014 2004 2052 homi—

222 2079 280 2115 nis
313 2077 556 2114 contumacia
594 2080 632 2112 et
671 2072 837 2111 subdola
869 2074 1155 2121 tergiversatio,
1197 2073 1306 2121 cujus
1349 2084 1463 2121 quam
1503 2074 1667 2121 primum
1709 2072 1770 2110 vel
1804 2072 2004 2111 levissima

222 2148 283 2173 me
314 2134 420 2172 asflat
450 2145 558 2184 aura,
589 2132 678 2170 bilis
708 2131 800 2168 milii
834 2130 1064 2169 accenditur.
1108 2130 1257 2178 Sequor
1289 2142 1334 2168 en
1367 2138 1473 2168 tuum
1495 2131 1606 2168 amici
1630 2130 1849 2168 consilium:
1883 2131 2004 2169 habes

222 2194 354 2240 filium,
386 2191 529 2230 habeto
562 2195 600 2229 et
630 2194 775 2239 patrem
799 2194 886 2226 tuae
907 2189 968 2226 hic
990 2190 1211 2237 potestatis,
1245 2194 1362 2237 atquc
1392 2190 1537 2226 utinam
1559 2189 1721 2226 haberes
1752 2194 1830 2226 tam
1852 2188 2003 2227 facilem

224 2257 262 2291 et
292 2251 414 2288 illum.
474 2250 556 2287 Etsi
588 2260 665 2286 non
705 2260 790 2285 sum
828 2247 925 2285 adeo
957 2247 1076 2284 hebes
1123 2248 1214 2295 quin
1255 2247 1491 2295 intelligam,
1536 2258 1650 2296 quam
1684 2248 1780 2284 inter
1813 2259 1883 2285 vos
1916 2260 2003 2286 ver-

224 2321 352 2348 suram
391 2308 620 2354 instituatis,
664 2308 810 2344 utinam
849 2317 925 2342 non
964 2311 1030 2342 tuo
1070 2305 1222 2344 damno.
1283 2304 1437 2352 Malim,
1482 2312 1688 2354 postquam
1729 2305 1802 2343 hoc
1846 2306 1950 2343 virus
1983 2317 2002 2343 e

224 2367 424 2406 stomacho
457 2365 602 2403 dudum
633 2365 741 2413 ejeci,
774 2376 852 2401 rem
885 2375 1035 2401 omnem
1067 2364 1149 2401 sine
1170 2363 1257 2400 fuco
1280 2362 1503 2401 detexisses.
1539 2364 1638 2400 Nam
1670 2375 1735 2400 cur
1765 2363 1830 2401 ille
1851 2365 2004 2412 scripsit

225 2426 275 2464 ad
307 2436 486 2471 sororem,
520 2436 572 2470 se,
604 2428 809 2472 postquam
841 2434 864 2459 a
894 2434 953 2459 me
985 2432 1161 2459 reversus
1195 2425 1262 2468 est,
1296 2426 1382 2458 octo
1414 2422 1578 2459 ssorenos
1610 2433 1633 2458 a
1655 2422 1822 2460 Doctore
1848 2427 2004 2459 mutua-

226 2484 338 2523 tum‘?
389 2482 465 2520 Cur
497 2483 614 2519 cistae
646 2492 723 2518 non
753 2480 957 2518 meminit‘.>
1008 2479 1089 2516 Imo
1131 2491 1195 2516 cur
1231 2478 1280 2516 ad
1311 2491 1370 2517 ine
1413 2482 1580 2518 rationes
1623 2492 1713 2518 suas
1750 2491 2003 2529 expensarum

225 2555 300 2581 non
333 2540 511 2590 scripsit?
565 2539 640 2577 Cur
670 2550 866 2587 nunquam
897 2538 961 2575 ille
984 2537 1241 2575 characterem
1263 2539 1426 2575 assumit
1456 2537 1583 2575 filialis
1613 2540 1649 2574 in
1670 2544 1819 2588 patrem
1840 2538 2002 2575 fiduciae

226 2602 346 2639 literis
377 2597 728 2637 demonstrandae?
779 2596 854 2634 Cur
886 2596 950 2633 illo
984 2596 1200 2633 contumaci
1231 2595 1384 2633 silentio
1416 2596 1543 2634 locum
1574 2596 1666 2634 facit
1697 2599 1790 2635 meis
1811 2597 2002 2645 suspicio-

227 2660 359 2705 nibus,
403 2669 487 2695 cum
529 2657 626 2694 sciat
656 2655 872 2693 rumoribus
905 2653 954 2691 ad
986 2666 1045 2692 me
1076 2653 1230 2703 perferri
1261 2653 1433 2702 singula,
1473 2666 1571 2703 quae
1604 2654 1668 2692 ille
1699 2667 1768 2694 seu
1799 2655 2001 2702 Tubingae

227 2719 309 2755 sive
340 2716 434 2754 alibi
465 2713 643 2753 factitet‘?
684 2713 760 2751 Cur
790 2712 887 2749 nihil
918 2713 964 2750 de
996 2712 1175 2749 Doctoris
1206 2710 1255 2748 ad
1286 2724 1391 2749 meas
1421 2712 1551 2750 literas
1581 2724 1766 2762 responso
1797 2713 2002 2751 renuncia-

228 2777 304 2822 vit,
335 2774 530 2812 literarum
561 2783 870 2821 suppressarum,
904 2769 1096 2818 expilatae
1127 2768 1299 2808 inclusae
1330 2771 1517 2819 pecuniae
1547 2782 1653 2808 reum
1683 2783 1725 2810 se
1756 2771 1829 2809 hoc
1849 2770 2001 2808 silentio

228 2833 344 2871 secit‘?
396 2831 471 2869 Cur
510 2842 587 2868 non
620 2830 783 2867 occurrit
813 2829 873 2866 his
905 2828 1205 2876 cogitationibus
1243 2829 1359 2875 meis,
1401 2829 1434 2866 si
1466 2830 1648 2867 innocens
1690 2829 1775 2868 est‘?
1819 2828 1895 2866 Cur
1925 2839 2002 2865 non

229 2891 351 2940 parcit
370 2888 550 2939 parcnti‘?
591 2886 784 2936 Quicquid
805 2887 939 2933 subsit,
972 2886 1046 2924 hoc
1075 2887 1186 2932 scias,
1220 2886 1326 2923 nulla
1358 2891 1393 2924 te
1425 2898 1464 2925 re
1494 2888 1618 2936 magis
1650 2888 1868 2934 amicitiam,
1902 2898 2001 2934 quae

230 2960 299 2986 nos
330 2949 427 2986 inter
458 2948 581 2985 tenuit
601 2946 799 2992 hactenus,
831 2944 982 2982 laedere
1004 2955 1129 2993 posse,
1164 2955 1279 2992 quam
1309 2944 1408 2982 side
1440 2950 1506 2982 tuo
1528 2944 1674 2994 aliquid
1705 2944 1866 2991 dederis,
1898 2947 2001 2994 quod

231 3018 289 3044 me
321 3005 462 3043 diutius
493 3005 606 3043 celes.
647 3004 743 3041 Cum
775 3008 904 3040 autem
936 3002 1034 3049 dico,
1066 3001 1112 3039 de
1144 3006 1222 3048 tuo,
1256 3014 1298 3040 ex
1330 3014 1415 3040 meo
1446 3014 1522 3041 non
1555 3015 1600 3040 ex
1622 3008 1696 3048 juo
1716 3014 1832 3041 sensu
1852 3003 2002 3053 loquor.

231 3064 330 3102 Nam
361 3067 524 3112 vagatur
553 3064 702 3101 animus
732 3074 800 3112 per
831 3061 1053 3100 memoriam
1083 3060 1246 3097 aliarum
1276 3060 1485 3102 literarum.
1526 3059 1587 3098 Ad
1618 3065 1843 3109 argumenta
1874 3067 2001 3101 trans-

234 3132 298 3165 eo:
330 3133 418 3159 nam
449 3122 617 3168 animus,
649 3133 672 3159 a
703 3121 778 3163 bile
809 3121 995 3175 superiori
1025 3129 1161 3168 aeger,
1193 3124 1235 3157 ut
1266 3120 1490 3159 tenerrimus
1521 3123 1594 3167 est,
1636 3119 1691 3157 ita
1720 3119 1832 3158 facile
1864 3132 1998 3160 move·
