<?xml version="1.0" encoding="UTF-8"?>
<!DOCTYPE html PUBLIC "-//W3C//DTD XHTML 1.0 Transitional//EN"
    "http://www.w3.org/TR/xhtml1/DTD/xhtml1-transitional.dtd">
<html xmlns="http://www.w3.org/1999/xhtml" xml:lang="en" lang="en">
 <head>
  <title>
</title>
<meta http-equiv="Content-Type" content="text/html;charset=utf-8" />
  <meta name='ocr-system' content='tesseract 3.04.00' />
  <meta name='ocr-capabilities' content='ocr_page ocr_carea ocr_par ocr_line ocrx_word'/>
</head>
<body>
  <div class='ocr_page' id='page_1' title='image "./p2operaomniaedid08kepluoft_0251.png"; bbox 0 0 2126 3388; ppageno 0'>
   <div class='ocr_carea' id='block_1_1' title="bbox 911 172 1854 221">
    <p class='ocr_par' dir='ltr' id='par_1_1' title="bbox 911 172 1854 221">
     <span class='ocr_line' id='line_1_1' title="bbox 911 172 1854 221; baseline 0.013 -12"><span class='ocrx_word' id='word_1_1' title='bbox 911 172 1014 211; x_wconf 87' lang='grc'><strong>1611.</strong></span> <span class='ocrx_word' id='word_1_2' title='bbox 1769 177 1854 221; x_wconf 83' lang='grc'>797</span> 
     </span>
    </p>
   </div>
   <div class='ocr_carea' id='block_1_2' title="bbox 0 287 1858 3201">
    <p class='ocr_par' dir='ltr' id='par_1_2' title="bbox 51 287 1858 1561">
     <span class='ocr_line' id='line_1_2' title="bbox 55 287 1854 339; baseline 0.004 -14"><span class='ocrx_word' id='word_1_3' title='bbox 55 289 195 333; x_wconf 84' lang='lat' dir='ltr'>busque</span> <span class='ocrx_word' id='word_1_4' title='bbox 218 288 422 333; x_wconf 85' lang='lat' dir='ltr'>virtutibus,</span> <span class='ocrx_word' id='word_1_5' title='bbox 448 299 541 333; x_wconf 86' lang='lat' dir='ltr'>quae</span> <span class='ocrx_word' id='word_1_6' title='bbox 566 287 661 324; x_wconf 89' lang='lat' dir='ltr'>hunc</span> <span class='ocrx_word' id='word_1_7' title='bbox 685 298 810 324; x_wconf 84' lang='lat' dir='ltr'>sexum</span> <span class='ocrx_word' id='word_1_8' title='bbox 836 294 1033 325; x_wconf 79' lang='lat' dir='ltr'>exornant:</span> <span class='ocrx_word' id='word_1_9' title='bbox 1059 291 1123 326; x_wconf 89' lang='lat' dir='ltr'>sed</span> <span class='ocrx_word' id='word_1_10' title='bbox 1148 290 1200 326; x_wconf 87' lang='lat' dir='ltr'>ita</span> <span class='ocrx_word' id='word_1_11' title='bbox 1215 301 1271 327; x_wconf 90' lang='lat' dir='ltr'>me</span> <span class='ocrx_word' id='word_1_12' title='bbox 1289 292 1386 328; x_wconf 88' lang='lat' dir='ltr'>Deus</span> <span class='ocrx_word' id='word_1_13' title='bbox 1404 298 1508 339; x_wconf 85' lang='lat' dir='ltr'>amet,</span> <span class='ocrx_word' id='word_1_14' title='bbox 1535 298 1569 330; x_wconf 88' lang='lat' dir='ltr'>et</span> <span class='ocrx_word' id='word_1_15' title='bbox 1591 299 1754 331; x_wconf 88' lang='lat' dir='ltr'>nostrum</span> <span class='ocrx_word' id='word_1_16' title='bbox 1771 308 1854 332; x_wconf 85' lang='lat' dir='ltr'>con-</span> 
     </span>
     <span class='ocr_line' id='line_1_3' title="bbox 51 347 1854 396; baseline 0.004 -14"><span class='ocrx_word' id='word_1_17' title='bbox 51 347 192 391; x_wconf 86' lang='lat' dir='ltr'>jugium</span> <span class='ocrx_word' id='word_1_18' title='bbox 215 347 370 382; x_wconf 88' lang='lat' dir='ltr'>immune</span> <span class='ocrx_word' id='word_1_19' title='bbox 395 347 539 391; x_wconf 84' lang='lat' dir='ltr'>penitus</span> <span class='ocrx_word' id='word_1_20' title='bbox 564 359 634 383; x_wconf 88' lang='lat' dir='ltr'>non</span> <span class='ocrx_word' id='word_1_21' title='bbox 662 353 716 384; x_wconf 86' lang='lat' dir='ltr'>est</span> <span class='ocrx_word' id='word_1_22' title='bbox 741 349 786 383; x_wconf 84' lang='lat' dir='ltr'>ab</span> <span class='ocrx_word' id='word_1_23' title='bbox 811 348 1019 393; x_wconf 87' lang='lat' dir='ltr'>hujusmodi</span> <span class='ocrx_word' id='word_1_24' title='bbox 1045 350 1204 395; x_wconf 85' lang='lat' dir='ltr'>liticulis,</span> <span class='ocrx_word' id='word_1_25' title='bbox 1231 362 1297 386; x_wconf 90' lang='lat' dir='ltr'>nec</span> <span class='ocrx_word' id='word_1_26' title='bbox 1322 357 1409 396; x_wconf 88' lang='lat' dir='ltr'>puto</span> <span class='ocrx_word' id='word_1_27' title='bbox 1435 353 1542 389; x_wconf 90' lang='lat' dir='ltr'>ullius</span> <span class='ocrx_word' id='word_1_28' title='bbox 1570 364 1649 389; x_wconf 89' lang='lat' dir='ltr'>esse</span> <span class='ocrx_word' id='word_1_29' title='bbox 1675 356 1793 390; x_wconf 90' lang='lat' dir='ltr'>mariti</span> <span class='ocrx_word' id='word_1_30' title='bbox 1819 361 1854 390; x_wconf 90' lang='lat' dir='ltr'>et</span> 
     </span>
     <span class='ocr_line' id='line_1_4' title="bbox 55 406 1855 458; baseline 0.004 -18"><span class='ocrx_word' id='word_1_31' title='bbox 55 406 192 443; x_wconf 80' lang='lat' dir='ltr'>uxoris.</span> <span class='ocrx_word' id='word_1_32' title='bbox 242 406 335 450; x_wconf 76' lang='lat' dir='ltr'>Quia</span> <span class='ocrx_word' id='word_1_33' title='bbox 361 407 412 441; x_wconf 92' lang='lat' dir='ltr'>sic</span> <span class='ocrx_word' id='word_1_34' title='bbox 436 407 590 442; x_wconf 89' lang='lat' dir='ltr'>Domino</span> <span class='ocrx_word' id='word_1_35' title='bbox 617 407 694 441; x_wconf 89' lang='lat' dir='ltr'>Deo</span> <span class='ocrx_word' id='word_1_36' title='bbox 720 412 842 442; x_wconf 82' lang='lat' dir='ltr'>nostro</span> <span class='ocrx_word' id='word_1_37' title='bbox 868 408 982 443; x_wconf 75' lang='lat' dir='ltr'>visum</span> <span class='ocrx_word' id='word_1_38' title='bbox 1009 408 1088 452; x_wconf 73' lang='lat' dir='ltr'>fuit,</span> <span class='ocrx_word' id='word_1_39' title='bbox 1114 409 1338 454; x_wconf 81' lang='lat' dir='ltr'>impatientia</span> <span class='ocrx_word' id='word_1_40' title='bbox 1355 421 1489 456; x_wconf 84' lang='lat' dir='ltr'>quaeso</span> <span class='ocrx_word' id='word_1_41' title='bbox 1514 423 1560 448; x_wconf 87' lang='lat' dir='ltr'>ne</span> <span class='ocrx_word' id='word_1_42' title='bbox 1583 417 1645 449; x_wconf 88' lang='lat' dir='ltr'>tua</span> <span class='ocrx_word' id='word_1_43' title='bbox 1669 412 1752 458; x_wconf 85' lang='lat' dir='ltr'>plus</span> <span class='ocrx_word' id='word_1_44' title='bbox 1769 413 1855 448; x_wconf 89' lang='lat' dir='ltr'>mali</span> 
     </span>
     <span class='ocr_line' id='line_1_5' title="bbox 55 464 1853 512; baseline 0.005 -14"><span class='ocrx_word' id='word_1_45' title='bbox 55 474 230 499; x_wconf 78' lang='lat' dir='ltr'>accersas.</span> <span class='ocrx_word' id='word_1_46' title='bbox 279 464 384 499; x_wconf 84' lang='lat' dir='ltr'>Nosti</span> <span class='ocrx_word' id='word_1_47' title='bbox 410 465 630 500; x_wconf 87' lang='lat' dir='ltr'>voluntatem</span> <span class='ocrx_word' id='word_1_48' title='bbox 656 465 724 499; x_wconf 91' lang='lat' dir='ltr'>Dei</span> <span class='ocrx_word' id='word_1_49' title='bbox 749 464 906 509; x_wconf 85' lang='lat' dir='ltr'>perfecte</span> <span class='ocrx_word' id='word_1_50' title='bbox 931 466 1059 501; x_wconf 90' lang='lat' dir='ltr'>bonam</span> <span class='ocrx_word' id='word_1_51' title='bbox 1087 477 1177 511; x_wconf 86' lang='lat' dir='ltr'>esse,</span> <span class='ocrx_word' id='word_1_52' title='bbox 1202 478 1268 503; x_wconf 91' lang='lat' dir='ltr'>nec</span> <span class='ocrx_word' id='word_1_53' title='bbox 1294 467 1572 512; x_wconf 77' lang='grc' dir='ltr'><strong><em>ἐπιχαιρεκακιαν</em></strong></span> <span class='ocrx_word' id='word_1_54' title='bbox 1595 472 1633 506; x_wconf 93' lang='grc'>10</span> <span class='ocrx_word' id='word_1_55' title='bbox 1657 472 1771 506; x_wconf 89' lang='lat' dir='ltr'>Deum</span> <span class='ocrx_word' id='word_1_56' title='bbox 1798 483 1853 508; x_wconf 87' lang='lat' dir='ltr'>ca-</span> 
     </span>
     <span class='ocr_line' id='line_1_6' title="bbox 56 523 1855 575; baseline 0.005 -18"><span class='ocrx_word' id='word_1_57' title='bbox 56 523 159 567; x_wconf 82' lang='lat' dir='ltr'>dere,</span> <span class='ocrx_word' id='word_1_58' title='bbox 192 523 257 558; x_wconf 89' lang='lat' dir='ltr'>sed</span> <span class='ocrx_word' id='word_1_59' title='bbox 288 523 386 558; x_wconf 90' lang='lat' dir='ltr'>illam</span> <span class='ocrx_word' id='word_1_60' title='bbox 412 524 566 559; x_wconf 87' lang='lat' dir='ltr'>Satanae</span> <span class='ocrx_word' id='word_1_61' title='bbox 600 534 680 559; x_wconf 86' lang='lat' dir='ltr'>esse</span> <span class='ocrx_word' id='word_1_62' title='bbox 713 524 904 568; x_wconf 83' lang='lat' dir='ltr'>propriam.</span> <span class='ocrx_word' id='word_1_63' title='bbox 957 524 1056 560; x_wconf 85' lang='lat' dir='ltr'>Onus</span> <span class='ocrx_word' id='word_1_64' title='bbox 1083 526 1147 560; x_wconf 91' lang='lat' dir='ltr'>tibi</span> <span class='ocrx_word' id='word_1_65' title='bbox 1171 537 1191 560; x_wconf 90' lang='lat' dir='ltr'>a</span> <span class='ocrx_word' id='word_1_66' title='bbox 1216 526 1293 561; x_wconf 88' lang='lat' dir='ltr'>Deo</span> <span class='ocrx_word' id='word_1_67' title='bbox 1321 527 1438 570; x_wconf 85' lang='lat' dir='ltr'>cogita</span> <span class='ocrx_word' id='word_1_68' title='bbox 1471 529 1696 575; x_wconf 89' lang='lat' dir='ltr'>impositum,</span> <span class='ocrx_word' id='word_1_69' title='bbox 1731 531 1793 565; x_wconf 83' lang='lat' dir='ltr'>sed</span> <span class='ocrx_word' id='word_1_70' title='bbox 1818 536 1855 566; x_wconf 91' lang='lat' dir='ltr'>et</span> 
     </span>
     <span class='ocr_line' id='line_1_7' title="bbox 54 581 1854 634; baseline 0.006 -19"><span class='ocrx_word' id='word_1_71' title='bbox 54 581 124 616; x_wconf 91' lang='lat' dir='ltr'>hoc</span> <span class='ocrx_word' id='word_1_72' title='bbox 147 581 265 626; x_wconf 90' lang='lat' dir='ltr'>ipsum</span> <span class='ocrx_word' id='word_1_73' title='bbox 291 586 389 617; x_wconf 88' lang='lat' dir='ltr'>tuam</span> <span class='ocrx_word' id='word_1_74' title='bbox 415 581 567 616; x_wconf 87' lang='lat' dir='ltr'>salutem</span> <span class='ocrx_word' id='word_1_75' title='bbox 593 592 671 618; x_wconf 89' lang='lat' dir='ltr'>esse</span> <span class='ocrx_word' id='word_1_76' title='bbox 695 582 897 620; x_wconf 87' lang='lat' dir='ltr'>recordare.</span> <span class='ocrx_word' id='word_1_77' title='bbox 946 584 1123 628; x_wconf 82' lang='lat' dir='ltr'>Imposuit</span> <span class='ocrx_word' id='word_1_78' title='bbox 1147 584 1291 628; x_wconf 88' lang='lat' dir='ltr'>inquam</span> <span class='ocrx_word' id='word_1_79' title='bbox 1325 585 1390 621; x_wconf 89' lang='lat' dir='ltr'>tibi</span> <span class='ocrx_word' id='word_1_80' title='bbox 1415 586 1483 621; x_wconf 90' lang='lat' dir='ltr'>hoc</span> <span class='ocrx_word' id='word_1_81' title='bbox 1509 599 1598 623; x_wconf 91' lang='lat' dir='ltr'>onus</span> <span class='ocrx_word' id='word_1_82' title='bbox 1622 589 1721 624; x_wconf 89' lang='lat' dir='ltr'>Deus</span> <span class='ocrx_word' id='word_1_83' title='bbox 1746 590 1854 634; x_wconf 88' lang='lat' dir='ltr'>idque</span> 
     </span>
     <span class='ocr_line' id='line_1_8' title="bbox 52 639 1853 691; baseline 0.006 -18"><span class='ocrx_word' id='word_1_84' title='bbox 52 639 222 683; x_wconf 88' lang='lat' dir='ltr'>imposuit</span> <span class='ocrx_word' id='word_1_85' title='bbox 253 639 290 674; x_wconf 93' lang='lat' dir='ltr'>in</span> <span class='ocrx_word' id='word_1_86' title='bbox 321 639 425 675; x_wconf 61' lang='lat' dir='ltr'>hunc&gt;</span> <span class='ocrx_word' id='word_1_87' title='bbox 446 639 571 685; x_wconf 90' lang='lat' dir='ltr'>finem,</span> <span class='ocrx_word' id='word_1_88' title='bbox 607 645 648 674; x_wconf 91' lang='lat' dir='ltr'>ut</span> <span class='ocrx_word' id='word_1_89' title='bbox 679 640 786 675; x_wconf 87' lang='lat' dir='ltr'>fidem</span> <span class='ocrx_word' id='word_1_90' title='bbox 815 646 924 685; x_wconf 88' lang='lat' dir='ltr'>atque</span> <span class='ocrx_word' id='word_1_91' title='bbox 955 642 1192 677; x_wconf 78' lang='lat' dir='ltr'>constantiam</span> <span class='ocrx_word' id='word_1_92' title='bbox 1225 647 1324 677; x_wconf 84' lang='lat' dir='ltr'>tuam</span> <span class='ocrx_word' id='word_1_93' title='bbox 1349 643 1386 677; x_wconf 93' lang='lat' dir='ltr'>in</span> <span class='ocrx_word' id='word_1_94' title='bbox 1417 644 1550 688; x_wconf 88' lang='lat' dir='ltr'>pietate</span> <span class='ocrx_word' id='word_1_95' title='bbox 1575 647 1704 691; x_wconf 88' lang='lat' dir='ltr'>probet</span> <span class='ocrx_word' id='word_1_96' title='bbox 1733 653 1768 683; x_wconf 90' lang='lat' dir='ltr'>et</span> <span class='ocrx_word' id='word_1_97' title='bbox 1794 658 1853 683; x_wconf 81' lang='lat' dir='ltr'>ex-</span> 
     </span>
     <span class='ocr_line' id='line_1_9' title="bbox 54 698 1856 747; baseline 0.005 -15"><span class='ocrx_word' id='word_1_98' title='bbox 54 703 189 742; x_wconf 80' lang='lat' dir='ltr'>erceat3</span> <span class='ocrx_word' id='word_1_99' title='bbox 227 710 298 733; x_wconf 89' lang='lat' dir='ltr'>nou</span> <span class='ocrx_word' id='word_1_100' title='bbox 331 702 370 733; x_wconf 87' lang='lat' dir='ltr'>ut</span> <span class='ocrx_word' id='word_1_101' title='bbox 404 703 440 733; x_wconf 91' lang='lat' dir='ltr'>te</span> <span class='ocrx_word' id='word_1_102' title='bbox 473 698 660 743; x_wconf 84' lang='lat' dir='ltr'>praeclara</span> <span class='ocrx_word' id='word_1_103' title='bbox 696 699 848 742; x_wconf 79' lang='lat' dir='ltr'>conjuge</span> <span class='ocrx_word' id='word_1_104' title='bbox 880 700 1043 734; x_wconf 87' lang='lat' dir='ltr'>orbatum</span> <span class='ocrx_word' id='word_1_105' title='bbox 1077 700 1233 745; x_wconf 67' lang='lat' dir='ltr'>(leserat,</span> <span class='ocrx_word' id='word_1_106' title='bbox 1270 702 1331 735; x_wconf 89' lang='lat' dir='ltr'>sed</span> <span class='ocrx_word' id='word_1_107' title='bbox 1368 707 1408 737; x_wconf 90' lang='lat' dir='ltr'>ut</span> <span class='ocrx_word' id='word_1_108' title='bbox 1438 703 1513 746; x_wconf 85' lang='lat' dir='ltr'>ipse</span> <span class='ocrx_word' id='word_1_109' title='bbox 1543 704 1617 747; x_wconf 85' lang='lat' dir='ltr'>jam</span> <span class='ocrx_word' id='word_1_110' title='bbox 1650 706 1856 741; x_wconf 82' lang='lat' dir='ltr'>consoletur</span> 
     </span>
     <span class='ocr_line' id='line_1_10' title="bbox 53 757 1855 804; baseline 0.004 -12"><span class='ocrx_word' id='word_1_111' title='bbox 53 757 277 792; x_wconf 85' lang='lat' dir='ltr'>voluntatem</span> <span class='ocrx_word' id='word_1_112' title='bbox 302 763 411 802; x_wconf 87' lang='lat' dir='ltr'>tuam,</span> <span class='ocrx_word' id='word_1_113' title='bbox 438 762 593 801; x_wconf 82' lang='lat' dir='ltr'>tuosque</span> <span class='ocrx_word' id='word_1_114' title='bbox 619 757 751 791; x_wconf 77' lang='lat' dir='ltr'>liberos</span> <span class='ocrx_word' id='word_1_115' title='bbox 779 758 989 793; x_wconf 79' lang='lat' dir='ltr'>suavissima</span> <span class='ocrx_word' id='word_1_116' title='bbox 1015 763 1128 794; x_wconf 77' lang='lat' dir='ltr'>matre</span> <span class='ocrx_word' id='word_1_117' title='bbox 1153 759 1296 794; x_wconf 82' lang='lat' dir='ltr'>orbatos</span> <span class='ocrx_word' id='word_1_118' title='bbox 1317 770 1382 794; x_wconf 87' lang='lat' dir='ltr'>sua</span> <span class='ocrx_word' id='word_1_119' title='bbox 1408 760 1506 795; x_wconf 87' lang='lat' dir='ltr'>solus</span> <span class='ocrx_word' id='word_1_120' title='bbox 1532 762 1646 804; x_wconf 81' lang='lat' dir='ltr'>gratia</span> <span class='ocrx_word' id='word_1_121' title='bbox 1671 763 1855 799; x_wconf 85' lang='lat' dir='ltr'>refocillet.</span> 
     </span>
     <span class='ocr_line' id='line_1_11' title="bbox 56 815 1854 863; baseline 0.004 -14"><span class='ocrx_word' id='word_1_122' title='bbox 56 815 291 859; x_wconf 81' lang='lat' dir='ltr'>Theologiam</span> <span class='ocrx_word' id='word_1_123' title='bbox 317 816 413 850; x_wconf 84' lang='lat' dir='ltr'>illam</span> <span class='ocrx_word' id='word_1_124' title='bbox 434 815 510 859; x_wconf 87' lang='lat' dir='ltr'>jam</span> <span class='ocrx_word' id='word_1_125' title='bbox 536 820 654 859; x_wconf 87' lang='lat' dir='ltr'>tuam,</span> <span class='ocrx_word' id='word_1_126' title='bbox 689 817 744 850; x_wconf 88' lang='lat' dir='ltr'>cui</span> <span class='ocrx_word' id='word_1_127' title='bbox 772 820 806 850; x_wconf 90' lang='lat' dir='ltr'>te</span> <span class='ocrx_word' id='word_1_128' title='bbox 828 815 972 859; x_wconf 82' lang='lat' dir='ltr'>juvenis</span> <span class='ocrx_word' id='word_1_129' title='bbox 998 821 1112 852; x_wconf 90' lang='lat' dir='ltr'>totum</span> <span class='ocrx_word' id='word_1_130' title='bbox 1138 817 1356 859; x_wconf 78' lang='lat' dir='ltr'>tradideras,</span> <span class='ocrx_word' id='word_1_131' title='bbox 1389 823 1451 853; x_wconf 85' lang='lat' dir='ltr'>aut</span> <span class='ocrx_word' id='word_1_132' title='bbox 1476 819 1596 863; x_wconf 85' lang='lat' dir='ltr'>potius</span> <span class='ocrx_word' id='word_1_133' title='bbox 1622 822 1730 855; x_wconf 87' lang='lat' dir='ltr'>animi</span> <span class='ocrx_word' id='word_1_134' title='bbox 1754 822 1854 858; x_wconf 81' lang='lat' dir='ltr'>forti-</span> 
     </span>
     <span class='ocr_line' id='line_1_12' title="bbox 54 873 1853 924; baseline 0.003 -15"><span class='ocrx_word' id='word_1_135' title='bbox 54 874 215 909; x_wconf 87' lang='lat' dir='ltr'>tudinem</span> <span class='ocrx_word' id='word_1_136' title='bbox 240 884 324 908; x_wconf 83' lang='lat' dir='ltr'>vere</span> <span class='ocrx_word' id='word_1_137' title='bbox 348 873 589 916; x_wconf 85' lang='lat' dir='ltr'>theologicam</span> <span class='ocrx_word' id='word_1_138' title='bbox 614 874 649 908; x_wconf 92' lang='lat' dir='ltr'>in</span> <span class='ocrx_word' id='word_1_139' title='bbox 676 874 831 908; x_wconf 88' lang='lat' dir='ltr'>medium</span> <span class='ocrx_word' id='word_1_140' title='bbox 857 874 1000 918; x_wconf 85' lang='lat' dir='ltr'>profer,</span> <span class='ocrx_word' id='word_1_141' title='bbox 1036 879 1072 910; x_wconf 89' lang='lat' dir='ltr'>te</span> <span class='ocrx_word' id='word_1_142' title='bbox 1108 876 1221 911; x_wconf 85' lang='lat' dir='ltr'>virum</span> <span class='ocrx_word' id='word_1_143' title='bbox 1256 877 1406 912; x_wconf 86' lang='lat' dir='ltr'>ostende</span> <span class='ocrx_word' id='word_1_144' title='bbox 1431 877 1466 910; x_wconf 93' lang='lat' dir='ltr'>in</span> <span class='ocrx_word' id='word_1_145' title='bbox 1493 877 1676 914; x_wconf 90' lang='lat' dir='ltr'>doloribus</span> <span class='ocrx_word' id='word_1_146' title='bbox 1703 881 1853 924; x_wconf 77' lang='lat' dir='ltr'>magnis,</span> 
     </span>
     <span class='ocr_line' id='line_1_13' title="bbox 56 931 1854 977; baseline 0.004 -12"><span class='ocrx_word' id='word_1_147' title='bbox 56 931 154 976; x_wconf 88' lang='lat' dir='ltr'>quod</span> <span class='ocrx_word' id='word_1_148' title='bbox 177 933 296 976; x_wconf 87' lang='lat' dir='ltr'>poscit</span> <span class='ocrx_word' id='word_1_149' title='bbox 323 932 526 967; x_wconf 89' lang='lat' dir='ltr'>Christiana</span> <span class='ocrx_word' id='word_1_150' title='bbox 551 931 743 977; x_wconf 81' lang='lat' dir='ltr'>fortitudo,</span> <span class='ocrx_word' id='word_1_151' title='bbox 776 943 944 976; x_wconf 83' lang='lat' dir='ltr'>expugna</span> <span class='ocrx_word' id='word_1_152' title='bbox 975 944 1115 968; x_wconf 91' lang='lat' dir='ltr'>omnem</span> <span class='ocrx_word' id='word_1_153' title='bbox 1148 934 1256 968; x_wconf 90' lang='lat' dir='ltr'>animi</span> <span class='ocrx_word' id='word_1_154' title='bbox 1287 945 1502 976; x_wconf 89' lang='lat' dir='ltr'>moerorem,</span> <span class='ocrx_word' id='word_1_155' title='bbox 1539 942 1578 971; x_wconf 89' lang='lat' dir='ltr'>ut</span> <span class='ocrx_word' id='word_1_156' title='bbox 1614 937 1854 973; x_wconf 84' lang='lat' dir='ltr'>Christianum</span> 
     </span>
     <span class='ocr_line' id='line_1_14' title="bbox 54 989 1854 1039; baseline 0.004 -16"><span class='ocrx_word' id='word_1_157' title='bbox 54 989 203 1025; x_wconf 90' lang='lat' dir='ltr'>militem</span> <span class='ocrx_word' id='word_1_158' title='bbox 230 991 344 1026; x_wconf 84' lang='lat' dir='ltr'>decet.</span> <span class='ocrx_word' id='word_1_159' title='bbox 376 989 480 1024; x_wconf 88' lang='lat' dir='ltr'>Illam</span> <span class='ocrx_word' id='word_1_160' title='bbox 506 989 649 1034; x_wconf 87' lang='lat' dir='ltr'>inquam</span> <span class='ocrx_word' id='word_1_161' title='bbox 675 995 715 1025; x_wconf 88' lang='lat' dir='ltr'>tn</span> <span class='ocrx_word' id='word_1_162' title='bbox 741 990 843 1025; x_wconf 85' lang='lat' dir='ltr'>vivus</span> <span class='ocrx_word' id='word_1_163' title='bbox 870 991 977 1025; x_wconf 87' lang='lat' dir='ltr'>animi</span> <span class='ocrx_word' id='word_1_164' title='bbox 1001 992 1285 1036; x_wconf 81' lang='lat' dir='ltr'>magnitudinem</span> <span class='ocrx_word' id='word_1_165' title='bbox 1302 1003 1368 1036; x_wconf 90' lang='lat' dir='ltr'>per</span> <span class='ocrx_word' id='word_1_166' title='bbox 1393 994 1542 1038; x_wconf 84' lang='lat' dir='ltr'>gratiam</span> <span class='ocrx_word' id='word_1_167' title='bbox 1562 995 1714 1039; x_wconf 84' lang='lat' dir='ltr'>Spiritus</span> <span class='ocrx_word' id='word_1_168' title='bbox 1734 996 1854 1031; x_wconf 84' lang='lat' dir='ltr'>Sancti</span> 
     </span>
     <span class='ocr_line' id='line_1_15' title="bbox 54 1047 1855 1096; baseline 0.004 -14"><span class='ocrx_word' id='word_1_169' title='bbox 54 1047 208 1090; x_wconf 85' lang='lat' dir='ltr'>declara,</span> <span class='ocrx_word' id='word_1_170' title='bbox 236 1059 342 1092; x_wconf 89' lang='lat' dir='ltr'>quam</span> <span class='ocrx_word' id='word_1_171' title='bbox 360 1048 396 1082; x_wconf 90' lang='lat' dir='ltr'>in</span> <span class='ocrx_word' id='word_1_172' title='bbox 414 1048 628 1092; x_wconf 85' lang='lat' dir='ltr'>agonisante</span> <span class='ocrx_word' id='word_1_173' title='bbox 649 1052 711 1083; x_wconf 88' lang='lat' dir='ltr'>tua</span> <span class='ocrx_word' id='word_1_174' title='bbox 728 1048 835 1082; x_wconf 88' lang='lat' dir='ltr'>beata</span> <span class='ocrx_word' id='word_1_175' title='bbox 853 1050 1016 1094; x_wconf 83' lang='lat' dir='ltr'>conjuge,</span> <span class='ocrx_word' id='word_1_176' title='bbox 1043 1055 1083 1084; x_wconf 86' lang='lat' dir='ltr'>ut</span> <span class='ocrx_word' id='word_1_177' title='bbox 1100 1050 1237 1095; x_wconf 87' lang='lat' dir='ltr'>scribis,</span> <span class='ocrx_word' id='word_1_178' title='bbox 1263 1050 1705 1096; x_wconf 66' lang='lat' dir='ltr'>manifestessconspexisti.</span> <span class='ocrx_word' id='word_1_179' title='bbox 1745 1054 1855 1089; x_wconf 79' lang='lat' dir='ltr'>Serva</span> 
     </span>
     <span class='ocr_line' id='line_1_16' title="bbox 53 1106 1856 1157; baseline 0.003 -16"><span class='ocrx_word' id='word_1_180' title='bbox 53 1111 90 1142; x_wconf 86' lang='lat' dir='ltr'>te</span> <span class='ocrx_word' id='word_1_181' title='bbox 114 1106 237 1142; x_wconf 89' lang='lat' dir='ltr'>liberis</span> <span class='ocrx_word' id='word_1_182' title='bbox 263 1107 335 1141; x_wconf 88' lang='lat' dir='ltr'>tuis</span> <span class='ocrx_word' id='word_1_183' title='bbox 361 1106 596 1151; x_wconf 86' lang='lat' dir='ltr'>dulcissimis,</span> <span class='ocrx_word' id='word_1_184' title='bbox 632 1107 693 1150; x_wconf 90' lang='lat' dir='ltr'>qui</span> <span class='ocrx_word' id='word_1_185' title='bbox 721 1107 795 1150; x_wconf 69' lang='lat' dir='ltr'>‚jam</span> <span class='ocrx_word' id='word_1_186' title='bbox 821 1108 933 1151; x_wconf 82' lang='lat' dir='ltr'>magis</span> <span class='ocrx_word' id='word_1_187' title='bbox 959 1113 1021 1143; x_wconf 89' lang='lat' dir='ltr'>tuo</span> <span class='ocrx_word' id='word_1_188' title='bbox 1048 1109 1196 1143; x_wconf 88' lang='lat' dir='ltr'>consilio</span> <span class='ocrx_word' id='word_1_189' title='bbox 1233 1112 1269 1143; x_wconf 87' lang='lat' dir='ltr'>et</span> <span class='ocrx_word' id='word_1_190' title='bbox 1300 1113 1452 1153; x_wconf 88' lang='lat' dir='ltr'>paterna</span> <span class='ocrx_word' id='word_1_191' title='bbox 1477 1123 1662 1157; x_wconf 69' lang='grc' dir='ltr'><em>χειραγωγῃ</em></span> <span class='ocrx_word' id='word_1_192' title='bbox 1694 1112 1856 1156; x_wconf 84' lang='lat' dir='ltr'>indigent</span> 
     </span>
     <span class='ocr_line' id='line_1_17' title="bbox 55 1165 1853 1210; baseline 0.004 -11"><span class='ocrx_word' id='word_1_193' title='bbox 55 1175 161 1209; x_wconf 90' lang='lat' dir='ltr'>quam</span> <span class='ocrx_word' id='word_1_194' title='bbox 187 1175 346 1208; x_wconf 90' lang='lat' dir='ltr'>unquam</span> <span class='ocrx_word' id='word_1_195' title='bbox 371 1165 536 1209; x_wconf 88' lang='lat' dir='ltr'>antehac,</span> <span class='ocrx_word' id='word_1_196' title='bbox 563 1165 598 1199; x_wconf 90' lang='lat' dir='ltr'>in</span> <span class='ocrx_word' id='word_1_197' title='bbox 624 1165 704 1199; x_wconf 92' lang='lat' dir='ltr'>loco</span> <span class='ocrx_word' id='word_1_198' title='bbox 729 1165 937 1210; x_wconf 83' lang='lat' dir='ltr'>peregrino,</span> <span class='ocrx_word' id='word_1_199' title='bbox 963 1166 999 1200; x_wconf 89' lang='lat' dir='ltr'>in</span> <span class='ocrx_word' id='word_1_200' title='bbox 1026 1166 1082 1201; x_wconf 87' lang='lat' dir='ltr'>his</span> <span class='ocrx_word' id='word_1_201' title='bbox 1108 1167 1234 1201; x_wconf 90' lang='lat' dir='ltr'>mundi</span> <span class='ocrx_word' id='word_1_202' title='bbox 1258 1168 1384 1203; x_wconf 89' lang='lat' dir='ltr'>turbis.</span> <span class='ocrx_word' id='word_1_203' title='bbox 1432 1168 1640 1204; x_wconf 80' lang='lat' dir='ltr'>Memoriam</span> <span class='ocrx_word' id='word_1_204' title='bbox 1667 1181 1711 1205; x_wconf 81' lang='lat' dir='ltr'>ex</span> <span class='ocrx_word' id='word_1_205' title='bbox 1737 1171 1853 1206; x_wconf 90' lang='lat' dir='ltr'>animo</span> 
     </span>
     <span class='ocr_line' id='line_1_18' title="bbox 54 1223 1855 1274; baseline 0.003 -16"><span class='ocrx_word' id='word_1_206' title='bbox 54 1228 118 1258; x_wconf 92' lang='lat' dir='ltr'>tuo</span> <span class='ocrx_word' id='word_1_207' title='bbox 145 1223 234 1267; x_wconf 87' lang='lat' dir='ltr'>ejice</span> <span class='ocrx_word' id='word_1_208' title='bbox 260 1228 296 1257; x_wconf 89' lang='lat' dir='ltr'>et</span> <span class='ocrx_word' id='word_1_209' title='bbox 323 1223 550 1259; x_wconf 86' lang='lat' dir='ltr'>dulcedinum</span> <span class='ocrx_word' id='word_1_210' title='bbox 577 1227 613 1258; x_wconf 90' lang='lat' dir='ltr'>et</span> <span class='ocrx_word' id='word_1_211' title='bbox 636 1223 881 1258; x_wconf 82' lang='lat' dir='ltr'>molestiarum</span> <span class='ocrx_word' id='word_1_212' title='bbox 907 1226 1195 1269; x_wconf 85' lang='lat' dir='ltr'>praeteritarum.</span> <span class='ocrx_word' id='word_1_213' title='bbox 1246 1226 1324 1261; x_wconf 88' lang='lat' dir='ltr'>Deo</span> <span class='ocrx_word' id='word_1_214' title='bbox 1351 1227 1514 1271; x_wconf 84' lang='lat' dir='ltr'>supplica</span> <span class='ocrx_word' id='word_1_215' title='bbox 1540 1233 1575 1262; x_wconf 89' lang='lat' dir='ltr'>et</span> <span class='ocrx_word' id='word_1_216' title='bbox 1600 1230 1752 1273; x_wconf 88' lang='lat' dir='ltr'>confide,</span> <span class='ocrx_word' id='word_1_217' title='bbox 1777 1232 1855 1274; x_wconf 85' lang='lat' dir='ltr'>ipse</span> 
     </span>
     <span class='ocr_line' id='line_1_19' title="bbox 52 1281 1855 1332; baseline 0.005 -18"><span class='ocrx_word' id='word_1_218' title='bbox 52 1281 253 1326; x_wconf 85' lang='lat' dir='ltr'>providebit</span> <span class='ocrx_word' id='word_1_219' title='bbox 277 1282 340 1316; x_wconf 88' lang='lat' dir='ltr'>tibi</span> <span class='ocrx_word' id='word_1_220' title='bbox 366 1293 408 1317; x_wconf 87' lang='lat' dir='ltr'>ac</span> <span class='ocrx_word' id='word_1_221' title='bbox 432 1282 516 1316; x_wconf 89' lang='lat' dir='ltr'>tuis.</span> <span class='ocrx_word' id='word_1_222' title='bbox 560 1281 702 1317; x_wconf 82' lang='lat' dir='ltr'>Utinam</span> <span class='ocrx_word' id='word_1_223' title='bbox 729 1281 794 1315; x_wconf 82' lang='lat' dir='ltr'>tibi</span> <span class='ocrx_word' id='word_1_224' title='bbox 819 1293 884 1326; x_wconf 83' lang='lat' dir='ltr'>ego</span> <span class='ocrx_word' id='word_1_225' title='bbox 911 1287 946 1317; x_wconf 89' lang='lat' dir='ltr'>et</span> <span class='ocrx_word' id='word_1_226' title='bbox 972 1294 1050 1318; x_wconf 83' lang='lat' dir='ltr'>mea</span> <span class='ocrx_word' id='word_1_227' title='bbox 1075 1283 1182 1318; x_wconf 88' lang='lat' dir='ltr'>Anna</span> <span class='ocrx_word' id='word_1_228' title='bbox 1204 1284 1391 1328; x_wconf 86' lang='lat' dir='ltr'>propiores</span> <span class='ocrx_word' id='word_1_229' title='bbox 1418 1295 1595 1329; x_wconf 87' lang='lat' dir='ltr'>essemus,</span> <span class='ocrx_word' id='word_1_230' title='bbox 1628 1292 1667 1322; x_wconf 87' lang='lat' dir='ltr'>ut</span> <span class='ocrx_word' id='word_1_231' title='bbox 1697 1287 1855 1332; x_wconf 83' lang='lat' dir='ltr'>aliquam</span> 
     </span>
     <span class='ocr_line' id='line_1_20' title="bbox 52 1339 1858 1387; baseline 0.004 -14"><span class='ocrx_word' id='word_1_232' title='bbox 52 1340 90 1374; x_wconf 88' lang='lat' dir='ltr'>in</span> <span class='ocrx_word' id='word_1_233' title='bbox 114 1350 180 1374; x_wconf 91' lang='lat' dir='ltr'>nos</span> <span class='ocrx_word' id='word_1_234' title='bbox 206 1339 421 1375; x_wconf 86' lang='lat' dir='ltr'>calamitatis</span> <span class='ocrx_word' id='word_1_235' title='bbox 447 1344 531 1375; x_wconf 86' lang='lat' dir='ltr'>tuae</span> <span class='ocrx_word' id='word_1_236' title='bbox 556 1345 693 1384; x_wconf 88' lang='lat' dir='ltr'>partem</span> <span class='ocrx_word' id='word_1_237' title='bbox 719 1340 880 1384; x_wconf 82' lang='lat' dir='ltr'>recipere</span> <span class='ocrx_word' id='word_1_238' title='bbox 906 1342 1102 1385; x_wconf 84' lang='lat' dir='ltr'>possimus.</span> <span class='ocrx_word' id='word_1_239' title='bbox 1149 1342 1231 1377; x_wconf 92' lang='lat' dir='ltr'>Non</span> <span class='ocrx_word' id='word_1_240' title='bbox 1259 1343 1394 1385; x_wconf 85' lang='lat' dir='ltr'>credis,</span> <span class='ocrx_word' id='word_1_241' title='bbox 1430 1349 1602 1387; x_wconf 84' lang='lat' dir='ltr'>quantum</span> <span class='ocrx_word' id='word_1_242' title='bbox 1633 1356 1698 1380; x_wconf 89' lang='lat' dir='ltr'>nos</span> <span class='ocrx_word' id='word_1_243' title='bbox 1725 1346 1858 1381; x_wconf 84' lang='lat' dir='ltr'>afficiat</span> 
     </span>
     <span class='ocr_line' id='line_1_21' title="bbox 52 1398 1855 1447; baseline 0.003 -14"><span class='ocrx_word' id='word_1_244' title='bbox 52 1398 111 1433; x_wconf 91' lang='lat' dir='ltr'>hic</span> <span class='ocrx_word' id='word_1_245' title='bbox 136 1404 221 1434; x_wconf 89' lang='lat' dir='ltr'>tuus</span> <span class='ocrx_word' id='word_1_246' title='bbox 246 1400 460 1443; x_wconf 88' lang='lat' dir='ltr'>improvisus</span> <span class='ocrx_word' id='word_1_247' title='bbox 488 1410 606 1435; x_wconf 88' lang='lat' dir='ltr'>casus.</span> <span class='ocrx_word' id='word_1_248' title='bbox 656 1399 772 1434; x_wconf 86' lang='lat' dir='ltr'>Lincii</span> <span class='ocrx_word' id='word_1_249' title='bbox 797 1404 832 1435; x_wconf 90' lang='lat' dir='ltr'>te</span> <span class='ocrx_word' id='word_1_250' title='bbox 860 1411 940 1435; x_wconf 91' lang='lat' dir='ltr'>esse</span> <span class='ocrx_word' id='word_1_251' title='bbox 967 1401 1143 1446; x_wconf 82' lang='lat' dir='ltr'>optarim3</span> <span class='ocrx_word' id='word_1_252' title='bbox 1178 1400 1260 1434; x_wconf 85' lang='lat' dir='ltr'>novi</span> <span class='ocrx_word' id='word_1_253' title='bbox 1292 1399 1424 1435; x_wconf 91' lang='lat' dir='ltr'>ibidem</span> <span class='ocrx_word' id='word_1_254' title='bbox 1453 1402 1583 1437; x_wconf 87' lang='lat' dir='ltr'>multos</span> <span class='ocrx_word' id='word_1_255' title='bbox 1609 1403 1724 1438; x_wconf 91' lang='lat' dir='ltr'>bonos</span> <span class='ocrx_word' id='word_1_256' title='bbox 1749 1404 1855 1447; x_wconf 66' lang='grc'><strong>11108,</strong></span> 
     </span>
     <span class='ocr_line' id='line_1_22' title="bbox 53 1459 1858 1503; baseline 0.002 -11"><span class='ocrx_word' id='word_1_257' title='bbox 53 1468 204 1502; x_wconf 89' lang='lat' dir='ltr'>quorum</span> <span class='ocrx_word' id='word_1_258' title='bbox 230 1459 491 1493; x_wconf 90' lang='lat' dir='ltr'>consuetudine</span> <span class='ocrx_word' id='word_1_259' title='bbox 517 1459 709 1503; x_wconf 89' lang='lat' dir='ltr'>plurimum</span> <span class='ocrx_word' id='word_1_260' title='bbox 735 1469 863 1502; x_wconf 85' lang='lat' dir='ltr'>posses</span> <span class='ocrx_word' id='word_1_261' title='bbox 889 1459 1043 1494; x_wconf 88' lang='lat' dir='ltr'>recreari</span> <span class='ocrx_word' id='word_1_262' title='bbox 1061 1459 1266 1503; x_wconf 88' lang='lat' dir='ltr'>liberosque</span> <span class='ocrx_word' id='word_1_263' title='bbox 1283 1462 1365 1494; x_wconf 88' lang='lat' dir='ltr'>tuos</span> <span class='ocrx_word' id='word_1_264' title='bbox 1383 1459 1514 1494; x_wconf 88' lang='lat' dir='ltr'>rectius</span> <span class='ocrx_word' id='word_1_265' title='bbox 1532 1459 1686 1495; x_wconf 88' lang='lat' dir='ltr'>fortasse</span> <span class='ocrx_word' id='word_1_266' title='bbox 1704 1460 1858 1496; x_wconf 87' lang='lat' dir='ltr'>educare</span> 
     </span>
     <span class='ocr_line' id='line_1_23' title="bbox 52 1516 1000 1561; baseline 0.001 -11"><span class='ocrx_word' id='word_1_267' title='bbox 52 1526 159 1559; x_wconf 89' lang='lat' dir='ltr'>quam</span> <span class='ocrx_word' id='word_1_268' title='bbox 183 1516 354 1560; x_wconf 82' lang='lat' dir='ltr'>Pragae.“</span> <span class='ocrx_word' id='word_1_269' title='bbox 407 1517 647 1560; x_wconf 83' lang='lat' dir='ltr'>(Regiomonti</span> <span class='ocrx_word' id='word_1_270' title='bbox 673 1516 728 1551; x_wconf 76' lang='lat'>23.</span> <span class='ocrx_word' id='word_1_271' title='bbox 756 1516 855 1561; x_wconf 84' lang='lat' dir='ltr'>Sept.</span> <span class='ocrx_word' id='word_1_272' title='bbox 885 1518 1000 1560; x_wconf 80' lang='lat'>1611.)</span> 
     </span>
    </p>

    <p class='ocr_par' dir='ltr' id='par_1_3' title="bbox 0 1574 1856 2609">
     <span class='ocr_line' id='line_1_24' title="bbox 191 1574 1855 1620; baseline 0.004 -12"><span class='ocrx_word' id='word_1_273' title='bbox 191 1574 368 1610; x_wconf 89' lang='lat' dir='ltr'>Erasmus</span> <span class='ocrx_word' id='word_1_274' title='bbox 393 1575 489 1609; x_wconf 86' lang='lat' dir='ltr'>Baro</span> <span class='ocrx_word' id='word_1_275' title='bbox 516 1575 890 1620; x_wconf 85' lang='lat' dir='ltr'>Starembergius</span> <span class='ocrx_word' id='word_1_276' title='bbox 916 1575 1006 1611; x_wconf 90' lang='lat' dir='ltr'>haec</span> <span class='ocrx_word' id='word_1_277' title='bbox 1033 1575 1131 1611; x_wconf 87' lang='lat' dir='ltr'>dedit</span> <span class='ocrx_word' id='word_1_278' title='bbox 1150 1575 1327 1619; x_wconf 88' lang='lat' dir='ltr'>Keplero:</span> <span class='ocrx_word' id='word_1_279' title='bbox 1356 1574 1559 1611; x_wconf 89' lang='lat' dir='ltr'>Clarissime</span> <span class='ocrx_word' id='word_1_280' title='bbox 1587 1582 1621 1611; x_wconf 89' lang='lat' dir='ltr'>et</span> <span class='ocrx_word' id='word_1_281' title='bbox 1639 1577 1855 1614; x_wconf 85' lang='lat' dir='ltr'>Doctissime</span> 
     </span>
     <span class='ocr_line' id='line_1_25' title="bbox 52 1631 1854 1683; baseline 0.003 -15"><span class='ocrx_word' id='word_1_282' title='bbox 52 1631 128 1668; x_wconf 87' lang='lat' dir='ltr'>Vir.</span> <span class='ocrx_word' id='word_1_283' title='bbox 175 1632 257 1667; x_wconf 87' lang='lat' dir='ltr'>Non</span> <span class='ocrx_word' id='word_1_284' title='bbox 283 1632 363 1667; x_wconf 93' lang='lat' dir='ltr'>sine</span> <span class='ocrx_word' id='word_1_285' title='bbox 400 1633 508 1667; x_wconf 88' lang='lat' dir='ltr'>animi</span> <span class='ocrx_word' id='word_1_286' title='bbox 541 1633 666 1667; x_wconf 90' lang='lat' dir='ltr'>dolore</span> <span class='ocrx_word' id='word_1_287' title='bbox 701 1633 865 1668; x_wconf 85' lang='lat' dir='ltr'>intellexi</span> <span class='ocrx_word' id='word_1_288' title='bbox 896 1644 941 1668; x_wconf 80' lang='lat' dir='ltr'>ex</span> <span class='ocrx_word' id='word_1_289' title='bbox 967 1634 1182 1679; x_wconf 89' lang='lat' dir='ltr'>nuperrimis</span> <span class='ocrx_word' id='word_1_290' title='bbox 1215 1634 1286 1669; x_wconf 89' lang='lat' dir='ltr'>tuis</span> <span class='ocrx_word' id='word_1_291' title='bbox 1315 1633 1358 1668; x_wconf 91' lang='lat' dir='ltr'>de</span> <span class='ocrx_word' id='word_1_292' title='bbox 1384 1635 1484 1669; x_wconf 84' lang='lat' dir='ltr'>obitu</span> <span class='ocrx_word' id='word_1_293' title='bbox 1510 1636 1694 1680; x_wconf 89' lang='lat' dir='ltr'>inopinato</span> <span class='ocrx_word' id='word_1_294' title='bbox 1720 1638 1854 1683; x_wconf 86' lang='lat' dir='ltr'>uxoris,</span> 
     </span>
     <span class='ocr_line' id='line_1_26' title="bbox 53 1690 1856 1743; baseline 0.004 -17"><span class='ocrx_word' id='word_1_295' title='bbox 53 1690 158 1734; x_wconf 87' lang='lat' dir='ltr'>cujus</span> <span class='ocrx_word' id='word_1_296' title='bbox 182 1691 374 1726; x_wconf 88' lang='lat' dir='ltr'>amissione</span> <span class='ocrx_word' id='word_1_297' title='bbox 401 1697 436 1726; x_wconf 93' lang='lat' dir='ltr'>te</span> <span class='ocrx_word' id='word_1_298' title='bbox 461 1690 575 1737; x_wconf 82' lang='lat' dir='ltr'>affligi</span> <span class='ocrx_word' id='word_1_299' title='bbox 601 1702 675 1726; x_wconf 87' lang='grc'>000</span> <span class='ocrx_word' id='word_1_300' title='bbox 696 1692 834 1726; x_wconf 89' lang='lat' dir='ltr'>mirum.</span> <span class='ocrx_word' id='word_1_301' title='bbox 885 1691 942 1727; x_wconf 91' lang='lat' dir='ltr'>Ita</span> <span class='ocrx_word' id='word_1_302' title='bbox 969 1692 1062 1726; x_wconf 91' lang='lat' dir='ltr'>enim</span> <span class='ocrx_word' id='word_1_303' title='bbox 1088 1698 1143 1728; x_wconf 90' lang='lat' dir='ltr'>est</span> <span class='ocrx_word' id='word_1_304' title='bbox 1169 1693 1403 1728; x_wconf 87' lang='lat' dir='ltr'>constitutum</span> <span class='ocrx_word' id='word_1_305' title='bbox 1429 1694 1464 1728; x_wconf 92' lang='lat' dir='ltr'>in</span> <span class='ocrx_word' id='word_1_306' title='bbox 1489 1695 1595 1729; x_wconf 89' lang='lat' dir='ltr'>rebus</span> <span class='ocrx_word' id='word_1_307' title='bbox 1615 1695 1790 1743; x_wconf 88' lang='lat' dir='ltr'>humanis,</span> <span class='ocrx_word' id='word_1_308' title='bbox 1816 1703 1856 1733; x_wconf 91' lang='lat' dir='ltr'>ut</span> 
     </span>
     <span class='ocr_line' id='line_1_27' title="bbox 51 1748 1855 1797; baseline 0.004 -15"><span class='ocrx_word' id='word_1_309' title='bbox 51 1748 205 1792; x_wconf 86' lang='lat' dir='ltr'>privatio</span> <span class='ocrx_word' id='word_1_310' title='bbox 232 1749 384 1793; x_wconf 86' lang='lat' dir='ltr'>alicujus</span> <span class='ocrx_word' id='word_1_311' title='bbox 409 1749 494 1784; x_wconf 90' lang='lat' dir='ltr'>boni</span> <span class='ocrx_word' id='word_1_312' title='bbox 517 1755 594 1784; x_wconf 84' lang='lat' dir='ltr'>tum</span> <span class='ocrx_word' id='word_1_313' title='bbox 620 1749 762 1784; x_wconf 87' lang='lat' dir='ltr'>demum</span> <span class='ocrx_word' id='word_1_314' title='bbox 788 1749 960 1794; x_wconf 83' lang='lat' dir='ltr'>maj0rem</span> <span class='ocrx_word' id='word_1_315' title='bbox 985 1750 1089 1785; x_wconf 88' lang='lat' dir='ltr'>nobis</span> <span class='ocrx_word' id='word_1_316' title='bbox 1116 1750 1274 1786; x_wconf 86' lang='lat' dir='ltr'>dolorem</span> <span class='ocrx_word' id='word_1_317' title='bbox 1300 1751 1432 1795; x_wconf 82' lang='lat' dir='ltr'>pariat,</span> <span class='ocrx_word' id='word_1_318' title='bbox 1461 1763 1541 1787; x_wconf 87' lang='lat' dir='ltr'>cum</span> <span class='ocrx_word' id='word_1_319' title='bbox 1567 1753 1855 1797; x_wconf 84' lang='lat' dir='ltr'>conjunctionem</span> 
     </span>
     <span class='ocr_line' id='line_1_28' title="bbox 53 1806 1854 1857; baseline 0.006 -17"><span class='ocrx_word' id='word_1_320' title='bbox 53 1811 90 1841; x_wconf 89' lang='lat' dir='ltr'>et</span> <span class='ocrx_word' id='word_1_321' title='bbox 114 1806 413 1849; x_wconf 83' lang='lat' dir='ltr'>familiaritatem,</span> <span class='ocrx_word' id='word_1_322' title='bbox 449 1818 521 1851; x_wconf 89' lang='lat' dir='ltr'>qua</span> <span class='ocrx_word' id='word_1_323' title='bbox 552 1807 708 1843; x_wconf 89' lang='lat' dir='ltr'>infelici</span> <span class='ocrx_word' id='word_1_324' title='bbox 742 1808 968 1843; x_wconf 91' lang='lat' dir='ltr'>matrimonio</span> <span class='ocrx_word' id='word_1_325' title='bbox 1002 1808 1208 1853; x_wconf 81' lang='lat' dir='ltr'>utebamur,</span> <span class='ocrx_word' id='word_1_326' title='bbox 1243 1810 1402 1854; x_wconf 87' lang='lat' dir='ltr'>penitius</span> <span class='ocrx_word' id='word_1_327' title='bbox 1435 1811 1552 1845; x_wconf 88' lang='lat' dir='ltr'>animo</span> <span class='ocrx_word' id='word_1_328' title='bbox 1584 1813 1854 1857; x_wconf 85' lang='lat' dir='ltr'>perpendimus.</span> 
     </span>
     <span class='ocr_line' id='line_1_29' title="bbox 51 1864 1854 1914; baseline 0.004 -15"><span class='ocrx_word' id='word_1_329' title='bbox 51 1864 184 1899; x_wconf 90' lang='lat' dir='ltr'>Dolere</span> <span class='ocrx_word' id='word_1_330' title='bbox 209 1870 244 1900; x_wconf 86' lang='grc'>01</span> <span class='ocrx_word' id='word_1_331' title='bbox 273 1864 393 1900; x_wconf 87' lang='lat' dir='ltr'>dolere</span> <span class='ocrx_word' id='word_1_332' title='bbox 420 1875 464 1899; x_wconf 83' lang='lat' dir='ltr'>ex</span> <span class='ocrx_word' id='word_1_333' title='bbox 489 1868 607 1900; x_wconf 89' lang='lat' dir='ltr'>animo</span> <span class='ocrx_word' id='word_1_334' title='bbox 635 1865 679 1900; x_wconf 91' lang='lat' dir='ltr'>ob</span> <span class='ocrx_word' id='word_1_335' title='bbox 708 1865 884 1909; x_wconf 86' lang='lat' dir='ltr'>ejusmodi</span> <span class='ocrx_word' id='word_1_336' title='bbox 910 1877 1036 1904; x_wconf 85' lang='lat' dir='ltr'>casus,</span> <span class='ocrx_word' id='word_1_337' title='bbox 1061 1867 1256 1902; x_wconf 87' lang='lat' dir='ltr'>humanum</span> <span class='ocrx_word' id='word_1_338' title='bbox 1290 1874 1325 1902; x_wconf 88' lang='grc'>01</span> <span class='ocrx_word' id='word_1_339' title='bbox 1352 1869 1595 1904; x_wconf 79' lang='lat' dir='ltr'>christianum.</span> <span class='ocrx_word' id='word_1_340' title='bbox 1649 1871 1735 1914; x_wconf 78' lang='lat' dir='ltr'>Quis</span> <span class='ocrx_word' id='word_1_341' title='bbox 1761 1872 1854 1907; x_wconf 89' lang='lat' dir='ltr'>enim</span> 
     </span>
     <span class='ocr_line' id='line_1_30' title="bbox 51 1922 1853 1977; baseline 0.006 -21"><span class='ocrx_word' id='word_1_342' title='bbox 51 1933 124 1957; x_wconf 90' lang='lat' dir='ltr'>non</span> <span class='ocrx_word' id='word_1_343' title='bbox 149 1922 284 1967; x_wconf 83' lang='lat' dir='ltr'>lugeat,</span> <span class='ocrx_word' id='word_1_344' title='bbox 313 1932 350 1957; x_wconf 91' lang='lat' dir='ltr'>se</span> <span class='ocrx_word' id='word_1_345' title='bbox 377 1922 522 1958; x_wconf 87' lang='lat' dir='ltr'>dimidia</span> <span class='ocrx_word' id='word_1_346' title='bbox 548 1924 666 1959; x_wconf 88' lang='lat' dir='ltr'>cordis</span> <span class='ocrx_word' id='word_1_347' title='bbox 694 1925 749 1959; x_wconf 90' lang='lat' dir='ltr'>sui</span> <span class='ocrx_word' id='word_1_348' title='bbox 774 1930 888 1969; x_wconf 82' lang='lat' dir='ltr'>parte,</span> <span class='ocrx_word' id='word_1_349' title='bbox 916 1936 961 1960; x_wconf 78' lang='lat' dir='ltr'>ex</span> <span class='ocrx_word' id='word_1_350' title='bbox 988 1937 1058 1969; x_wconf 90' lang='lat' dir='ltr'>qua</span> <span class='ocrx_word' id='word_1_351' title='bbox 1084 1927 1235 1970; x_wconf 83' lang='lat' dir='ltr'>pignora</span> <span class='ocrx_word' id='word_1_352' title='bbox 1260 1927 1471 1962; x_wconf 86' lang='lat' dir='ltr'>charissima</span> <span class='ocrx_word' id='word_1_353' title='bbox 1495 1929 1624 1964; x_wconf 86' lang='lat' dir='ltr'>amoris</span> <span class='ocrx_word' id='word_1_354' title='bbox 1643 1931 1853 1977; x_wconf 85' lang='lat' dir='ltr'>susceperit,</span> 
     </span>
     <span class='ocr_line' id='line_1_31' title="bbox 51 1980 1854 2035; baseline 0.006 -21"><span class='ocrx_word' id='word_1_355' title='bbox 51 1980 193 2025; x_wconf 87' lang='lat' dir='ltr'>privari.</span> <span class='ocrx_word' id='word_1_356' title='bbox 227 1981 360 2016; x_wconf 91' lang='lat' dir='ltr'>Verum</span> <span class='ocrx_word' id='word_1_357' title='bbox 381 1981 496 2025; x_wconf 87' lang='lat' dir='ltr'>erigat</span> <span class='ocrx_word' id='word_1_358' title='bbox 513 1982 670 2017; x_wconf 85' lang='lat' dir='ltr'>animum</span> <span class='ocrx_word' id='word_1_359' title='bbox 688 1988 910 2018; x_wconf 88' lang='lat' dir='ltr'>moerentem</span> <span class='ocrx_word' id='word_1_360' title='bbox 929 1988 964 2018; x_wconf 90' lang='lat' dir='ltr'>et</span> <span class='ocrx_word' id='word_1_361' title='bbox 983 1984 1121 2019; x_wconf 87' lang='lat' dir='ltr'>soletur</span> <span class='ocrx_word' id='word_1_362' title='bbox 1140 1985 1381 2020; x_wconf 84' lang='lat' dir='ltr'>Christianum</span> <span class='ocrx_word' id='word_1_363' title='bbox 1401 1990 1436 2021; x_wconf 93' lang='lat' dir='ltr'>et</span> <span class='ocrx_word' id='word_1_364' title='bbox 1453 1986 1549 2030; x_wconf 91' lang='lat' dir='ltr'>pium</span> <span class='ocrx_word' id='word_1_365' title='bbox 1568 1987 1680 2023; x_wconf 77' lang='lat' dir='ltr'>virum</span> <span class='ocrx_word' id='word_1_366' title='bbox 1699 1989 1854 2035; x_wconf 82' lang='lat' dir='ltr'>benigna</span> 
     </span>
     <span class='ocr_line' id='line_1_32' title="bbox 51 2039 1853 2089; baseline 0.005 -16"><span class='ocrx_word' id='word_1_367' title='bbox 51 2039 217 2074; x_wconf 86' lang='lat' dir='ltr'>voluntas</span> <span class='ocrx_word' id='word_1_368' title='bbox 235 2039 398 2073; x_wconf 86' lang='lat' dir='ltr'>Numinis</span> <span class='ocrx_word' id='word_1_369' title='bbox 419 2039 538 2084; x_wconf 77' lang='lat' dir='ltr'>divini,</span> <span class='ocrx_word' id='word_1_370' title='bbox 565 2041 642 2075; x_wconf 89' lang='lat' dir='ltr'>sine</span> <span class='ocrx_word' id='word_1_371' title='bbox 669 2041 771 2085; x_wconf 87' lang='lat' dir='ltr'>cujus</span> <span class='ocrx_word' id='word_1_372' title='bbox 789 2046 880 2076; x_wconf 89' lang='lat' dir='ltr'>nutu</span> <span class='ocrx_word' id='word_1_373' title='bbox 906 2047 941 2078; x_wconf 87' lang='lat' dir='ltr'>et</span> <span class='ocrx_word' id='word_1_374' title='bbox 967 2043 1115 2078; x_wconf 88' lang='lat' dir='ltr'>arbitrio</span> <span class='ocrx_word' id='word_1_375' title='bbox 1143 2054 1188 2078; x_wconf 90' lang='grc'>00</span> <span class='ocrx_word' id='word_1_376' title='bbox 1214 2044 1380 2078; x_wconf 84' lang='lat' dir='ltr'>minimus</span> <span class='ocrx_word' id='word_1_377' title='bbox 1407 2044 1501 2088; x_wconf 88' lang='lat' dir='ltr'>pilus</span> <span class='ocrx_word' id='word_1_378' title='bbox 1528 2046 1570 2080; x_wconf 92' lang='lat' dir='ltr'>de</span> <span class='ocrx_word' id='word_1_379' title='bbox 1589 2046 1705 2089; x_wconf 84' lang='lat' dir='ltr'>capite</span> <span class='ocrx_word' id='word_1_380' title='bbox 1730 2053 1853 2083; x_wconf 87' lang='lat' dir='ltr'>nostro</span> 
     </span>
     <span class='ocr_line' id='line_1_33' title="bbox 54 2097 1854 2149; baseline 0.006 -18"><span class='ocrx_word' id='word_1_381' title='bbox 54 2097 199 2134; x_wconf 88' lang='lat' dir='ltr'>decidit.</span> <span class='ocrx_word' id='word_1_382' title='bbox 249 2098 286 2133; x_wconf 91' lang='lat' dir='ltr'>Si</span> <span class='ocrx_word' id='word_1_383' title='bbox 311 2099 419 2142; x_wconf 88' lang='lat' dir='ltr'>igitur</span> <span class='ocrx_word' id='word_1_384' title='bbox 445 2099 533 2143; x_wconf 91' lang='lat' dir='ltr'>Deo,</span> <span class='ocrx_word' id='word_1_385' title='bbox 560 2099 653 2134; x_wconf 84' lang='lat' dir='ltr'>vitae</span> <span class='ocrx_word' id='word_1_386' title='bbox 678 2101 833 2141; x_wconf 87' lang='lat' dir='ltr'>auctori,</span> <span class='ocrx_word' id='word_1_387' title='bbox 859 2102 909 2136; x_wconf 90' lang='lat' dir='ltr'>ita</span> <span class='ocrx_word' id='word_1_388' title='bbox 933 2102 1058 2147; x_wconf 86' lang='lat' dir='ltr'>visum,</span> <span class='ocrx_word' id='word_1_389' title='bbox 1085 2113 1148 2137; x_wconf 89' lang='lat' dir='ltr'>cur</span> <span class='ocrx_word' id='word_1_390' title='bbox 1173 2103 1265 2137; x_wconf 86' lang='lat' dir='ltr'>nolis</span> <span class='ocrx_word' id='word_1_391' title='bbox 1291 2101 1343 2136; x_wconf 89' lang='lat' dir='ltr'>illi</span> <span class='ocrx_word' id='word_1_392' title='bbox 1369 2103 1496 2137; x_wconf 89' lang='lat' dir='ltr'>iterum</span> <span class='ocrx_word' id='word_1_393' title='bbox 1522 2105 1731 2142; x_wconf 84' lang='lat' dir='ltr'>restituere.</span> <span class='ocrx_word' id='word_1_394' title='bbox 1758 2106 1854 2149; x_wconf 91' lang='lat' dir='ltr'>quod</span> 
     </span>
     <span class='ocr_line' id='line_1_34' title="bbox 51 2156 1853 2206; baseline 0.004 -16"><span class='ocrx_word' id='word_1_395' title='bbox 51 2156 96 2190; x_wconf 90' lang='lat' dir='ltr'>ad</span> <span class='ocrx_word' id='word_1_396' title='bbox 120 2161 262 2201; x_wconf 89' lang='lat' dir='ltr'>tempus</span> <span class='ocrx_word' id='word_1_397' title='bbox 287 2157 365 2201; x_wconf 91' lang='lat' dir='ltr'>ipse</span> <span class='ocrx_word' id='word_1_398' title='bbox 384 2162 508 2192; x_wconf 88' lang='lat' dir='ltr'>mutuo</span> <span class='ocrx_word' id='word_1_399' title='bbox 535 2159 738 2193; x_wconf 74' lang='lat' dir='ltr'>concessit?</span> <span class='ocrx_word' id='word_1_400' title='bbox 776 2160 858 2194; x_wconf 90' lang='lat' dir='ltr'>Non</span> <span class='ocrx_word' id='word_1_401' title='bbox 885 2165 939 2195; x_wconf 84' lang='lat' dir='ltr'>est</span> <span class='ocrx_word' id='word_1_402' title='bbox 957 2161 1108 2205; x_wconf 86' lang='lat' dir='ltr'>amissa,</span> <span class='ocrx_word' id='word_1_403' title='bbox 1136 2161 1199 2196; x_wconf 83' lang='lat' dir='ltr'>sed</span> <span class='ocrx_word' id='word_1_404' title='bbox 1224 2163 1436 2206; x_wconf 88' lang='lat' dir='ltr'>praemissa,</span> <span class='ocrx_word' id='word_1_405' title='bbox 1464 2163 1567 2206; x_wconf 87' lang='lat' dir='ltr'>cujus</span> <span class='ocrx_word' id='word_1_406' title='bbox 1593 2164 1853 2199; x_wconf 88' lang='lat' dir='ltr'>consuetudine</span> 
     </span>
     <span class='ocr_line' id='line_1_35' title="bbox 52 2214 1852 2264; baseline 0.004 -16"><span class='ocrx_word' id='word_1_407' title='bbox 52 2214 89 2249; x_wconf 88' lang='lat' dir='ltr'>in</span> <span class='ocrx_word' id='word_1_408' title='bbox 113 2215 229 2250; x_wconf 87' lang='lat' dir='ltr'>altera</span> <span class='ocrx_word' id='word_1_409' title='bbox 257 2215 329 2250; x_wconf 83' lang='lat' dir='ltr'>vita</span> <span class='ocrx_word' id='word_1_410' title='bbox 355 2227 436 2251; x_wconf 91' lang='lat' dir='ltr'>cum</span> <span class='ocrx_word' id='word_1_411' title='bbox 460 2217 596 2260; x_wconf 79' lang='lat' dir='ltr'>majore</span> <span class='ocrx_word' id='word_1_412' title='bbox 623 2216 795 2252; x_wconf 86' lang='lat' dir='ltr'>felicitate</span> <span class='ocrx_word' id='word_1_413' title='bbox 823 2229 860 2253; x_wconf 93' lang='lat' dir='ltr'>es</span> <span class='ocrx_word' id='word_1_414' title='bbox 885 2219 1077 2263; x_wconf 83' lang='lat' dir='ltr'>fruiturus;</span> <span class='ocrx_word' id='word_1_415' title='bbox 1106 2224 1161 2254; x_wconf 89' lang='lat' dir='ltr'>est</span> <span class='ocrx_word' id='word_1_416' title='bbox 1186 2220 1328 2264; x_wconf 90' lang='lat' dir='ltr'>quidem</span> <span class='ocrx_word' id='word_1_417' title='bbox 1356 2230 1400 2254; x_wconf 79' lang='lat' dir='ltr'>ex</span> <span class='ocrx_word' id='word_1_418' title='bbox 1426 2220 1538 2255; x_wconf 88' lang='lat' dir='ltr'>oculis</span> <span class='ocrx_word' id='word_1_419' title='bbox 1563 2221 1635 2255; x_wconf 89' lang='lat' dir='ltr'>tuis</span> <span class='ocrx_word' id='word_1_420' title='bbox 1661 2225 1697 2255; x_wconf 89' lang='lat' dir='ltr'>et</span> <span class='ocrx_word' id='word_1_421' title='bbox 1722 2222 1852 2257; x_wconf 89' lang='lat' dir='ltr'>libero-</span> 
     </span>
     <span class='ocr_line' id='line_1_36' title="bbox 52 2274 1852 2325; baseline 0.005 -18"><span class='ocrx_word' id='word_1_422' title='bbox 52 2283 131 2307; x_wconf 88' lang='lat' dir='ltr'>rum</span> <span class='ocrx_word' id='word_1_423' title='bbox 157 2274 289 2318; x_wconf 87' lang='lat' dir='ltr'>ablata,</span> <span class='ocrx_word' id='word_1_424' title='bbox 317 2274 380 2308; x_wconf 88' lang='lat' dir='ltr'>sed</span> <span class='ocrx_word' id='word_1_425' title='bbox 405 2274 505 2308; x_wconf 90' lang='lat' dir='ltr'>brevi</span> <span class='ocrx_word' id='word_1_426' title='bbox 529 2276 741 2310; x_wconf 87' lang='lat' dir='ltr'>restituetur</span> <span class='ocrx_word' id='word_1_427' title='bbox 767 2288 845 2311; x_wconf 90' lang='lat' dir='ltr'>cum</span> <span class='ocrx_word' id='word_1_428' title='bbox 871 2278 999 2321; x_wconf 81' lang='lat' dir='ltr'>majori</span> <span class='ocrx_word' id='word_1_429' title='bbox 1024 2278 1182 2313; x_wconf 85' lang='lat' dir='ltr'>foenore.</span> <span class='ocrx_word' id='word_1_430' title='bbox 1217 2278 1287 2313; x_wconf 86' lang='lat' dir='ltr'>Sed</span> <span class='ocrx_word' id='word_1_431' title='bbox 1313 2279 1398 2322; x_wconf 90' lang='lat' dir='ltr'>quid</span> <span class='ocrx_word' id='word_1_432' title='bbox 1417 2279 1659 2314; x_wconf 86' lang='lat' dir='ltr'>Christianum</span> <span class='ocrx_word' id='word_1_433' title='bbox 1685 2286 1720 2314; x_wconf 90' lang='lat' dir='ltr'>et</span> <span class='ocrx_word' id='word_1_434' title='bbox 1736 2281 1852 2325; x_wconf 87' lang='lat' dir='ltr'>philo-</span> 
     </span>
     <span class='ocr_line' id='line_1_37' title="bbox 54 2331 1852 2384; baseline 0.006 -19"><span class='ocrx_word' id='word_1_435' title='bbox 54 2331 207 2375; x_wconf 91' lang='lat' dir='ltr'>sophum</span> <span class='ocrx_word' id='word_1_436' title='bbox 234 2331 379 2376; x_wconf 90' lang='lat' dir='ltr'>quidem</span> <span class='ocrx_word' id='word_1_437' title='bbox 404 2343 573 2376; x_wconf 81' lang='lat' dir='ltr'>magnum</span> <span class='ocrx_word' id='word_1_438' title='bbox 599 2333 706 2374; x_wconf 84' lang='lat' dir='ltr'>solor,</span> <span class='ocrx_word' id='word_1_439' title='bbox 731 2335 809 2378; x_wconf 91' lang='lat' dir='ltr'>ipse</span> <span class='ocrx_word' id='word_1_440' title='bbox 837 2335 897 2378; x_wconf 86' lang='lat' dir='ltr'>qui</span> <span class='ocrx_word' id='word_1_441' title='bbox 920 2336 1126 2380; x_wconf 87' lang='lat' dir='ltr'>praeceptis</span> <span class='ocrx_word' id='word_1_442' title='bbox 1152 2336 1404 2381; x_wconf 85' lang='lat' dir='ltr'>philosophiae</span> <span class='ocrx_word' id='word_1_443' title='bbox 1429 2337 1627 2373; x_wconf 87' lang='lat' dir='ltr'>instructus</span> <span class='ocrx_word' id='word_1_444' title='bbox 1647 2339 1726 2374; x_wconf 85' lang='lat' dir='ltr'>aliis</span> <span class='ocrx_word' id='word_1_445' title='bbox 1750 2351 1852 2384; x_wconf 88' lang='lat' dir='ltr'>prae—</span> 
     </span>
     <span class='ocr_line' id='line_1_38' title="bbox 52 2390 1850 2442; baseline 0.006 -18"><span class='ocrx_word' id='word_1_446' title='bbox 52 2395 158 2434; x_wconf 84' lang='lat' dir='ltr'>cepta</span> <span class='ocrx_word' id='word_1_447' title='bbox 184 2390 441 2425; x_wconf 89' lang='lat' dir='ltr'>consolationis</span> <span class='ocrx_word' id='word_1_448' title='bbox 469 2391 553 2425; x_wconf 85' lang='lat' dir='ltr'>dare</span> <span class='ocrx_word' id='word_1_449' title='bbox 581 2395 616 2426; x_wconf 87' lang='lat' dir='ltr'>et</span> <span class='ocrx_word' id='word_1_450' title='bbox 640 2393 888 2435; x_wconf 86' lang='lat' dir='ltr'>praescribere</span> <span class='ocrx_word' id='word_1_451' title='bbox 912 2395 1058 2437; x_wconf 77' lang='lat' dir='ltr'>potest?</span> <span class='ocrx_word' id='word_1_452' title='bbox 1109 2395 1249 2430; x_wconf 88' lang='lat' dir='ltr'>Amoris</span> <span class='ocrx_word' id='word_1_453' title='bbox 1276 2400 1331 2430; x_wconf 91' lang='lat' dir='ltr'>est</span> <span class='ocrx_word' id='word_1_454' title='bbox 1356 2395 1424 2430; x_wconf 89' lang='lat' dir='ltr'>hoc</span> <span class='ocrx_word' id='word_1_455' title='bbox 1449 2396 1485 2430; x_wconf 93' lang='lat' dir='ltr'>in</span> <span class='ocrx_word' id='word_1_456' title='bbox 1511 2401 1546 2431; x_wconf 87' lang='grc'>10</span> <span class='ocrx_word' id='word_1_457' title='bbox 1572 2397 1640 2431; x_wconf 87' lang='lat' dir='ltr'>mei</span> <span class='ocrx_word' id='word_1_458' title='bbox 1665 2409 1850 2442; x_wconf 84' lang='lat' dir='ltr'>argumen-</span> 
     </span>
     <span class='ocr_line' id='line_1_39' title="bbox 51 2448 1851 2499; baseline 0.006 -18"><span class='ocrx_word' id='word_1_459' title='bbox 51 2453 127 2482; x_wconf 86' lang='lat' dir='ltr'>tum</span> <span class='ocrx_word' id='word_1_460' title='bbox 154 2453 189 2483; x_wconf 92' lang='lat' dir='ltr'>et</span> <span class='ocrx_word' id='word_1_461' title='bbox 214 2448 384 2483; x_wconf 90' lang='lat' dir='ltr'>indicium</span> <span class='ocrx_word' id='word_1_462' title='bbox 409 2449 603 2496; x_wconf 62' lang='lat' dir='ltr'>singulare.</span> <span class='ocrx_word' id='word_1_463' title='bbox 644 2451 738 2485; x_wconf 91' lang='lat' dir='ltr'>Novi</span> <span class='ocrx_word' id='word_1_464' title='bbox 763 2451 856 2485; x_wconf 88' lang='lat' dir='ltr'>enim</span> <span class='ocrx_word' id='word_1_465' title='bbox 882 2452 970 2487; x_wconf 88' lang='lat' dir='ltr'>illud</span> <span class='ocrx_word' id='word_1_466' title='bbox 991 2453 1282 2488; x_wconf 85' lang='lat' dir='ltr'>Ciceronianum:</span> <span class='ocrx_word' id='word_1_467' title='bbox 1312 2455 1416 2496; x_wconf 78' lang='lat' dir='ltr'>„dum</span> <span class='ocrx_word' id='word_1_468' title='bbox 1434 2460 1532 2490; x_wconf 87' lang='lat' dir='ltr'>recte</span> <span class='ocrx_word' id='word_1_469' title='bbox 1558 2457 1727 2499; x_wconf 81' lang='lat' dir='ltr'>valemus,</span> <span class='ocrx_word' id='word_1_470' title='bbox 1753 2463 1851 2493; x_wconf 89' lang='lat' dir='ltr'>recta</span> 
     </span>
     <span class='ocr_line' id='line_1_40' title="bbox 0 2500 1849 2559; baseline 0.006 -19"><span class='ocrx_word' id='word_1_471' title='bbox 0 2533 1 2555; x_wconf 44' lang='lat'>3</span> <span class='ocrx_word' id='word_1_472' title='bbox 50 2506 130 2541; x_wconf 88' lang='lat' dir='ltr'>aliis</span> <span class='ocrx_word' id='word_1_473' title='bbox 155 2507 305 2541; x_wconf 83' lang='lat' dir='ltr'>consilia</span> <span class='ocrx_word' id='word_1_474' title='bbox 330 2507 498 2542; x_wconf 80' lang='lat' dir='ltr'>damus.“&#39;</span> <span class='ocrx_word' id='word_1_475' title='bbox 540 2500 660 2552; x_wconf 78' lang='lat' dir='ltr'>Quare</span> <span class='ocrx_word' id='word_1_476' title='bbox 684 2511 789 2554; x_wconf 89' lang='lat' dir='ltr'>aequi</span> <span class='ocrx_word' id='word_1_477' title='bbox 814 2511 972 2556; x_wconf 89' lang='lat' dir='ltr'>bonique</span> <span class='ocrx_word' id='word_1_478' title='bbox 999 2512 1156 2554; x_wconf 82' lang='lat' dir='ltr'>consule,</span> <span class='ocrx_word' id='word_1_479' title='bbox 1183 2512 1230 2546; x_wconf 92' lang='lat' dir='ltr'>mi</span> <span class='ocrx_word' id='word_1_480' title='bbox 1247 2513 1414 2559; x_wconf 88' lang='lat' dir='ltr'>Keplere,</span> <span class='ocrx_word' id='word_1_481' title='bbox 1442 2514 1719 2550; x_wconf 88' lang='lat' dir='ltr'>admonitionem</span> <span class='ocrx_word' id='word_1_482' title='bbox 1746 2516 1849 2552; x_wconf 71' lang='lat' dir='ltr'>hanc,</span> 
     </span>
     <span class='ocr_line' id='line_1_41' title="bbox 52 2565 640 2609; baseline 0.003 -10"><span class='ocrx_word' id='word_1_483' title='bbox 52 2575 96 2599; x_wconf 83' lang='lat' dir='ltr'>ex</span> <span class='ocrx_word' id='word_1_484' title='bbox 121 2565 238 2600; x_wconf 88' lang='lat' dir='ltr'>animo</span> <span class='ocrx_word' id='word_1_485' title='bbox 266 2565 405 2600; x_wconf 87' lang='lat' dir='ltr'>sincero</span> <span class='ocrx_word' id='word_1_486' title='bbox 429 2565 640 2609; x_wconf 86' lang='lat' dir='ltr'>profectam.</span> 
     </span>
    </p>

    <p class='ocr_par' dir='ltr' id='par_1_4' title="bbox 0 2623 1851 3201">
     <span class='ocr_line' id='line_1_42' title="bbox 191 2623 1848 2674; baseline 0.005 -17"><span class='ocrx_word' id='word_1_487' title='bbox 191 2623 357 2658; x_wconf 87' lang='lat' dir='ltr'>Ceterum</span> <span class='ocrx_word' id='word_1_488' title='bbox 382 2624 479 2667; x_wconf 89' lang='lat' dir='ltr'>quod</span> <span class='ocrx_word' id='word_1_489' title='bbox 504 2626 743 2668; x_wconf 84' lang='lat' dir='ltr'>patrocinium</span> <span class='ocrx_word' id='word_1_490' title='bbox 769 2637 887 2662; x_wconf 80' lang='lat' dir='ltr'>meum</span> <span class='ocrx_word' id='word_1_491' title='bbox 914 2628 959 2662; x_wconf 91' lang='lat' dir='ltr'>ob</span> <span class='ocrx_word' id='word_1_492' title='bbox 984 2639 1104 2663; x_wconf 87' lang='lat' dir='ltr'>moras</span> <span class='ocrx_word' id='word_1_493' title='bbox 1129 2627 1195 2664; x_wconf 92' lang='lat' dir='ltr'>tibi</span> <span class='ocrx_word' id='word_1_494' title='bbox 1219 2628 1423 2663; x_wconf 85' lang='lat' dir='ltr'>necessario</span> <span class='ocrx_word' id='word_1_495' title='bbox 1457 2634 1658 2665; x_wconf 78' lang='lat' dir='ltr'>nectentem</span> <span class='ocrx_word' id='word_1_496' title='bbox 1684 2631 1848 2674; x_wconf 84' lang='lat' dir='ltr'>requiris,</span> 
     </span>
     <span class='ocr_line' id='line_1_43' title="bbox 51 2681 1850 2733; baseline 0.006 -18"><span class='ocrx_word' id='word_1_497' title='bbox 51 2691 123 2716; x_wconf 90' lang='lat' dir='ltr'>non</span> <span class='ocrx_word' id='word_1_498' title='bbox 149 2686 205 2716; x_wconf 86' lang='lat' dir='ltr'>est</span> <span class='ocrx_word' id='word_1_499' title='bbox 229 2681 324 2725; x_wconf 88' lang='lat' dir='ltr'>quod</span> <span class='ocrx_word' id='word_1_500' title='bbox 350 2681 490 2716; x_wconf 87' lang='lat' dir='ltr'>dubites</span> <span class='ocrx_word' id='word_1_501' title='bbox 518 2683 561 2717; x_wconf 90' lang='lat' dir='ltr'>de</span> <span class='ocrx_word' id='word_1_502' title='bbox 585 2694 665 2718; x_wconf 90' lang='lat' dir='ltr'>meo</span> <span class='ocrx_word' id='word_1_503' title='bbox 692 2694 776 2728; x_wconf 85' lang='lat' dir='ltr'>erga</span> <span class='ocrx_word' id='word_1_504' title='bbox 800 2690 836 2719; x_wconf 91' lang='lat' dir='ltr'>te</span> <span class='ocrx_word' id='word_1_505' title='bbox 854 2687 971 2720; x_wconf 82' lang='lat' dir='ltr'>animo</span> <span class='ocrx_word' id='word_1_506' title='bbox 997 2686 1087 2721; x_wconf 88' lang='lat' dir='ltr'>bene</span> <span class='ocrx_word' id='word_1_507' title='bbox 1114 2687 1157 2722; x_wconf 89' lang='lat' dir='ltr'>de</span> <span class='ocrx_word' id='word_1_508' title='bbox 1182 2691 1218 2721; x_wconf 87' lang='grc'>10</span> <span class='ocrx_word' id='word_1_509' title='bbox 1244 2685 1385 2732; x_wconf 86' lang='lat' dir='ltr'>affecto,</span> <span class='ocrx_word' id='word_1_510' title='bbox 1411 2688 1583 2732; x_wconf 87' lang='lat' dir='ltr'>imprimis</span> <span class='ocrx_word' id='word_1_511' title='bbox 1602 2700 1680 2723; x_wconf 83' lang='lat' dir='ltr'>cum</span> <span class='ocrx_word' id='word_1_512' title='bbox 1706 2689 1850 2733; x_wconf 90' lang='lat' dir='ltr'>pollice-</span> 
     </span>
     <span class='ocr_line' id='line_1_44' title="bbox 52 2740 1849 2792; baseline 0.004 -19"><span class='ocrx_word' id='word_1_513' title='bbox 52 2740 134 2784; x_wconf 87' lang='lat' dir='ltr'>aris,</span> <span class='ocrx_word' id='word_1_514' title='bbox 159 2745 195 2774; x_wconf 90' lang='grc'>10</span> <span class='ocrx_word' id='word_1_515' title='bbox 220 2740 354 2783; x_wconf 80' lang='lat' dir='ltr'>pactis,</span> <span class='ocrx_word' id='word_1_516' title='bbox 388 2744 563 2784; x_wconf 86' lang='lat' dir='ltr'>quantum</span> <span class='ocrx_word' id='word_1_517' title='bbox 593 2752 658 2786; x_wconf 88' lang='lat' dir='ltr'>per</span> <span class='ocrx_word' id='word_1_518' title='bbox 684 2742 872 2778; x_wconf 87' lang='lat' dir='ltr'>Caesarem</span> <span class='ocrx_word' id='word_1_519' title='bbox 897 2743 975 2778; x_wconf 89' lang='lat' dir='ltr'>fieri</span> <span class='ocrx_word' id='word_1_520' title='bbox 999 2745 1150 2788; x_wconf 88' lang='lat' dir='ltr'>poterit,</span> <span class='ocrx_word' id='word_1_521' title='bbox 1186 2749 1374 2791; x_wconf 81' lang='lat' dir='ltr'>staturum.</span> <span class='ocrx_word' id='word_1_522' title='bbox 1425 2746 1473 2779; x_wconf 88' lang='lat' dir='ltr'>Et</span> <span class='ocrx_word' id='word_1_523' title='bbox 1497 2756 1576 2779; x_wconf 91' lang='lat' dir='ltr'>cnm</span> <span class='ocrx_word' id='word_1_524' title='bbox 1603 2757 1674 2780; x_wconf 89' lang='lat' dir='ltr'>non</span> <span class='ocrx_word' id='word_1_525' title='bbox 1699 2747 1849 2792; x_wconf 81' lang='lat' dir='ltr'>videam,</span> 
     </span>
     <span class='ocr_line' id='line_1_45' title="bbox 53 2798 1851 2848; baseline 0.004 -17"><span class='ocrx_word' id='word_1_526' title='bbox 53 2808 124 2841; x_wconf 87' lang='lat' dir='ltr'>qua</span> <span class='ocrx_word' id='word_1_527' title='bbox 147 2798 287 2832; x_wconf 85' lang='lat' dir='ltr'>ratione</span> <span class='ocrx_word' id='word_1_528' title='bbox 314 2798 457 2841; x_wconf 80' lang='lat' dir='ltr'>Caesar,</span> <span class='ocrx_word' id='word_1_529' title='bbox 484 2799 540 2833; x_wconf 89' lang='grc'><strong>0111</strong></span> <span class='ocrx_word' id='word_1_530' title='bbox 566 2810 637 2833; x_wconf 90' lang='lat' dir='ltr'>non</span> <span class='ocrx_word' id='word_1_531' title='bbox 663 2810 700 2834; x_wconf 89' lang='lat' dir='ltr'>es</span> <span class='ocrx_word' id='word_1_532' title='bbox 723 2801 812 2836; x_wconf 89' lang='lat' dir='ltr'>adeo</span> <span class='ocrx_word' id='word_1_533' title='bbox 839 2802 1078 2846; x_wconf 86' lang='lat' dir='ltr'>mancipatus,</span> <span class='ocrx_word' id='word_1_534' title='bbox 1106 2808 1146 2837; x_wconf 87' lang='lat' dir='ltr'>ut</span> <span class='ocrx_word' id='word_1_535' title='bbox 1170 2814 1241 2837; x_wconf 90' lang='lat' dir='ltr'>non</span> <span class='ocrx_word' id='word_1_536' title='bbox 1268 2803 1375 2837; x_wconf 87' lang='lat' dir='ltr'>aliam</span> <span class='ocrx_word' id='word_1_537' title='bbox 1394 2804 1642 2848; x_wconf 86' lang='lat' dir='ltr'>conditionem,</span> <span class='ocrx_word' id='word_1_538' title='bbox 1668 2803 1851 2840; x_wconf 88' lang='lat' dir='ltr'>meliorem</span> 
     </span>
     <span class='ocr_line' id='line_1_46' title="bbox 53 2856 1851 2905; baseline 0.004 -15"><span class='ocrx_word' id='word_1_539' title='bbox 53 2857 160 2891; x_wconf 88' lang='lat' dir='ltr'>rebus</span> <span class='ocrx_word' id='word_1_540' title='bbox 187 2857 259 2891; x_wconf 90' lang='lat' dir='ltr'>tuis</span> <span class='ocrx_word' id='word_1_541' title='bbox 286 2861 322 2891; x_wconf 89' lang='lat' dir='ltr'>et</span> <span class='ocrx_word' id='word_1_542' title='bbox 346 2856 527 2891; x_wconf 88' lang='lat' dir='ltr'>utiliorem</span> <span class='ocrx_word' id='word_1_543' title='bbox 552 2857 736 2901; x_wconf 86' lang='lat' dir='ltr'>suscipere</span> <span class='ocrx_word' id='word_1_544' title='bbox 760 2859 889 2902; x_wconf 87' lang='lat' dir='ltr'>possis,</span> <span class='ocrx_word' id='word_1_545' title='bbox 915 2859 1207 2903; x_wconf 89' lang='lat' dir='ltr'>impedimentum</span> <span class='ocrx_word' id='word_1_546' title='bbox 1225 2859 1371 2903; x_wconf 89' lang='lat' dir='ltr'>injicere</span> <span class='ocrx_word' id='word_1_547' title='bbox 1389 2860 1473 2895; x_wconf 91' lang='lat' dir='ltr'>huic</span> <span class='ocrx_word' id='word_1_548' title='bbox 1496 2860 1677 2905; x_wconf 88' lang='lat' dir='ltr'>legitimae</span> <span class='ocrx_word' id='word_1_549' title='bbox 1703 2869 1739 2897; x_wconf 85' lang='lat' dir='ltr'>et</span> <span class='ocrx_word' id='word_1_550' title='bbox 1765 2863 1851 2897; x_wconf 87' lang='lat' dir='ltr'>divi-</span> 
     </span>
     <span class='ocr_line' id='line_1_47' title="bbox 52 2914 1848 2960; baseline 0.004 -12"><span class='ocrx_word' id='word_1_551' title='bbox 52 2924 120 2949; x_wconf 89' lang='lat' dir='ltr'>nae</span> <span class='ocrx_word' id='word_1_552' title='bbox 146 2914 323 2949; x_wconf 88' lang='lat' dir='ltr'>vocationi</span> <span class='ocrx_word' id='word_1_553' title='bbox 342 2919 461 2958; x_wconf 86' lang='lat' dir='ltr'>queat,</span> <span class='ocrx_word' id='word_1_554' title='bbox 487 2914 567 2948; x_wconf 89' lang='lat' dir='ltr'>ideo</span> <span class='ocrx_word' id='word_1_555' title='bbox 592 2914 717 2949; x_wconf 81' lang='lat' dir='ltr'>hortor</span> <span class='ocrx_word' id='word_1_556' title='bbox 743 2920 778 2949; x_wconf 90' lang='lat' dir='ltr'>et</span> <span class='ocrx_word' id='word_1_557' title='bbox 804 2916 990 2960; x_wconf 82' lang='lat' dir='ltr'>admoneo,</span> <span class='ocrx_word' id='word_1_558' title='bbox 1017 2928 1060 2951; x_wconf 88' lang='lat' dir='ltr'>ne</span> <span class='ocrx_word' id='word_1_559' title='bbox 1079 2918 1174 2952; x_wconf 90' lang='lat' dir='ltr'>desis</span> <span class='ocrx_word' id='word_1_560' title='bbox 1201 2917 1284 2952; x_wconf 88' lang='lat' dir='ltr'>fidei</span> <span class='ocrx_word' id='word_1_561' title='bbox 1310 2918 1420 2952; x_wconf 86' lang='lat' dir='ltr'>semel</span> <span class='ocrx_word' id='word_1_562' title='bbox 1446 2919 1564 2953; x_wconf 86' lang='lat' dir='ltr'>datae.</span> <span class='ocrx_word' id='word_1_563' title='bbox 1605 2921 1740 2955; x_wconf 88' lang='lat' dir='ltr'>Vereor</span> <span class='ocrx_word' id='word_1_564' title='bbox 1756 2922 1848 2956; x_wconf 91' lang='lat' dir='ltr'>enim</span> 
     </span>
     <span class='ocr_line' id='line_1_48' title="bbox 52 2972 1849 3021; baseline 0.005 -15"><span class='ocrx_word' id='word_1_565' title='bbox 52 2982 98 3006; x_wconf 91' lang='lat' dir='ltr'>ne</span> <span class='ocrx_word' id='word_1_566' title='bbox 122 2973 215 3007; x_wconf 88' lang='lat' dir='ltr'>male</span> <span class='ocrx_word' id='word_1_567' title='bbox 240 2972 365 3007; x_wconf 86' lang='lat' dir='ltr'>audias</span> <span class='ocrx_word' id='word_1_568' title='bbox 396 2972 493 3016; x_wconf 89' lang='lat' dir='ltr'>apud</span> <span class='ocrx_word' id='word_1_569' title='bbox 518 2972 690 3008; x_wconf 85' lang='lat' dir='ltr'>Proceres</span> <span class='ocrx_word' id='word_1_570' title='bbox 724 2973 831 3017; x_wconf 88' lang='lat' dir='ltr'>hujus</span> <span class='ocrx_word' id='word_1_571' title='bbox 857 2975 1080 3019; x_wconf 82' lang='lat' dir='ltr'>provinciae,</span> <span class='ocrx_word' id='word_1_572' title='bbox 1115 2975 1245 3021; x_wconf 88' lang='lat' dir='ltr'>quibus</span> <span class='ocrx_word' id='word_1_573' title='bbox 1277 2976 1348 3011; x_wconf 93' lang='lat' dir='ltr'>fide</span> <span class='ocrx_word' id='word_1_574' title='bbox 1378 2987 1416 3011; x_wconf 90' lang='lat' dir='ltr'>es</span> <span class='ocrx_word' id='word_1_575' title='bbox 1442 2977 1647 3013; x_wconf 83' lang='lat' dir='ltr'>obstrictus.</span> <span class='ocrx_word' id='word_1_576' title='bbox 1694 2980 1748 3014; x_wconf 93' lang='lat' dir='ltr'>De</span> <span class='ocrx_word' id='word_1_577' title='bbox 1773 2980 1849 3016; x_wconf 92' lang='lat' dir='ltr'>lon-</span> 
     </span>
     <span class='ocr_line' id='line_1_49' title="bbox 54 3029 1847 3082; baseline 0.006 -20"><span class='ocrx_word' id='word_1_578' title='bbox 54 3029 144 3074; x_wconf 86' lang='lat' dir='ltr'>giori</span> <span class='ocrx_word' id='word_1_579' title='bbox 167 3029 380 3075; x_wconf 87' lang='lat' dir='ltr'>interposita</span> <span class='ocrx_word' id='word_1_580' title='bbox 404 3040 505 3064; x_wconf 89' lang='lat' dir='ltr'>mora</span> <span class='ocrx_word' id='word_1_581' title='bbox 522 3029 662 3065; x_wconf 86' lang='lat' dir='ltr'>facilius</span> <span class='ocrx_word' id='word_1_582' title='bbox 681 3033 924 3075; x_wconf 80' lang='lat' dir='ltr'>excusaberis,</span> <span class='ocrx_word' id='word_1_583' title='bbox 951 3033 1056 3067; x_wconf 88' lang='lat' dir='ltr'>modo</span> <span class='ocrx_word' id='word_1_584' title='bbox 1075 3034 1110 3067; x_wconf 92' lang='lat' dir='ltr'>in</span> <span class='ocrx_word' id='word_1_585' title='bbox 1128 3034 1308 3069; x_wconf 83' lang='lat' dir='ltr'>sententia</span> <span class='ocrx_word' id='word_1_586' title='bbox 1324 3039 1466 3078; x_wconf 89' lang='lat' dir='ltr'>perstes</span> <span class='ocrx_word' id='word_1_587' title='bbox 1492 3041 1527 3070; x_wconf 89' lang='lat' dir='ltr'>et</span> <span class='ocrx_word' id='word_1_588' title='bbox 1545 3035 1588 3070; x_wconf 90' lang='lat' dir='ltr'>de</span> <span class='ocrx_word' id='word_1_589' title='bbox 1606 3037 1724 3073; x_wconf 89' lang='lat' dir='ltr'>reditu</span> <span class='ocrx_word' id='word_1_590' title='bbox 1740 3049 1847 3082; x_wconf 90' lang='lat' dir='ltr'>quam</span> 
     </span>
     <span class='ocr_line' id='line_1_50' title="bbox 0 3088 1849 3139; baseline 0.006 -18"><span class='ocrx_word' id='word_1_591' title='bbox 0 3106 1 3110; x_wconf 66' lang='lat'><em>=</em></span> <span class='ocrx_word' id='word_1_592' title='bbox 54 3088 206 3132; x_wconf 87' lang='lat' dir='ltr'>primum</span> <span class='ocrx_word' id='word_1_593' title='bbox 232 3088 381 3133; x_wconf 76' lang='lat' dir='ltr'>cogites,</span> <span class='ocrx_word' id='word_1_594' title='bbox 417 3089 497 3124; x_wconf 89' lang='lat' dir='ltr'>Non</span> <span class='ocrx_word' id='word_1_595' title='bbox 524 3089 595 3132; x_wconf 87' lang='lat' dir='ltr'>uni,</span> <span class='ocrx_word' id='word_1_596' title='bbox 623 3089 686 3124; x_wconf 91' lang='lat' dir='ltr'>sed</span> <span class='ocrx_word' id='word_1_597' title='bbox 711 3089 832 3124; x_wconf 82' lang='lat' dir='ltr'>multis</span> <span class='ocrx_word' id='word_1_598' title='bbox 858 3100 896 3124; x_wconf 92' lang='lat' dir='ltr'>es</span> <span class='ocrx_word' id='word_1_599' title='bbox 914 3091 1110 3127; x_wconf 88' lang='lat' dir='ltr'>obstrictus</span> <span class='ocrx_word' id='word_1_600' title='bbox 1130 3092 1210 3135; x_wconf 92' lang='lat' dir='ltr'>(imo</span> <span class='ocrx_word' id='word_1_601' title='bbox 1230 3092 1299 3127; x_wconf 85' lang='lat' dir='ltr'>toti</span> <span class='ocrx_word' id='word_1_602' title='bbox 1316 3094 1546 3139; x_wconf 85' lang='lat' dir='ltr'>provinciae),</span> <span class='ocrx_word' id='word_1_603' title='bbox 1574 3106 1725 3138; x_wconf 88' lang='lat' dir='ltr'>quorum</span> <span class='ocrx_word' id='word_1_604' title='bbox 1742 3097 1849 3133; x_wconf 89' lang='lat' dir='ltr'>bene·</span> 
     </span>
     <span class='ocr_line' id='line_1_51' title="bbox 56 3145 1846 3201; baseline 0.006 -18"><span class='ocrx_word' id='word_1_605' title='bbox 56 3145 211 3183; x_wconf 82' lang='lat' dir='ltr'>volentia</span> <span class='ocrx_word' id='word_1_606' title='bbox 240 3151 278 3182; x_wconf 85' lang='lat' dir='ltr'>et</span> <span class='ocrx_word' id='word_1_607' title='bbox 310 3146 376 3182; x_wconf 88' lang='lat' dir='ltr'>tibi</span> <span class='ocrx_word' id='word_1_608' title='bbox 405 3152 444 3182; x_wconf 88' lang='lat' dir='ltr'>et</span> <span class='ocrx_word' id='word_1_609' title='bbox 477 3146 601 3183; x_wconf 86' lang='lat' dir='ltr'>liberis</span> <span class='ocrx_word' id='word_1_610' title='bbox 631 3148 808 3192; x_wconf 85' lang='lat' dir='ltr'>prodesse</span> <span class='ocrx_word' id='word_1_611' title='bbox 830 3153 962 3193; x_wconf 86' lang='lat' dir='ltr'>potest.</span> <span class='ocrx_word' id='word_1_612' title='bbox 1010 3149 1092 3186; x_wconf 86' lang='lat' dir='ltr'>Non</span> <span class='ocrx_word' id='word_1_613' title='bbox 1116 3150 1205 3186; x_wconf 86' lang='lat' dir='ltr'>haec</span> <span class='ocrx_word' id='word_1_614' title='bbox 1229 3151 1310 3187; x_wconf 89' lang='lat' dir='ltr'>ideo</span> <span class='ocrx_word' id='word_1_615' title='bbox 1335 3153 1538 3201; x_wconf 85' lang='lat' dir='ltr'>perscribo,</span> <span class='ocrx_word' id='word_1_616' title='bbox 1572 3164 1613 3190; x_wconf 88' lang='lat' dir='ltr'>ac</span> <span class='ocrx_word' id='word_1_617' title='bbox 1639 3155 1669 3190; x_wconf 83' lang='lat' dir='ltr'>si</span> <span class='ocrx_word' id='word_1_618' title='bbox 1694 3154 1740 3192; x_wconf 84' lang='lat' dir='ltr'>de</span> <span class='ocrx_word' id='word_1_619' title='bbox 1764 3166 1846 3193; x_wconf 87' lang='lat' dir='ltr'>con-</span> 
     </span>
    </p>
   </div>
  </div>
 </body>
</html>
