2126 3388
915 177 1016 214 1810.
1770 175 1853 221 793

61 293 217 332 libellus
259 296 296 332 111
341 300 482 334 octava
513 295 721 334 Hanoviae
753 300 812 334 est
843 296 982 335 editus.
1043 297 1102 334 Ex
1134 295 1306 335 Zanchio
1348 296 1483 335 satalia
1515 296 1684 335 defendit
1715 297 1857 336 omnia.

62 354 210 403 Scopus
243 365 351 391 meus
384 354 465 402 fnit,
499 356 689 393 neminem
722 355 831 403 sequi
863 361 1014 404 praeter
1036 355 1258 402 5111101113,
1282 356 1469 405 cujusque
1502 356 1575 393 loci
1608 356 1859 393 circumstan-

65 413 139 449 tias
172 413 367 460 pensitare
401 412 623 460 diligenter,
664 425 818 461 sensum
859 425 990 451 eruere
1023 426 1066 451 ex
1100 413 1418 451 antecedentibus
1451 420 1487 451 et
1519 414 1857 461 consequentibus,

62 471 149 507 loca
181 472 293 507 unius
317 471 495 519 Apostoli
527 472 639 520 plura
672 474 767 509 inter
798 483 839 509 se
873 477 909 509 et
942 484 1024 509 cum
1057 472 1154 509 locis
1179 472 1360 520 Apostoli
1382 472 1551 519 alterius,
1585 471 1748 521 denique
1771 484 1856 509 cum

67 528 210 565 Christi
241 528 459 566 Servatoris
493 529 604 566 dictis
638 541 873 578 comparare.
936 529 1037 578 Quid
1075 530 1234 568 multis?
1287 529 1362 568 Ubi
1400 530 1449 567 ad
1490 531 1685 577 fastigium
1719 531 1859 567 montis

68 588 202 624 enixus
235 588 512 637 circumspicio,
548 587 694 625 video
726 600 793 626 me
823 588 968 636 juxta
1000 594 1364 637 praeceptores
1397 600 1530 626 meos
1562 594 1704 627 stare.
1757 587 1859 625 Gra-

66 645 204 682 tulatio
227 658 380 694 magna,
413 647 443 682 si
468 658 578 683 nemo
603 651 704 683 05501
735 658 779 684 ex
802 646 875 684 1100
897 658 1068 692 numero,
1102 648 1168 695 qui
1200 652 1265 683 tua
1290 648 1324 683 in
1354 648 1643 685 continuatione
1664 649 1862 685 examinis

66 706 317 752 responsione
351 715 464 752 super
495 705 641 741 viribus
674 711 711 742 et
743 704 926 753 exemplis
958 716 1034 741 non
1056 709 1274 742 renatorum
1298 713 1497 751 (numerus
1519 705 1696 742 foliorum
1718 705 1860 742 excidit

63 767 101 799 et
131 762 270 799 librum
303 762 546 799 commodato
582 761 687 811 dedi)
719 764 948 812 synergismi
981 768 1017 799 ct
1038 763 1278 811 philippismi
1313 768 1569 801 accusaretur.
1583 763 1624 811 a)
1671 764 1729 800 An
1753 764 1859 801 litem

64 820 132 857 tibi
166 825 339 857 moturus
372 821 421 857 sit
453 822 607 868 ignoro,
642 825 742 858 certe
773 820 961 858 Hutterus
994 823 1031 857 111
1063 823 1144 857 51115
1177 820 1504 869 disputationibus
1535 823 1719 868 superiori
1754 833 1854 859 anno

64 880 101 915 in
136 883 275 916 octavo
307 878 422 916 editis
455 880 627 927 (privata
651 880 750 915 cuim
771 878 965 927 colloquia
997 884 1034 916 et
1065 879 1199 916 literae
1222 890 1306 916 cum
1330 880 1552 917 auctoribus
1575 882 1861 928 supprimantur

65 938 101 973 in
132 939 331 985 praesens)
366 936 546 986 Philippo
577 937 683 974 litem
716 937 891 983 intendit,
925 937 1028 985 quod
1062 937 1234 974 docuerit
1270 939 1443 987 „gratiae
1478 938 1678 985 Evangelii
1710 945 1857 986 partem

64 995 163 1032 hanc
195 1006 292 1042 esse,
325 1006 484 1043 arguere
519 1001 678 1044 peccata
712 1000 851 1033 terrore
884 995 992 1032 illato
1026 997 1137 1034 etsie
1159 995 1312 1032 tandem
1346 996 1636 1044 perterrefacias
1660 999 1861 1033 conscien-

64 1055 138 1090 tias
171 1053 361 1091 adducere
394 1053 442 1090 ad
474 1054 641 1091 Deum“.
705 1054 762 1091 Ex
794 1065 871 1102 quo
905 1053 1110 1103 intelligis,
1153 1059 1349 1091 auctorem
1381 1054 1483 1091 hunc
1514 1065 1590 1091 non
1622 1054 1735 1092 facile
1768 1065 1861 1092 con-

66 1124 260 1149 cessurum
292 1112 399 1149 illam
432 1113 768 1161 praeparationem
800 1113 1017 1150 animorum
1047 1112 1095 1150 ad
1127 1123 1283 1160 regnum
1311 1112 1395 1159 Dei,
1429 1124 1543 1162 quam
1579 1112 1692 1150 doces
1724 1114 1762 1149 in
1794 1125 1861 1150 ex-

65 1170 271 1220 plicatione
304 1172 410 1207 vocis
442 1185 670 1221 τεταγμείὀι.

204 1228 306 1276 Quid
340 1240 430 1266 vero
462 1229 557 1266 haec
589 1228 638 1266 ad
675 1228 764 1266 me‘?
814 1228 960 1266 Tecum
993 1231 1092 1266 enim
1134 1228 1328 1276 exclamo,
1372 1232 1507 1278 portae
1546 1229 1753 1266 inferorum
1784 1240 1862 1266 non

63 1287 346 1336 praevalebunt
376 1287 562 1325 adversus
594 1287 693 1325 hanc
717 1287 940 1334 doctrinam,
974 1288 1121 1336 gratiae
1143 1289 1429 1336 praevenientis
1461 1288 1543 1333 fuit,
1579 1294 1618 1325 ut
1648 1289 1864 1326 mitteretur

64 1345 239 1384 «Ioannes
272 1345 320 1382 ad
343 1345 566 1383 excitandos
599 1351 636 1383 01
668 1347 723 1384 510
744 1357 861 1394 regno
884 1346 959 1384 Dei
980 1350 1142 1383 venturo
1166 1345 1452 1395 praeparandos
1476 1346 1663 1384 1100111105.
1716 1345 1863 1383 Eadem

66 1406 237 1442 omnium
270 1404 547 1453 Apostolorum
577 1404 649 1441 fuit
681 1404 940 1442 consuetudo:
988 1404 1134 1441 Paulus
1166 1404 1330 1442 Athenis
1363 1404 1586 1453 auspicatur
1625 1415 1736 1442 suam
1768 1415 1863 1443 con-

66 1464 215 1501 cionem
247 1463 295 1500 ab
327 1463 586 1500 inculcatione
618 1462 799 1500 terribilis
825 1462 963 1511 judicii
994 1463 1173 1500 vivorum
1207 1469 1243 1500 et
1277 1468 1510 1500 mortuorum
1545 1467 1616 1502 ete.

208 1519 373 1559 Occasio
407 1521 452 1558 de
486 1521 559 1559 1100
592 1522 646 1558 1111
678 1521 765 1558 libri
798 1521 884 1559 loco
918 1521 1133 1558 disserendi
1175 1521 1247 1558 fuit
1280 1533 1325 1559 ex
1365 1521 1605 1559 confessione
1639 1520 1863 1567 Bohemica,

66 1591 166 1628 quae
199 1581 236 1616 in
268 1579 353 1617 loco
388 1579 433 1617 de
466 1580 577 1616 bonis
611 1580 791 1628 operibus
823 1578 1076 1628 appendicem
1108 1580 1200 1617 facit
1222 1579 1267 1617 de
1294 1580 1450 1628 justitia
1473 1579 1589 1623 civili,
1623 1590 1738 1627 quam
1772 1577 1864 1615 dili-

64 1643 198 1685 genter
230 1638 431 1686 distinguit
463 1644 594 1675 contra
626 1637 693 1675 illa
724 1644 761 1676 et
793 1639 926 1676 tribuit
956 1637 1125 1676 nondum
1158 1638 1312 1684 renatis,
1346 1640 1444 1675 inter
1475 1643 1623 1674 ceteros
1655 1648 1747 1673 usus
1780 1637 1864 1685 ejus

64 1697 166 1734 1111110
199 1696 334 1734 11111100
367 1701 559 1734 recenset:
593 1698 863 1745 magistratum
886 1696 1073 1735 ecclesiae
1094 1696 1291 1734 addictum
1315 1696 1453 1734 debere
1476 1696 1580 1732 illam
1603 1706 1737 1743 urgere
1759 1693 1863 1743 apud

64 1754 264 1803 subditos,
309 1760 352 1791 ut
383 1760 491 1792 tanto
530 1757 699 1804 aptiores
740 1755 909 1792 evadant
951 1754 1199 1804 suscipiendo
1241 1755 1360 1792 verbo
1402 1753 1602 1803 Evangelii
1637 1760 1673 1790 et
1705 1753 1865 1802 Spiritui

65 1812 221 1851 Sancto.
284 1813 410 1850 Deum
443 1814 542 1851 enim
576 1825 673 1862 opus
705 1825 816 1851 suum
849 1824 925 1851 non
956 1813 1058 1851 velle
1090 1814 1239 1863 operari
1272 1814 1307 1849 in
1340 1812 1412 1860 his,
1446 1814 1513 1860 qui
1545 1816 1737 1850 contemta
1759 1810 1864 1848 civili

62 1872 214 1920 justitia
245 1871 456 1909 belluinam
489 1874 608 1909 vitam
642 1867 771 1920 agant.
817 1871 914 1909 Cum
945 1872 984 1908 in
1016 1877 1098 1909 tota
1122 1872 1362 1909 confessione
1382 1870 1511 1908 nullus
1534 1875 1709 1908 occurrat
1729 1869 1865 1907 titulus

64 1929 271 1978 peculiaris
313 1929 358 1967 de
397 1929 771 1978 praedestinatione,
816 1931 961 1978 scripta
994 1936 1052 1967 est
1094 1931 1193 1967 enim
1226 1941 1328 1967 anuo
1364 1933 1494 1975 1573,
1539 1928 1710 1966 nondum
1742 1929 1866 1965 enatis

64 1988 219 2034 litibus,
262 1988 325 2025 hic
363 1992 492 2026 tamen
533 1989 673 2026 sufficit
712 1988 761 2026 ad
793 1988 1024 2025 debellanda
1055 1987 1122 2026 illa
1155 1989 1278 2026 stoica
1319 1994 1501 2027 monstra.
1563 1987 1610 2024 Et
1643 1992 1770 2024 tamen
1804 1987 1863 2032 iis,

66 2048 132 2094 qui
164 2047 212 2084 ad
245 2046 318 2083 hoc
351 2046 623 2084 debellationis
665 2058 761 2095 opus
795 2046 974 2084 conducti
1006 2051 1096 2083 sunt
1127 2058 1345 2094 nomenque
1379 2045 1583 2091 dederunt,
1629 2056 1704 2082 non
1738 2045 1865 2093 placet

65 2105 127 2142 hic
159 2105 356 2151 articulus,
389 2110 592 2143 accusatur
623 2105 852 2155 synergismi
886 2109 924 2142 et
955 2117 1039 2143 cum
1063 2116 1108 2143 eo
1129 2109 1197 2143 tua
1220 2106 1337 2143 etiam
1370 2105 1587 2143 Examinis
1619 2103 1859 2141 continuatio

66 2164 103 2199 in
136 2163 350 2201 subsidium
383 2163 562 2201 adducta.
623 2163 733 2201 Haec
764 2175 844 2213 pro.

205 2222 369 2259 Contra:
405 2222 576 2260 Examen
598 2234 726 2259 meum
749 2222 1053 2272 disputationum
1076 2220 1273 2259 Schaeferi
1296 2222 1498 2259 occasione
1526 2221 1734 2270 praeterita
1757 2218 1862 2257 volui

66 2280 216 2317 mittere
250 2279 428 2318 Giessam
471 2280 519 2317 ad
551 2280 786 2318 Menzerum.
848 2280 1019 2317 Aiebant
1051 2281 1170 2326 0111111,
1217 2284 1410 2328 promtum
1442 2291 1526 2316 esse
1559 2278 1608 2316 ad
1639 2277 1861 2327 hujusmodi

68 2338 343 2385 examinanda3
390 2344 621 2376 monuerunt
658 2345 785 2376 tamen
825 2339 1012 2387 inspicere
1044 2338 1127 2387 ejus
1168 2341 1295 2375 tomos
1328 2337 1643 2387 disputationum.
1706 2336 1862 2386 Inspexi

67 2395 116 2433 ad
148 2402 383 2434 momentum
417 2397 519 2446 apud
552 2398 717 2435 amicum
752 2396 1034 2434 discedentem:
1068 2395 1221 2433 videtur
1243 2397 1397 2433 omnino
1420 2395 1520 2433 idem
1554 2394 1655 2443 quod
1680 2405 1750 2442 ego
1772 2406 1862 2432 sen-

66 2456 156 2502 tire3
190 2455 293 2503 quod
326 2457 356 2491 si
391 2461 448 2492 est
477 2454 694 2505 (inspiciam
718 2458 817 2493 enim
841 2454 1092 2503 diligentins),
1129 2454 1368 2503 impossibile
1400 2458 1458 2491 est
1489 2459 1532 2492 ut
1564 2453 1764 2490 vobiscum
1797 2464 1863 2501 per

69 2514 196 2549 omnia
228 2514 264 2548 in
298 2512 363 2550 illo
396 2513 557 2550 articulo
591 2515 743 2551 sentiat.
808 2514 906 2551 Ecce
948 2514 1086 2550 iterum
1128 2513 1328 2550 materiam
1366 2511 1481 2550 alicui
1521 2511 1681 2548 concilio
1722 2510 1769 2547 ad
1801 2521 1861 2547 50-

69 2570 215 2607 dandas
248 2573 542 2617 controversias,
574 2573 604 2609 si
638 2573 831 2622 impetrari
864 2575 1014 2620 posset,
1056 2575 1098 2608 ut
1130 2582 1207 2608 non
1240 2570 1484 2608 obstantibus
1516 2568 1863 2616 subscriptionibus

67 2629 165 2666 alter
197 2629 358 2666 alterum
392 2630 548 2677 pacifice
581 2630 713 2667 audire
746 2641 935 2678 suamque
966 2630 1198 2667 sententiam
1228 2628 1348 2666 libere
1380 2627 1548 2677 profiteri
1581 2630 1724 2675 posset.

208 2685 240 2723 O
274 2688 486 2735 sapientem
511 2688 583 2724 Dei
615 2689 857 2737 sapientiam,
891 2699 990 2734 quae
1022 2688 1134 2723 nobis
1166 2687 1350 2723 dissuasit
1380 2686 1535 2723 rabinos
1567 2683 1711 2730 audire,
1743 2681 1782 2719 id
1805 2686 1863 2720 est

70 2744 137 2781 tali
169 2744 253 2782 loco
286 2744 430 2790 haberi,
463 2750 506 2781 ut
538 2745 639 2782 dicta
670 2750 802 2782 nostra
834 2747 910 2782 sint
942 2744 1175 2782 authentica.
1220 2743 1429 2781 Insidiatur
1450 2742 1620 2779 humana
1641 2742 1863 2789 arrogantia

69 2798 219 2850 perse,
254 2809 295 2839 ut
326 2813 437 2839 nemo
470 2802 592 2839 videri
625 2803 719 2840 velit
751 2814 908 2849 errasse,
944 2807 1087 2850 quanto
1121 2802 1255 2851 magis,
1288 2802 1321 2838 si
1351 2800 1495 2837 habeat
1527 2803 1788 2849 praetextum,
1821 2804 1863 2836 ut

68 2861 192 2898 honos
224 2860 318 2904 1001,
363 2860 525 2906 ordinis,
558 2860 666 2906 libri,
711 2861 895 2910 principis
928 2859 1173 2901 defendatur,
1213 2863 1255 2896 ut
1285 2857 1510 2896 scandalum
1543 2859 1697 2894 vitetur.
1760 2856 1863 2904 Quid

69 2920 192 2967 magis
225 2919 354 2956 obstat
384 2918 467 2957 sedi
488 2918 700 2966 Romanae,
733 2930 810 2967 quo
831 2919 956 2955 minus
978 2916 1104 2954 locum
1126 2916 1190 2954 det
1211 2916 1428 2966 patefactae
1452 2916 1616 2962 veritati,
1639 2926 1754 2964 quam
1775 2915 1861 2962 hoc,

208 3055 238 3098 *)
262 3057 411 3088 Examen
437 3056 503 3086 vnd
530 3055 796 3094 Gegen-Berieht
821 3056 901 3085 vber
927 3055 988 3084 den
1014 3052 1253 3085 aussfiirlichen
1270 3052 1405 3083 Bericht
1431 3053 1485 3083 det
1504 3051 1736 3083 Calvinischeu
1753 3052 1858 3083 Τ1100-

70 3102 168 3141 logen
194 3114 231 3134 zu
258 3103 482 3144 Heydelberg,
510 3112 593 3133 wass
620 3102 672 3132 die
698 3103 879 3150 reformirte
907 3101 1049 3132 Kirchen
1075 3102 1109 3131 10
1135 3100 1359 3131 Teutschland
1383 3100 1535 3138 glauben.
1572 3099 1741 3138 Tubingaa
1758 3101 1859 3133 1608.

71 3150 242 3182 Examinis
267 3151 492 3184 Continuatio.
517 3151 566 3185 ib.
593 3150 696 3185 1609,
745 3149 916 3180 Examinis
941 3148 1118 3191 promotio.
1146 3148 1247 3180 1610.
1297 3147 1467 3179 Examinis
1494 3147 1676 3181 conclusio.
1705 3147 1808 3181 1611.
