2126 3388
933 161 1035 199 1599.
1790 160 1873 206 713

82 285 242 318 vestrum
267 281 411 318 sedaret
437 284 473 316 et
499 278 761 325 comprimeret,
788 289 858 324 quo
883 278 992 314 animi
1019 282 1054 313 et
1071 278 1164 323 genii
1184 277 1294 314 vestri
1319 277 1458 315 facilius
1485 279 1621 315 coirent
1637 277 1876 324 praeclarum-

84 352 153 386 que
178 341 247 376 hoc
273 351 375 386 opus,
402 351 471 384 quo
498 339 595 374 haud
622 338 729 374 dubie
747 338 896 382 Europa
913 341 1038 372 nostra
1063 337 1308 382 praestantius
1334 337 1420 372 vidit
1437 338 1588 380 nullum,
1615 342 1734 373 vestro
1759 336 1877 372 studio

86 403 121 434 et
146 398 358 434 assiduitate
384 398 429 432 ad
455 397 659 432 umbilicum
685 396 835 440 perduci
859 396 986 441 possit.
1035 396 1161 439 Video,
1189 395 1396 440 Tychonem
1421 400 1456 431 te
1475 395 1712 440 magnifacere
1739 399 1775 430 et
1799 394 1875 440 qui-

85 457 164 491 dem
189 457 327 501 merito,
354 467 419 491 nec
447 456 540 490 enim
566 456 672 490 credo
700 466 781 491 eum
807 454 956 489 alterius
983 464 1050 499 ope
1076 459 1112 489 et
1136 454 1271 489 auxilio
1298 464 1340 488 ea
1365 458 1505 489 tentare
1531 465 1657 499 posse,
1696 464 1788 498 quae
1813 463 1878 498 per

83 519 119 549 te
145 514 302 550 confidit.
354 514 617 550 Animadvertit
649 513 684 547 in
710 518 746 548 te
773 513 952 558 singulare
979 517 1013 547 ct
1045 523 1125 547 vere
1152 511 1308 547 divinum
1332 512 1465 555 ingenii
1491 522 1660 556 acumen,
1694 522 1765 556 quo
1790 521 1877 556 prae

83 573 212 608 ceteris
248 577 354 617 aptus
381 582 418 607 es
444 573 511 607 Dei
536 571 705 616 mysteria
731 571 774 605 de
802 571 970 616 operibus
1007 571 1080 606 suis
1108 575 1142 605 et
1167 574 1296 605 natura
1327 580 1446 605 rerum
1479 582 1653 615 promere.
1702 572 1756 606 De
1781 575 1818 605 te
1843 573 1879 604 et

83 629 190 665 exilio
216 634 279 664 tuo
306 639 383 664 sum
402 629 589 664 sollicitus.
631 629 831 664 Discedens
850 630 1015 664 revocavi
1040 629 1085 663 ad
1104 628 1261 663 animum
1286 628 1510 673 propositum
1536 634 1646 673 tuum,
1673 629 1708 663 in
1725 627 1877 673 patriam

84 699 164 722 cum
197 687 349 732 conjuge
382 687 576 732 migrandi,
610 692 645 721 et
671 687 924 731 animadverti,
958 692 992 721 te
1018 698 1088 722 non
1115 687 1190 722 sine
1217 686 1490 722 difficultatibus
1518 692 1552 722 et
1577 687 1780 731 periculosa
1805 697 1880 721 mo-

82 747 190 782 lestia
214 747 250 781 id
275 746 529 792 perfecturum.
577 746 736 781 Maxima
760 745 897 780 itineris
931 756 1015 790 pars
1049 756 1114 789 per
1145 745 1432 780 adversariorum
1467 744 1621 780 ditiones
1647 744 1870 781 conficienda

85 815 235 850 quarum
262 805 434 850 dynastae
461 814 584 839 omnes
612 804 779 839 dicuntur
803 804 839 838 in
865 804 900 838 id
927 804 1173 848 conspirasse,
1206 809 1245 838 ut
1276 808 1506 838 transeuntes
1540 802 1664 838 exules
1690 814 1734 838 ex
1761 803 1879 849 Styria

84 863 186 898 bonis
213 862 369 907 spolient
404 868 439 896 et
471 861 674 898 carceribus
705 863 920 907 mancipent.
970 862 1110 897 Deinde
1135 873 1226 897 uxor
1252 868 1315 897 tua
1342 861 1528 897 itineribus
1561 861 1733 896 faciendis
1760 862 1876 898 minus

84 926 230 957 assueta
256 925 311 956 est
337 926 373 955 et
399 921 444 956 ad
468 920 583 956 levem
610 931 788 964 quemque
813 920 963 965 periculi
987 931 1167 955 rumorem
1191 921 1227 955 in
1252 920 1558 965 perturbationem
1593 924 1628 954 et
1653 920 1759 954 animi
1783 930 1879 954 moe-

83 990 200 1015 rorem
233 990 409 1014 summum
439 979 631 1021 incideret,
663 980 876 1023 praesertim
908 989 987 1014 cum
1013 978 1089 1023 jam
1122 984 1204 1014 ante
1239 978 1283 1014 ob
1315 978 1413 1014 filiae
1443 978 1686 1014 detentionem
1717 979 1802 1014 satis
1828 978 1878 1013 as-

87 1038 185 1073 fiicta
212 1037 270 1072 sit.
295 1057 338 1061 ——

223 1096 395 1140 Superest
419 1095 455 1129 in
481 1094 662 1130 codicibus
681 1095 946 1130 Viennensibus
972 1095 1228 1140 fragmentum,
1257 1107 1326 1141 quo
1353 1096 1532 1141 Keplerus
1557 1095 1687 1141 partim
1712 1094 1882 1130 versibus

84 1154 215 1200 partim
242 1155 402 1190 oratione
428 1155 548 1190 soluta
573 1155 787 1190 sententiam
814 1166 927 1199 suam,
955 1165 1061 1199 quam
1078 1155 1374 1199 Zehentmajerus
1393 1166 1502 1200 supra
1521 1154 1653 1199 laudat,
1681 1154 1724 1189 de
1742 1155 1877 1189 Sacra

85 1213 248 1257 Coena,
274 1213 426 1258 profert.
476 1213 541 1247 His
567 1213 694 1258 incipit
718 1214 788 1249 hoc
813 1213 1072 1258 fragmentum:

418 1275 514 1312 Esse
546 1280 662 1323 negat
696 1275 836 1314 Christi
869 1288 1022 1314 carnem
1056 1275 1242 1314 Calvinus
1278 1275 1432 1325 ubique,

500 1333 551 1370 Et
582 1345 738 1371 causam
770 1335 883 1372 vetiti
914 1336 1080 1372 nominis
1112 1334 1209 1373 edit:
1241 1334 1371 1371 Homo
1405 1338 1473 1372 est.

419 1390 460 1429 Si
491 1391 588 1429 nihil
621 1397 678 1430 est
708 1393 783 1430 nisi
813 1393 941 1440 homo,
975 1394 1117 1444 spaciis
1148 1392 1302 1430 include
1334 1392 1518 1439 locorum,

497 1449 574 1488 Sed
606 1451 719 1488 simul
751 1451 939 1489 infernum
971 1463 1047 1489 non
1078 1457 1279 1500 reparatus
1312 1450 1389 1490 adi.

422 1508 489 1545 Est
519 1519 655 1555 caro,
691 1509 866 1548 divina
896 1509 965 1548 sed
996 1515 1033 1548 te
1065 1511 1206 1547 virtute
1238 1508 1420 1558 redemit3

501 1566 587 1605 Hoc
620 1567 676 1604 illi
707 1573 908 1618 praestans
939 1566 1053 1616 Unio,
1088 1567 1218 1615 Sosse,
1251 1567 1368 1608 dedit.

424 1625 494 1662 Est
524 1625 632 1663 locus
665 1627 702 1662 in
736 1626 855 1664 coelis
889 1627 1016 1674 Carni,
1049 1626 1117 1664 sed
1148 1631 1263 1663 nutus
1296 1627 1464 1675 ubique3

500 1682 586 1721 Hoc
617 1683 672 1721 illi
703 1689 905 1733 praestans
938 1683 1050 1732 Unio,
1084 1683 1214 1732 Sosse,
1248 1684 1366 1724 dedit.

420 1740 546 1779 Morte
579 1754 676 1792 opus
709 1748 766 1780 est
797 1743 889 1791 illic,
921 1748 1073 1782 constat
1106 1745 1326 1792 praesentia
1356 1742 1505 1791 Regno.

502 1800 624 1849 Elige,
658 1801 952 1849 utrum-levius,
988 1814 1035 1840 an
1068 1813 1200 1851 regere
1232 1813 1330 1839 anne
1363 1799 1490 1838 mori?

420 1857 545 1896 Morte
577 1859 706 1897 Deum
737 1859 864 1898 media
896 1862 997 1910 cepit
1029 1859 1126 1898 Caro
1158 1867 1329 1897 mortua:
1364 1861 1499 1898 vivens

502 1918 613 1955 Anne
644 1918 800 1956 Dei'ad
830 1930 990 1969 regnum
1021 1929 1098 1956 non
1130 1923 1249 1968 queat
1280 1929 1364 1957 esse
1397 1916 1551 1968 capax?

423 2021 475 2059 At
507 2021 569 2059 vel
600 2021 833 2072 multiplicat
865 2022 996 2072 (dleis)
1028 2024 1249 2073 praesentia
1281 2022 1477 2061 Christum

502 2080 737 2118 Immensum
769 2081 830 2119 vel
863 2093 950 2119 eum
983 2093 1121 2132 corpus
1152 2081 1295 2120 habere
1327 2080 1447 2119 facit?

422 2137 597 2186 Falleris,
631 2144 669 2177 et
698 2145 872 2190 sumptas
903 2140 1072 2177 humano
1104 2152 1128 2177 a
1159 2151 1316 2191 corpore
1347 2140 1454 2189 leges

501 2196 645 2235 Niteris
677 2200 803 2235 autori
835 2198 1040 2237 conciliare
1072 2198 1172 2237 Deo.

394 2253 479 2304 Quo
513 2260 616 2293 caret
647 2256 733 2306 ipsa
764 2256 884 2304 Deus,
917 2267 994 2294 non
1026 2256 1100 2295 1100
1132 2255 1238 2295 dedit
1268 2253 1371 2294 Unio
1403 2254 1543 2293 Carni:

502 2312 615 2361 Quod
647 2319 764 2362 tenet,
796 2314 870 2352 hoc
901 2314 1038 2352 fruitur
1069 2316 1293 2353 consociata
1325 2313 1436 2351 Caro.

421 2371 597 2409 Cernitur
627 2373 665 2409 in
698 2374 843 2411 cunctis
876 2371 1055 2411 Jehovae
1087 2374 1306 2423 praesentia
1335 2371 1472 2420 rebus3

500 2430 605 2467 Dum
638 2430 756 2475 videt,
791 2431 954 2480 adjutat,
988 2431 1129 2480 dirigit,
1162 2436 1279 2479 arcet,
1310 2435 1430 2469 amat.

423 2488 577 2526 Effectis
609 2500 685 2527 11011
719 2489 823 2527 clara
852 2490 979 2527 minus
1012 2491 1231 2540 praesentia
1262 2490 1399 2536 carnis,

502 2546 594 2597 Ipsa
625 2559 780 2596 quoque
813 2546 977 2596 adjutat,
1011 2548 1153 2597 dirigit,
1186 2552 1303 2594 arcet,
1335 2551 1452 2584 amat.

421 2603 561 2653 Indiga
590 2605 658 2643 sed
689 2605 868 2644 Jehovae
899 2617 976 2643 non
1007 2607 1063 2644 sic
1093 2606 1241 2644 Natura
1271 2605 1444 2643 locorum
1477 2609 1546 2652 est,

502 2663 726 2701 Exstructos
759 2669 800 2700 ut
831 2675 907 2701 non
940 2665 1080 2701 vixerit
1110 2669 1198 2702 ante
1228 2664 1347 2710 locos,

424 2718 553 2768 thue
583 2720 680 2758 locis
711 2732 894 2770 praesens
925 2721 1036 2759 factis
1068 2733 1169 2760 nunc
1201 2722 1380 2759 omnibus
1412 2721 1534 2760 adsit:

505 2777 593 2815 Non
624 2784 762 2815 natura
792 2779 867 2816 Dei
898 2778 965 2816 sed
996 2779 1105 2817 locus
1135 2781 1218 2828 ipse
1249 2780 1356 2829 petit.

424 2836 511 2874 Non
542 2835 665 2885 replet
696 2846 786 2884 ergo
816 2835 924 2874 locos
956 2836 1098 2874 Christi
1129 2848 1217 2875 caro
1249 2841 1383 2874 sancta
1415 2842 1583 2875 creatos:

503 2893 647 2931 Fusilis
678 2893 886 2931 exhaustos
917 2898 958 2931 ut
988 2894 1110 2944 replet
1140 2893 1244 2932 unda
1275 2893 1405 2932 cados.

425 2952 594 2991 Naturas
625 2952 656 2989 si
689 2952 854 3001 quaeriS,
886 2952 1018 2989 abest:
1052 2963 1169 3002 opera
1200 2953 1342 3001 aspice,
1375 2953 1519 3002 ubique
1551 2958 1629 2991 est:

505 3009 570 3048 Sic
601 3009 695 3058 vigil
725 3011 763 3046 in
794 3010 912 3047 sacris
944 3008 1116 3048 erudiere
1145 3009 1270 3048 libris.

425 3067 460 3107 Ο
492 3079 603 3106 curas
633 3067 842 3115 hominum,
876 3078 898 3105 0
931 3071 1117 3117 quantum
1148 3072 1207 3107 est
1235 3068 1274 3104 in
1303 3067 1418 3106 rebus
1449 3068 1575 3118 inane,

508 3125 596 3164 Non
628 3125 741 3165 aliter
770 3136 953 3177 praesens
984 3126 1018 3164 si
1048 3126 1099 3165 sit
1128 3125 1321 3176 ubique
1349 3125 1505 3168 Deus.
