2126 3388
233 177 316 222 986
896 214 900 224 -.
912 181 996 216 Vita
1019 181 1042 217 J
1045 181 1169 216 oannis
1193 181 1351 227 Kepleri.

234 297 409 334 omnibus
439 296 550 334 Remi
583 297 886 337 dubitationibus
918 304 955 338 et
985 301 1340 349 percontationibus
1371 304 1494 337 totum
1525 313 1566 338 se
1598 300 1771 349 dederet,
1812 303 1874 341 hic
1904 303 2014 352 Kep-

233 353 300 391 leri
323 354 513 392 officiosae
535 355 725 393 voluntati
746 358 932 395 maximas
963 359 1107 406 gratias
1139 360 1237 407 agit,
1270 370 1418 396 summo
1442 358 1613 407 ejusdem
1644 360 1797 408 ingenio
1828 363 2014 398 maximas

233 411 364 448 laudes
386 412 536 449 tribuit:
573 413 742 463 „Indica,
775 427 841 463 per
873 427 970 464 quas
1002 417 1085 453 vias
1117 417 1184 453 tibi
1213 417 1395 454 inservire
1417 428 1567 465 queam,
1599 428 1659 455 me
1682 417 1842 455 habebis
1865 430 2016 468 semper

232 474 419 517 promtum
452 475 489 506 et
516 476 703 518 paratum.
747 472 897 522 Dignus
929 484 1020 511 sane
1053 486 1104 521 es,
1138 478 1179 512 ut
1209 485 1277 523 pro
1310 473 1537 524 Coryphaeo
1570 479 1607 513 et
1637 481 1745 524 patre
1777 481 1906 514 nostro
1933 477 2014 525 jam

232 527 280 563 ab
314 527 489 564 omnibus
521 528 801 567 mathematicis
832 529 1051 568 habearis.“

372 584 416 620 In
449 596 492 622 eo
538 585 702 635 deanue
734 588 981 636 epistolarum
1020 589 1268 635 commercio,
1313 588 1415 637 quod
1455 590 1552 627 inter
1582 589 1792 638 Keplerum
1835 595 1872 628 et
1902 591 2016 628 Vin-

233 642 397 678 ccntiu
410 654 446 678 111
479 643 716 682 Blancum
749 646 942 696 (Bianchi)
975 648 1164 694 intererat,
1199 648 1264 696 qui
1295 648 1447 685 nornine
1471 647 1630 684 Comitis
1654 647 1808 685 Alerani
1839 649 1912 686 sibi
1943 650 2017 685 1111-

230 699 357 748 posito
389 711 466 737 non
498 704 621 739 minus
654 705 804 751 generis
837 706 1067 753 antiquitate
1107 716 1222 753 quam
1260 706 1340 743 suis
1380 706 1523 743 meritis
1564 710 1601 743 et
1631 705 1842 744 honoribus
1880 718 2019 755 super-

233 757 343 802 biret,
376 758 547 806 inprimis
580 760 733 808 quidem
767 761 813 800 de
845 763 958 800 rebus
990 765 1172 812 scriptum
1206 768 1262 800 est
1284 762 1537 813 astrologicis,
1570 775 1592 800 a
1615 763 1759 801 Blanco
1791 765 1827 800 in
1850 764 2017 802 medium

231 816 450 862 propositis.
513 816 587 855 Sed
622 819 810 867 Keplerus
843 820 990 858 Blanco
1031 833 1078 859 ex
1117 821 1253 858 altiore
1296 821 1461 869 quodam
1503 821 1590 858 loco
1623 826 1660 859 ct
1698 821 1855 860 elatiore
1893 834 2017 860 rerum

233 873 556 921 contemplatione
588 877 793 926 respondet
825 878 1064 928 eundemque
1097 880 1331 916 somniorum
1374 878 1691 927 astrologicorum
1723 881 1835 917 nimis
1868 880 2018 917 studio-

232 941 314 966 sum
347 930 396 968 ad
426 933 581 970 modum
613 940 649 971 et
682 937 880 974 veritatem
912 937 1092 975 reducere
1125 936 1265 974 studet.
1327 937 1434 974 Idem
1467 948 1550 974 cum
1583 937 1752 975 Blancus
1793 939 1949 986 saepius
1981 943 2020 975 et

233 988 497 1028 immodestius
528 994 677 1039 generis
707 994 949 1032 nobilitatem
979 995 1150 1041 afferret,
1182 994 1372 1044 Keplerus
1398 995 1532 1043 jocose
1563 996 1599 1032 ei
1629 996 1813 1041 rescribit,
1846 1008 1886 1033 se
1919 1007 2019 1044 quo-

232 1054 306 1093 qne
337 1047 503 1096 majores
534 1049 675 1088 habere
697 1052 845 1090 nobiles
878 1054 956 1095 (cfr.
983 1056 1051 1089 vol.
1078 1055 1158 1090 VII.
1183 1067 1217 1100 p.
1244 1056 1328 1099 472]
1361 1053 1515 1090 ethaeo
1536 1052 1755 1102 subjungit:
1792 1054 1907 1105 „Ipsa
1929 1053 2019 1103 phi-

231 1103 421 1153 losophia,
456 1118 554 1153 quae
586 1108 772 1147 hactenus
803 1112 997 1148 rusticano
1029 1110 1164 1148 habitu
1195 1122 1342 1149 mecum
1377 1111 1687 1157 conversabatur,
1719 1117 1925 1160 postquam
1958 1113 2017 1147 in-

231 1162 438 1210 tellexerit,
482 1165 530 1202 ad
569 1172 734 1214 quantae
775 1168 989 1206 nobilitatis
1028 1170 1150 1205 virum
1192 1169 1285 1206 mihi
1325 1168 1487 1217 posthac
1528 1168 1658 1206 futura
1686 1170 1736 1206 sit
1766 1170 2016 1215 internuncia,

230 1219 489 1259 honestiorem
521 1223 635 1263 hodie
668 1230 797 1273 togam
831 1224 994 1264 induit.“
1058 1226 1169 1264 Prius
1202 1239 1285 1264 cum
1318 1227 1485 1264 Blancus
1529 1226 1574 1263 de
1605 1226 1761 1275 Kepleri
1796 1227 2016 1266 conditione

233 1278 387 1316 effusius
419 1282 649 1333 scripsisset,
685 1283 933 1332 responderat
963 1283 1167 1334 KepleruS‚
1201 1286 1390 1323 erravisse
1423 1296 1509 1322 eum
1541 1285 1572 1321 si
1604 1284 1820 1333 singulares
1850 1285 2016 1323 honores

232 1341 268 1373 et
301 1335 506 1385 dignitates
550 1340 622 1377 sibi
664 1343 900 1389 attribueret,
945 1342 1074 1380 literas
1115 1344 1224 1381 unice
1264 1354 1306 1381 se
1338 1347 1514 1393 tractare,
1548 1342 1852 1394 „humanitatem
1882 1345 1920 1380 in
1953 1355 2018 1381 ce-

231 1394 319 1432 teris
351 1395 454 1442 colo,
495 1398 531 1433 in
563 1410 623 1435 me
656 1399 758 1447 quod
791 1400 851 1437 hic
886 1401 1029 1449 jactem
1070 1411 1146 1438 non
1185 1402 1353 1438 invenio.
1416 1400 1607 1438 Voluntas
1651 1401 1743 1438 mihi
1779 1406 1930 1450 promta
1962 1406 2019 1439 est

230 1453 469 1500 gratificandi
510 1457 705 1503 omnibus,
748 1469 818 1495 nec
851 1463 892 1495 ut
923 1459 1053 1496 flectar
1093 1458 1157 1496 vel
1196 1459 1349 1510 hymnis
1393 1469 1490 1507 opus
1530 1464 1587 1496 est
1627 1459 1691 1496 vel
1722 1459 2019 1508 supplicationi-

231 1508 342 1548 bus“.
406 1513 463 1550 De
496 1513 597 1551 illius
637 1517 928 1563 quaestionibus
968 1516 1210 1564 astrologicis
1249 1516 1366 1555 haec:
1416 1515 1568 1568 „Video
1611 1517 1735 1565 inquit
1766 1517 1856 1557 Exc.
1890 1517 2016 1555 Tuam

231 1569 412 1607 articulos
453 1573 604 1620 exigere
645 1579 858 1622 temporum
898 1587 921 1612 a
954 1574 1173 1613 directione.
1236 1575 1417 1612 Animum
1462 1574 1616 1623 quidem
1658 1574 1815 1624 implere
1856 1580 2020 1625 possunt

231 1631 345 1673 astra,
379 1635 541 1667 eventus
572 1631 676 1679 ipsos
708 1631 793 1669 sola
825 1637 1020 1681 praestare
1053 1644 1127 1670 non
1161 1638 1344 1683 possunt,
1377 1633 1443 1670 sed
1478 1633 1646 1671 excitant
1676 1632 1871 1671 hominem
1902 1635 2019 1682 inque

233 1685 365 1732 vigilia
397 1699 463 1724 seu
499 1689 669 1726 excubiis
702 1692 949 1736 constituunt,
983 1696 1024 1727 ut
1055 1692 1277 1728 occasiones
1300 1696 1587 1740 praetereuntes
1619 1693 1787 1740 arripiat.
1840 1692 1924 1729 Non
1956 1693 2020 1728 in-

230 1743 345 1789 ficior,
380 1745 611 1793 praeclaram
645 1759 728 1786 esse
760 1749 1092 1787 constellationem
1125 1750 1178 1798 (in
1212 1749 1380 1788 themate
1404 1747 1565 1799 Blanci),
1596 1748 1722 1786 solent
1754 1754 1881 1787 tamen
1913 1749 2020 1797 ejus-

230 1801 333 1838 modi
373 1803 685 1843 constellationes
726 1806 915 1844 interdum
956 1807 1029 1844 hoc
1072 1807 1239 1854 efficere,
1282 1812 1324 1844 ut
1364 1807 1477 1844 homo
1519 1808 1676 1844 nimium
1720 1807 1936 1857 appetendo
1979 1818 2020 1845 se

230 1861 354 1908 ipsum
398 1861 596 1900 voluntate
635 1865 759 1912 privet
791 1877 920 1902 earum
950 1877 1093 1911 rerum,
1136 1877 1232 1914 quas
1263 1865 1405 1903 habere
1437 1863 1603 1914 potest.“
1670 1865 1853 1903 Similiter
1882 1866 2021 1903 nimias

230 1917 363 1956 Blanci
387 1918 432 1957 dc
456 1926 680 1970 aspectuum
703 1924 893 1970 gravitate
917 1929 1003 1969 eto,
1038 1924 1238 1972 opiniones
1260 1923 1308 1960 ad
1331 1924 1477 1971 justum
1499 1922 1654 1960 modum
1676 1922 1856 1961 reducere
1878 1923 2020 1970 studet,

230 1987 379 2025 semper
401 1989 485 2014 eum
510 1979 692 2027 delegans
715 1981 762 2018 ad
782 1983 1034 2028 cogitationes
1058 1983 1094 2017 in
1113 1982 1293 2031 operibus
1315 1983 1393 2018 suis
1413 1982 1607 2030 expositas
1622 1995 1630 2029 ς
1646 1981 1759 2018 simul
1781 1986 1909 2019 autem
1929 1982 2020 2019 data

231 2034 302 2071 hac
335 2037 536 2074 occasione
569 2043 786 2087 opportuna
808 2039 854 2077 ad
878 2039 1060 2088 majorem
1093 2051 1249 2088 operum
1272 2051 1427 2077 suorum
1460 2041 1498 2076 in
1530 2038 1644 2076 Italia
1675 2040 2021 2089 promulgationem

230 2092 365 2130 Blanci
398 2094 582 2132 auxilium
613 2101 735 2144 rogat,
769 2109 892 2145 neque
924 2097 1138 2146 singulares
1170 2109 1259 2135 suas
1291 2096 1390 2135 celat
1430 2097 1475 2135 de
1509 2097 1773 2147 Copernicana
1811 2097 2017 2147 hypothesi

228 2152 459 2199 sententias,
502 2165 598 2201 quas
631 2154 876 2203 divulgandis
920 2167 986 2204 per
1016 2155 1171 2193 Italiam
1202 2155 1384 2193 librorum
1428 2166 1585 2193 suorum
1626 2154 1821 2193 nonnullis
1853 2157 2018 2193 maxime

229 2208 427 2246 obfuturas
460 2222 542 2248 esse
576 2213 717 2261 optime
750 2213 858 2250 vidit.
910 2213 953 2250 In
985 2212 1119 2250 ultima
1151 2225 1251 2261 quae
1282 2218 1439 2251 servata
1470 2212 1635 2262 epistola
1666 2218 1724 2251 est
1747 2215 2019 2258 (data13..Ja11.

232 2270 347 2313 1620).
374 2267 564 2317 Keplerus
595 2271 708 2308 nimis
739 2271 904 2308 humane
936 2272 1079 2319 gratias
1111 2273 1192 2320 agit
1215 2271 1264 2308 ob
1285 2272 1442 2308 missum
1464 2271 1652 2317 libellum,
1685 2284 1708 2308 a
1729 2270 1876 2308 Blanco
1899 2272 2022 2320 scrip-

229 2329 308 2360 tum
354 2325 399 2362 de
443 2327 567 2364 verbis
601 2329 772 2366 obscuris
805 2329 906 2366 Petri
949 2329 1056 2366 cultri
1101 2330 1302 2366 manubrio
1342 2330 1544 2378 inscriptis
1618 2328 1740 2377 Quem
1780 2327 2019 2367 levissimum

230 2382 402 2420 libellum
436 2384 625 2433 Keplerus
661 2387 899 2437 „stupendae
932 2387 1128 2424 doctrinae
1161 2385 1458 2424 (10011111011111111ιι
1494 2387 1597 2425 dicit.
1631 2409 1684 2414 —-

368 2441 423 2478 Ex
455 2443 691 2492 amplissimo
724 2445 881 2494 Kepleri
915 2444 1162 2494 epistolarum
1191 2446 1416 2482 commercio
1449 2456 1518 2482 nos
1551 2457 1596 2482 ea
1627 2444 1847 2492 attulimus,
1881 2445 2020 2494 quibus

231 2499 300 2534 viri
344 2500 560 2548 ingenium,
604 2508 742 2540 natura
783 2509 820 2539 et
859 2515 981 2540 mores
1024 2504 1166 2551 optime
1208 2503 1390 2540 illustrari
1423 2503 1741 2541 existimavimus.
1802 2502 2021 2542 Permultae

231 2556 382 2603 quidem
416 2563 567 2596 exstant
604 2559 703 2598 aliae
735 2560 891 2610 Kepleri
927 2560 1132 2610 epistolae,
1173 2572 1271 2609 quae
1303 2572 1378 2598 non
1411 2563 1535 2598 minus
1567 2561 1743 2610 ampliori
1773 2572 1920 2598 morum
1953 2573 2021 2599 ex-

230 2614 426 2663 plicationi
471 2618 614 2654 servire
657 2620 816 2666 possint.
878 2618 954 2656 Sed
996 2617 1160 2667 exempli
1200 2620 1324 2667 gratia
1363 2631 1461 2667 quae
1502 2618 1628 2656 adhuc
1671 2618 1758 2656 data
1793 2623 1882 2656 sunt
1913 2619 2021 2656 suffi-

231 2673 348 2718 ciant,
393 2675 535 2722 quique
574 2680 610 2714 et
641 2676 799 2726 Kepleri
838 2678 922 2726 ipsa
963 2688 1078 2726 opera
1122 2676 1383 2715 voluminibus
1425 2676 1741 2714 antecedentibus
1782 2676 1943 2715 collecta
1984 2681 2022 2714 et

231 2730 488 2777 praefationes
520 2734 566 2769 iis
599 2734 752 2772 additas
785 2734 1004 2783 diligentius
1038 2734 1343 2783 perlustrabunt,
1386 2736 1459 2784 ipsi
1498 2734 1618 2773 multa
1659 2735 1879 2782 invenient,
1921 2746 2020 2783 quae

231 2788 328 2826 hanc
359 2788 690 2829 adumbrationem
723 2792 900 2842 supplere
933 2793 1091 2842 possint.

367 2846 505 2885 Restat
538 2849 701 2898 denique
733 2851 916 2888 brevibus
949 2861 1159 2899 exponere,
1194 2849 1308 2898 quale
1340 2850 1452 2888 suerit
1483 2849 1641 2899 Kepleri
1675 2861 1760 2887 cum
1791 2848 2021 2897 aequalibus

233 2907 511 2946 commercium.
573 2907 657 2955 Qua
699 2908 744 2946 de
778 2921 815 2946 re
848 2921 892 2946 ex
935 2907 1107 2957 epistolis
1151 2909 1384 2957 paucissima
1424 2913 1598 2954 manant,
1642 2919 1726 2945 cum
1766 2906 1878 2952 illae,
1924 2919 2019 2955 quas

232 2962 392 3008 scriptas
425 2975 508 3000 esse
541 2967 793 3003 certissimum
827 2972 895 3012 est,
931 2971 967 3003 et
998 2978 1020 3003 a
1041 2965 1210 3014 Keplero
1243 2970 1280 3003 et
1310 2966 1359 3003 ab
1391 2966 1524 3002 amicis
1557 2966 1848 3003 conservatione
1881 2963 2019 3013 dignae

234 3028 308 3054 non
341 3020 415 3056 sint
444 3020 613 3061 habitae.
674 3024 730 3060 Ex
762 3036 838 3061 una
869 3029 996 3062 autem
1031 3023 1195 3073 epistola
1226 3035 1325 3071 quac
1357 3027 1512 3061 servata
1543 3027 1580 3060 et
1612 3022 1687 3059 vol.
1709 3021 1740 3060 Ι.
1773 3033 1808 3070 p.
1834 3026 1913 3060 296
1947 3022 2019 3060 ad-

235 3073 313 3112 dita
345 3081 420 3122 est,
453 3078 548 3114 nihil
579 3083 735 3128 gravius
769 3082 899 3130 colligi
930 3086 1069 3131 potest.
1131 3081 1235 3118 Data
1266 3080 1332 3118 illa
1365 3086 1421 3119 est
1452 3080 1501 3118 ad
1531 3079 1740 3129 Keplerum
1772 3079 1820 3116 ab
1852 3080 2017 3129 aequali,

234 3130 287 3168 M.
322 3132 596 3185 Christophoro
630 3136 892 3187 Ortholfo,
925 3140 990 3188 qui
1020 3143 1101 3177 tum
1133 3139 1279 3189 (1595)
1317 3138 1523 3177 Hirsaviac
1553 3141 1778 3189 praeceptor
1809 3142 1910 3186 erat,
1950 3149 2019 3177 eo-
