2177 3408
820 213 1055 250 ωτι-1590.
1745 214 1826 258 673

33 333 128 370 tium
161 332 362 371 vulnerum
395 335 432 370 in
464 333 640 383 pedibus.
682 333 725 370 In
758 332 884 371 medio
918 332 1027 382 digiti
1061 332 1217 371 dextrae
1239 344 1376 371 manus
1398 345 1579 382 vermem,
1611 335 1650 371 in
1672 335 1827 374 sinistra

34 391 169 440 ingens
200 391 309 429 ulcus
341 392 473 431 habui.
535 391 724 430 ‚Januario
758 397 795 429 et
825 392 1036 429 Februario
1070 389 1180 432 1586.
1215 390 1310 428 dura
1350 404 1488 441 passus
1529 398 1566 431 et
1597 394 1698 431 curis
1729 405 1826 442 pene

33 449 230 487 confectus
262 461 358 490 sum.
421 450 550 488 Causa
582 450 737 488 infamia
769 456 806 487 et
838 449 969 486 odium
1001 449 1241 499 aequalium,
1277 461 1373 499 quos
1404 457 1510 489 metu
1542 450 1702 489 adactus
1734 463 1827 501 pro-

32 506 203 552 dideram
236 510 307 552 (cfr.
332 512 398 546 vol.
428 514 463 545 V.
502 523 536 554 p.
566 510 658 553 482).
694 512 731 547 6.
754 506 838 545 Oct.
873 513 1070 556 promotus
1102 519 1186 545 sum
1209 507 1493 557 Mulprommm,
1528 514 1593 550 ⁶26.
1613 509 1713 548 Nov.
1738 511 1827 548 veni

32 564 304 614 Mulpronnam
317 564 362 613 >³‘).
424 564 536 606 1587.
571 570 605 606 4.
640 567 730 616 Apr.
762 566 879 604 febris
901 578 961 604 me
983 567 1138 612 invasit,
1172 577 1248 614 quo
1282 571 1453 616 tempore
1484 568 1629 617 profeci
1660 568 1826 617 ideoque

34 624 90 661 ira
120 623 184 660 diu
218 623 393 661 laboravi
427 624 667 673 aequalium,
709 635 869 672 quorum
903 636 987 662 cum
1020 636 1096 662 uno
1129 625 1269 673 pugnis
1301 625 1443 663 Martio
1477 628 1601 675 priore
1634 626 1826 665 contendi.

32 681 206 719 Collinus
228 684 390 720 accessit
413 683 459 720 ud
483 695 606 719 meam
630 685 850 728 amicitiam,
885 684 981 720 circa
1008 682 1259 720 bacchanalia
1290 696 1495 731 percussus
1527 697 1549 721 a
1570 684 1826 732 Rebslocki03

37 741 166 778 variae
197 740 284 777 lites
317 753 400 778 cuni
435 741 586 778 Collina
605 745 641 786 (1.
671 748 722 786 12).
778 746 812 778 4.
847 740 931 779 Oct.
964 743 1132 778 carmina
1166 740 1341 789 deposui.
1398 740 1506 782 3588.
1533 747 1598 779 30.
1624 743 1721 792 Aug.
1754 754 1827 780 no-

32 809 117 835 men
149 799 345 847 professus
377 811 473 836 sum.
526 799 613 849 (Dic
638 802 674 836 3.
698 798 827 836 Martii
850 798 1106 846 Mulpronnae
1138 798 1299 844 Lunam,
1333 811 1419 836 cum
1452 800 1487 836 in
1522 801 1646 838 medio
1672 801 1828 839 umbrae

33 862 266 903 versaretur,
306 859 369 894 vix
402 856 522 894 oculis
555 868 621 904 per
654 858 844 894 cinereum
877 856 1044 894 colorem
1088 856 1372 904 deprehendere
1413 859 1546 906 potui,
1590 860 1827 907 miratusque

32 926 138 961 sum,
181 926 264 951 cum
297 915 514 953 recordarer
547 915 630 961 ejus
664 926 779 963 quam
811 927 844 952 a.
883 918 1002 952 1580.
1050 914 1235 952 videram.
1269 920 1311 952 ΙΙ.
1339 921 1430 960 303.)
1484 916 1543 952 Ad
1582 917 1825 954 baccalaurei

32 972 192 1020 gradum
235 980 454 1022 promotus3
498 973 716 1010 Molitorem
749 978 885 1011 testem
916 973 1035 1011 habui
1066 974 1361 1021 iniquissimum
1393 979 1429 1011 et
1461 974 1664 1023 plerosque
1710 975 1827 1012 soda-

31 1030 125 1068 lium
157 1031 337 1069 infensos.

173 1087 280 1130 1589.
316 1093 352 1128 5.
386 1089 475 1127 dan.
510 1089 654 1126 Defiuit
675 1086 728 1141 Q)
752 1101 775 1126 a
798 1090 844 1136 [J
867 1086 896 1138 Β
920 1094 958 1128 et
989 1088 1149 1138 appellit
1172 1088 1219 1125 ad
1246 1088 1309 1137 Ω.
1366 1090 1525 1128 Accedit
1554 1091 1601 1128 ad
1625 1091 1823 1134 malitiam,

34 1146 137 1195 quod
171 1158 301 1185 omnes
334 1148 411 1186 fere
442 1148 622 1197 planetae
655 1149 692 1183 in
726 1149 867 1185 mundo
900 1148 1015 1185 situm
1048 1154 1277 1196 permutant,
1311 1145 1365 1200 Q)
1390 1151 1505 1186 ctiam
1539 1151 1574 1185 iu
1599 1152 1825 1187 ascensione

33 1216 217 1254 oppressa
259 1206 503 1244 incommoda
545 1209 692 1254 corpori
731 1206 870 1254 infligit
899 1212 1051 1254 praeter
1082 1206 1228 1252 locum,
1271 1212 1308 1243 et
1340 1209 1566 1244 nominatim
1599 1220 1684 1245 cum
1722 1214 1755 1254 512
1791 1210 1825 1243 in

33 1263 79 1309 [l
104 1260 137 1314 ῼ
171 1275 256 1301 cum
289 1265 401 1302 corde
435 1261 491 1319 [Q
522 1276 567 1302 ex
601 1270 792 1302 venenato
835 1264 994 1302 humore
1037 1271 1201 1310 caneret,
1245 1276 1331 1301 cum
1364 1270 1401 1302 et
1433 1263 1461 1313 Γ)
1496 1268 1531 1301 in
1566 1264 1598 1317 (Τ)
1632 1266 1745 1303 domo
1779 1268 1829 1302 sit

34 1328 72 1360 et
103 1323 200 1359 inter
232 1322 425 1361 Pleiades.
489 1323 546 1360 Ex
577 1324 731 1360 sinistra
762 1322 865 1359 mala
898 1329 1053 1360 exsecta
1086 1328 1142 1360 est
1175 1324 1226 1360 ein
1260 1322 1404 1372 ffitiieie.
1466 1325 1676 1362 Februario
1709 1327 1827 1362 merui

33 1385 75 1416 ut
107 1381 145 1416 in
178 1392 368 1419 carcerem
399 1383 491 1418 irem
510 1381 591 1429 mr)
659 1385 723 1418 17.
757 1381 862 1430 Sept.
898 1382 1030 1430 (puto)
1064 1383 1151 1419 veni
1184 1381 1416 1431 Tnbingam,
1449 1388 1646 1431 promotus
1680 1382 1829 1431 aliquot

33 1438 167 1476 diebus
200 1445 314 1477 antea
344 1436 675 1493 (philosophicum
707 1439 876 1477 studium
898 1437 1002 1491 adii).
1060 1439 1093 1486 ξι
1122 1441 1158 1475 in
1185 1449 1231 1481 σο
1271 1444 1299 1483 (ζ
1338 1440 1469 1479 infelix
1503 1442 1679 1478 omnibus
1703 1441 1829 1478 modis

32 1498 68 1532 in
101 1496 152 1535 II.
189 1497 481 1536 diminutionem
513 1496 762 1544 facultatum,
805 1503 949 1546 quanta
982 1499 1045 1535 vix
1077 1498 1172 1535 alias
1206 1498 1369 1545 accidit,
1404 1499 1602 1536 confirmat
1638 1504 1664 1543 ό
1704 1499 1830 1536 domi-

31 1566 102 1592 nus
134 1554 228 1596 XII,
290 1556 396 1594 Idem
428 1557 582 1594 fratrem
612 1558 839 1593 moriturum
871 1555 1074 1604 significat.
1115 1556 1206 1592 Fuit
1238 1557 1353 1604 igitur
1384 1557 1477 1594 illud
1510 1557 1619 1594 ulcus
1651 1557 1697 1594 de
1719 1558 1829 1604 frigi-

33 1612 167 1650 dorum
199 1626 350 1663 genere,
384 1612 413 1664 i')
446 1626 514 1664 per
544 1611 598 1666 Q
634 1623 680 1654 σο
717 1620 938 1652 transeunte
971 1619 1008 1652 et
1040 1614 1280 1663 congelante.
1339 1611 1384 1667 Q
1418 1621 1546 1654 tamen
1576 1615 1638 1664 ιζ’,
1685 1621 1712 1659 0'
1732 1644 1739 1661 ‚
1760 1613 1827 1667 Q),

32 1677 192 1720 uterque
225 1673 280 1710 M.
314 1672 355 1712 C.
389 1672 599 1710 illustrans.
661 1672 926 1710 Versabantur
966 1674 1003 1709 in
1048 1673 1226 1710 manibus
1266 1672 1482 1720 juventutis
1525 1674 1829 1711 Exercitationes

33 1731 247 1769 exotericae
269 1729 307 1769 J.
332 1731 374 1770 C.
397 1730 594 1780 Scaligeri,
629 1731 737 1779 cujus
758 1742 830 1779 ego
862 1731 948 1767 libri
981 1731 1184 1768 occasione
1216 1733 1326 1779 coepi
1350 1733 1568 1770 successive
1592 1733 1699 1769 varia
1722 1744 1829 1769 com-

33 1789 181 1826 minisci
215 1789 260 1827 de
296 1790 410 1826 variis
434 1790 739 1838 quaestionibus,
772 1794 814 1826 ut
835 1788 880 1826 de
902 1788 1022 1834 coelo,
1057 1788 1102 1827 de
1125 1790 1274 1835 animis,
1309 1789 1354 1827 de
1377 1792 1511 1839 geniis,
1546 1790 1591 1827 de
1613 1783 1826 1837 elementis,

33 1845 78 1884 de
110 1848 209 1893 ignis
240 1852 390 1894 natura,
424 1848 470 1885 de
501 1848 664 1884 fontium
686 1848 845 1896 origine,
879 1846 925 1885 de
957 1847 1062 1884 ssuxu
1096 1853 1133 1885 et
1163 1846 1311 1884 refluxu
1343 1850 1469 1896 maris,
1504 1848 1549 1886 dc
1582 1848 1703 1897 figura
1736 1860 1830 1886 con-

33 1906 233 1943 tinentium
266 1910 449 1944 terrarum
482 1906 830 1954 interfusorumque
863 1907 1023 1942 marium
1057 1910 1094 1942 et
1124 1905 1276 1944 similia.
1312 1911 1349 1948 (Ι.
1377 1912 1420 1948 2.)

170 1962 281 2005 1590.
315 1963 495 2002 Graviter
517 1965 626 2012 coepi
658 1969 858 2012 aegrotare
891 1964 1022 2002 dolore
1055 1965 1191 2012 capitis
1224 1970 1261 2001 et
1293 1966 1603 2002 consternatione
1636 1965 1829 2002 membro-

32 2034 125 2059 rum.
189 2022 285 2059 Cum
315 2018 344 2072 'b
379 2024 415 2058 in
441 2021 515 2060 <24⁰
539 2023 605 2060 40‘
628 2023 680 2070 Π
714 2027 827 2068 esset,
860 2022 1010 2060 scabies
1042 2034 1102 2059 me
1133 2023 1268 2059 tenuit.
1315 2022 1378 2059 Lis
1413 2034 1498 2060 cum
1523 2023 1673 2060 duobus
1696 2025 1828 2060 amicis

34 2086 70 2117 et
102 2083 316 2129 separatio,
351 2093 435 2118 cum
468 2080 587 2118 altero
620 2082 716 2117 inita
747 2080 989 2118 familiaritas
1021 2085 1100 2117 tam
1132 2079 1332 2127 diuturna,
1377 2092 1492 2129 quam
1531 2082 1640 2118 initio
1674 2081 1828 2118 deside—

33 2143 116 2176 rata
154 2139 297 2176 intimis
340 2139 554 2177 affectibus.
618 2139 718 2176 Dein
758 2139 914 2176 morbus
953 2140 1078 2176 siccus
1111 2144 1148 2175 et
1188 2150 1272 2175 cum
1316 2151 1360 2175 eo
1406 2151 1556 2176 annuus
1599 2139 1741 2176 reditus
1778 2144 1826 2177 13

34 2196 262 2234 florenorum
296 2199 403 2235 vario
435 2198 583 2234 ambitu
615 2201 869 2245 comparatur.
934 2196 1031 2234 Cum
1062 2196 1155 2234 mihi
1188 2198 1237 2233 sit
1268 2197 1305 2233 in
1339 2198 1515 2245 genitura
1545 2193 1573 2247 ῒ)
1602 2204 1734 2235 auctor
1766 2199 1828 2233 in-

35 2257 312 2304 temperantiae
345 2261 383 2294 et
418 2256 498 2304 jam
532 2257 737 2293 accesserit
768 2254 816 2292 ad
849 2256 895 2301 [Ι
917 2251 989 2306 Q,
1023 2256 1340 2304 intemperantem
1374 2256 1522 2303 effecit,
1556 2257 1761 2304 praecipue
1796 2253 1828 2306 ῼ

32 2315 226 2362 excipiens
258 2319 504 2351 moerentem.
556 2313 647 2351 Jam
670 2311 723 2365 O)
747 2313 818 2350 sub
852 2313 967 2350 radiis
1000 2313 1140 2351 cadens
1173 2315 1275 2350 omni
1308 2313 1422 2351 modo
1454 2311 1492 2351 in
1518 2314 1564 2360 [l
1601 2315 1629 2360 *t
1652 2315 1827 2360 inimico;

33 2376 69 2408 et
91 2371 140 2421 Θ
163 2371 306 2409 ibidem
337 2373 525 2421 recipiens
553 2369 599 2424 Ἦ.
625 2384 670 2410 ex
704 2372 845 2408 mutuis
878 2371 1032 2409 casibus
1064 2373 1207 2409 siccum
1240 2377 1277 2409 et
1299 2371 1478 2418 calidum,
1511 2372 1700 2420 significat
1722 2383 1826 2408 mor-

33 2429 134 2466 bum.
186 2429 388 2479 Significat
408 2430 481 2468 hoc
502 2430 604 2468 idem
632 2431 811 2467 miseram
844 2430 1000 2467 fratrum
1023 2429 1294 2476 conditionem,
1329 2442 1492 2478 quorum
1524 2442 1621 2467 unus
1656 2435 1827 2467 mortuus

37 2492 93 2524 est
125 2499 170 2525 eo
204 2499 322 2535 anno,
355 2489 452 2526 alter
483 2490 588 2526 varie
620 2488 666 2526 de
698 2489 780 2525 vita
810 2488 1064 2536 periclitatus.

173 2549 264 2589 Ques
298 2552 379 2582 dicit
410 2552 570 2593 Keplerus
606 2553 752 2590 „reditus
788 2554 829 2583 13
862 2551 1079 2582 florenorum“
1116 2554 1266 2592 spectant
1299 2552 1370 2582 sine
1402 2552 1503 2582 dubio
1535 2549 1730 2581 beneficium
1765 2559 1826 2578 an-

38 2607 156 2639 nuum,
192 2607 257 2638 quo
289 2598 458 2628 fruebatur
490 2599 653 2640 Keplerus
687 2599 860 2637 Tubingae
891 2608 949 2639 per
981 2599 1091 2639 plures
1124 2607 1238 2631 annos,
1288 2597 1431 2629 Senatus
1464 2596 1621 2627 Wilensis
1659 2597 1709 2625 his
1745 2596 1828 2625 adiit

38 2648 195 2675 rectorem
222 2644 409 2675 academiae
435 2645 659 2686 Tubingensis
684 2655 743 2686 pro
769 2644 911 2686 Keplero
937 2645 1160 2675 intercedens:

172 2699 290 2734 Edlen
323 2700 527 2734 Ernvesten
560 2700 662 2734 Hoch
694 2700 764 2734 vnd
796 2698 1027 2744 wolgelerten
1059 2700 1225 2744 gunstige
1258 2700 1358 2735 Hern
1384 2698 1576 2734 Insonders
1609 2698 1726 2731 lieben
1757 2697 1827 2731 vnd

35 2762 166 2801 gueten
191 2757 355 2801 Fretum,
390 2758 432 2792 E.
467 2758 542 2791 Her
572 2758 660 2791 Ern-
697 2757 767 2791 vnd
800 2763 954 2800 guusten
988 2768 1095 2802 seyen
1131 2768 1236 2792 vnser
1265 2767 1372 2800 ganzs
1405 2756 1582 2801 gevlissen
1616 2754 1724 2797 willig
1758 2754 1828 2788 vnd

37 2816 230 2852 freuntlich
257 2816 353 2850 diust
378 2826 498 2859 zuvor,
526 2815 702 2850 demnach
727 2816 771 2849 E.
790 2816 864 2849 Her
889 2816 983 2850 Ern-
1010 2816 1081 2850 vnd
1108 2820 1262 2859 gunsten
1288 2826 1371 2850 vnss
1399 2815 1485 2848 kurz
1511 2813 1721 2848 verschinen
1748 2811 1827 2846 vmb

40 2873 292 2917 presentirung
316 2873 392 2911 ains
418 2873 560 2907 knaben
586 2885 654 2908 von
679 2874 800 2908 hiraus
826 2884 869 2908 zu
895 2873 974 2908 dem
993 2875 1197 2909 bewussten
1216 2872 1401 2917 Stipendio
1428 2870 1651 2915 gesehriben,
1677 2869 1748 2904 vnd
1766 2869 1829 2904 wir

176 3004 212 3047 *)
240 3004 517 3037 Constellationes
536 3004 753 3045 planetarum,
773 3013 855 3046 quas
873 3004 1001 3034 addidit
1021 3002 1193 3043 Keplerus,
1213 3003 1399 3040 omisimus;
1419 3005 1551 3032 exstant
1569 3002 1634 3034 vol.
1653 3000 1678 3033 I.
1699 3010 1732 3042 p.
1747 3003 1826 3034 311,

155 3049 216 3094 **)
241 3051 385 3082 Exstant
409 3053 522 3082 literae
542 3051 586 3084 M,
606 3049 743 3092 Kifflini,
770 3053 991 3091 praeceptoris
1016 3051 1206 3080 monasterii
1229 3049 1486 3079 ..Blaufontaui“
1516 3048 1544 3079 d.
1569 3050 1623 3080 12.
1642 3048 1827 3087 Februarii,

43 3099 75 3129 in
101 3100 224 3140 quibus
255 3098 410 3137 legimus:
447 3097 532 3137 „Sed
569 3097 650 3138 quid
683 3098 799 3128 audio!
841 3098 887 3128 Te
912 3098 1021 3128 nescio
1049 3098 1143 3135 cujus
1169 3097 1336 3127 delatione
1363 3097 1397 3126 in
1424 3105 1582 3126 carcerem
1618 3103 1674 3133 per
1700 3093 1828 3135 aliquot

41 3145 136 3177 horas
155 3146 407 3176 condemnatum
429 3147 512 3175 essel
556 3143 660 3174 Doleo
680 3147 776 3175 certe.
814 3145 903 3183 Rogo
922 3148 1030 3174 tamen
1048 3146 1078 3174 te
1100 3152 1197 3184 quam
1222 3152 1358 3184 possum
1376 3143 1527 3182 maxime,
1554 3145 1589 3171 ut
1614 3141 1728 3171 videas
1746 3141 1827 3181 quid

43 3200 136 3230 agas;
155 3197 321 3223 strenuam
339 3201 471 3231 operam
490 3193 523 3221 iu
541 3189 708 3231 theologia
728 3192 878 3233 colloces,
897 3194 933 3221 ut
949 3194 1019 3222 tum
1037 3194 1080 3232 te,
1098 3193 1169 3221 tum
1186 3193 1259 3221 tuos
1278 3191 1400 3221 amicos
1419 3188 1605 3220 exhilarare
1619 3188 1762 3229 possis.“
1783 3205 1826 3211 --

110 3248 232 3281 Kepieri
253 3248 350 3282 Opem
368 3248 449 3275 v111.
1511 3244 1552 3280 124
