2177 3408
490 163 727 201 Summarinm
750 163 933 199 Historiae
956 164 1207 202 Astronomiae
1233 165 1356 201 seculo
1381 166 1477 204 XVI.
1800 167 1884 212 663

86 295 234 322 morum
266 289 305 322 et
335 286 522 323 sermonis
563 296 647 323 sum
687 297 801 332 usus,
846 286 956 334 euJ‘us
1001 286 1239 324 consuetudo
1280 286 1371 323 mihi
1416 287 1631 325 Bononiam
1673 290 1885 326 transeunti

85 341 299 381 adhaerens
341 343 454 382 facile
485 345 518 381 si
549 355 624 381 non
655 344 878 394 periculum,
912 343 1049 381 saltem
1081 349 1212 381 notam
1245 343 1415 393 aliquam
1439 347 1609 392 causari,
1643 347 1883 396 suspiciones

87 402 237 438 concire
269 412 409 450 meque
431 401 690 452 Coryzeorum
713 401 972 440 delationibus
995 403 1204 440 obnoxium
1227 402 1384 441 reddere
1409 415 1521 452 posse
1546 404 1708 442 videtur.
1756 404 1883 452 Quare

84 470 160 496 non
194 460 328 508 opinor
361 461 454 497 vitio
487 460 579 497 mihi
613 466 760 511 vertes,
792 462 824 497 si
857 462 1143 510 comparatione
1176 462 1469 510 praeteritorum
1493 467 1530 500 et
1552 462 1765 500 futurorum
1789 475 1883 500 cau-

86 518 229 555 tionem
268 517 349 565 hic,
389 517 479 555 licet
517 518 613 556 forte
655 518 850 568 superflua
887 520 947 564 sit,
982 518 1237 557 adhibendam
1272 530 1461 556 censeam.
1527 519 1675 568 Quodsi
1703 521 1785 569 jam
1816 532 1883 570 per

86 575 325 614 voluntatem
357 575 605 625 Imperatoris
638 583 679 615 ut
709 577 896 614 hactenus
926 578 981 614 sic
1011 588 1122 626 porro
1155 589 1311 626 quoque
1343 578 1456 615 suerit
1487 577 1596 615 locus
1630 580 1761 616 virtuti
1793 591 1882 628 ger-

84 634 258 671 manicae
291 634 638 681 demonstrandae,
683 635 767 684 ejus
798 635 898 672 hanc
932 637 1008 671 vim
1040 647 1124 673 esse
1166 646 1242 672 non
1274 637 1447 684 ignoras,
1495 642 1534 672 ut
1576 636 1681 674 nulla
1721 637 1881 674 militem

85 691 177 730 belli
209 691 401 741 pericula,
445 692 576 731 nullae
617 692 813 731 literatum
845 694 1065 743 propositae
1098 693 1357 741 conditiones,
1397 693 1486 731 licet
1516 695 1798 743 amplissimae,
1833 696 1880 733 ab

88 749 321 800 Imperatore
353 761 422 787 suo
455 751 649 789 abnuente
680 750 793 789 facile
824 751 1062 789 abstrahant.
1125 751 1209 788 Non
1243 756 1369 789 tamen
1405 752 1577 801 despero,
1612 754 1703 801 quin
1737 753 1882 791 isthaec

88 814 157 846 tua
187 808 574 846 honorificentissima
605 810 783 846 invitatio
816 809 907 846 mihi
939 810 1041 847 bono
1073 810 1123 846 sit
1145 820 1299 847 cessura
1321 809 1454 847 ethoc
1478 810 1671 855 effectura,
1705 816 1746 848 ut
1767 823 1882 861 prae-

84 867 173 904 fecti
203 866 294 904 fisco
328 865 504 904 Caesaris
536 869 722 917 promtius
754 879 869 916 quam
911 867 1075 905 antehac
1106 867 1353 917 Imperatoris
1386 869 1443 904 sui
1478 867 1718 906 voluntatem
1750 871 1787 906 in
1820 881 1879 907 me

85 924 310 973 adjuvando
342 930 554 974 sequantur
576 937 726 974 egoque
757 931 865 962 tanto
888 926 999 963 eitius
1022 925 1194 962 Tabulas
1217 924 1486 974 Rudolphinas
1509 926 1877 976 Ephemeridasque‚

85 994 249 1032 quarum
281 982 580 1021 delineationem
607 984 688 1032 jam
722 996 743 1021 a
774 988 832 1020 tot
863 985 973 1020 annis
1004 989 1138 1021 notam
1169 983 1309 1031 hahes,
1343 984 1380 1019 in
1412 982 1536 1021 lucem
1569 984 1681 1022 cdere
1715 987 1876 1033 possim:

85 1042 216 1090 itaque
249 1046 285 1079 te
316 1046 542 1080 auctoresve
574 1047 660 1079 tuos
692 1042 910 1091 scriptionis
943 1041 1078 1090 hujus,
1123 1041 1213 1079 licet
1244 1043 1281 1078 in
1315 1053 1496 1091 praesens
1537 1043 1643 1080 irrita
1688 1043 1877 1090 videatur,

86 1110 162 1138 non
194 1100 403 1149 poeniteat.
464 1099 503 1138 Si
536 1112 614 1148 qua
645 1111 756 1150 porro
790 1101 826 1136 in
860 1111 898 1137 re
931 1112 1055 1138 meam
1088 1099 1284 1139 desideras
1317 1111 1486 1149 operam,
1520 1100 1627 1138 effice
1660 1113 1805 1150 quaeso
1838 1108 1880 1139 ut

85 1160 287 1196 materiam
319 1157 483 1196 habeam
516 1158 838 1196 demonstrandae
869 1170 976 1196 meae
1009 1160 1046 1194 in
1077 1162 1115 1196 te
1147 1160 1262 1206 inque
1294 1158 1603 1196 florentissimam
1645 1159 1880 1198 academiam

85 1216 345 1265 gratitudinis.
399 1216 508 1255 Vale.
564 1217 717 1254 Dabam
749 1216 899 1262 Pragae
932 1217 1132 1265 (quorsum
1163 1216 1299 1254 Lincio
1330 1228 1414 1254 sum
1447 1222 1631 1255 evocatus
1663 1229 1685 1255 a
1718 1218 1882 1256 Caesare

87 1279 176 1312 aute
210 1274 291 1312 dies
321 1285 398 1311 non
430 1276 485 1313 ita
516 1275 676 1323 multos)
721 1279 785 1313 15.
821 1274 902 1312 Cal.
936 1274 1063 1313 Maias
1103 1286 1203 1314 anno
1243 1286 1355 1314 aerae
1388 1275 1560 1325 vulgaris
1597 1279 1718 1314 1617.
1780 1276 1880 1316 Nob.

85 1338 123 1371 et
155 1332 256 1372 Clar.
288 1332 431 1372 Excell.
465 1333 574 1372 Tuae
608 1333 910 1372 officiosissimus

1193 1393 1231 1431 S.
1265 1393 1306 1431 C.
1340 1389 1407 1429 Mis
1441 1392 1740 1432 Mathematicus

1259 1450 1436 1489 Joannes
1467 1451 1672 1502 Keplerus.

224 1566 392 1611 Maginus
424 1566 459 1600 in
486 1565 789 1610 Ephemeridibus
825 1565 900 1601 suis
934 1566 1151 1600 mentionem
1185 1565 1272 1600 facit
1304 1565 1375 1599 litis
1409 1577 1488 1601 cum
1516 1566 1731 1610 Origano,
1770 1569 1881 1600 astro-

80 1635 185 1660 nomo
204 1624 499 1660 Francofurtensi
514 1624 586 1667 (cfr.
606 1628 670 1661 vol.
687 1627 714 1660 I.
732 1637 768 1668 p.
790 1626 880 1668 658),
907 1635 1014 1668 quam
1031 1624 1129 1658 litem
1148 1625 1256 1658 verbo
1274 1623 1548 1657 memoravimus
1567 1623 1637 1658 vol.
1652 1623 1731 1657 VII.
1749 1635 1783 1668 p.
1801 1623 1882 1660 446.

82 1684 203 1728 ibique
228 1694 344 1728 pauca
368 1683 556 1718 retulimus
589 1683 633 1718 de
659 1683 836 1727 Origano,
864 1684 967 1727 cujus
993 1683 1254 1728 Ephemerides
1289 1683 1479 1726 aliquoties
1507 1685 1698 1717 occurrunt
1724 1682 1759 1715 in
1784 1681 1884 1716 libris

81 1742 239 1786 Kepleri.
289 1742 468 1786 Origanus
503 1741 640 1785 pariter
664 1751 705 1775 ao
729 1741 899 1785 Mag-inus
924 1740 1075 1775 multum
1102 1747 1138 1775 et
1164 1742 1241 1785 ipse
1266 1741 1392 1775 tribuit
1417 1741 1649 1785 astrologiae,
1685 1741 1741 1775 cui
1771 1739 1883 1774 inser-

81 1801 225 1836 viebant
248 1800 362 1845 ipsius
395 1803 432 1835 et
457 1800 592 1843 Magini
619 1799 891 1843 Ephemerides,
920 1799 1050 1843 quibus
1075 1799 1210 1834 factum
1237 1809 1317 1834 esse
1343 1798 1565 1842 crediderim,
1593 1804 1629 1833 ut
1648 1798 1796 1842 Kepleri
1822 1798 1882 1832 ad-

80 1860 152 1894 huc
176 1859 400 1904 temporibus
430 1858 608 1893 coleretur
633 1864 743 1902 atque
769 1858 985 1893 auctoritate
1003 1858 1147 1893 floreret
1166 1857 1367 1900 astrologia,
1395 1866 1500 1900 quam
1521 1856 1698 1899 Origanus
1716 1856 1750 1889 in
1767 1856 1882 1899 primo

81 1917 365 1962 Ephemeridum
401 1916 582 1951 volumine
609 1916 712 1960 quasi
738 1917 782 1951 ad
808 1921 919 1951 artem
947 1921 983 1950 et
1007 1921 1202 1961 praecepta
1228 1918 1385 1950 revocat.
1434 1914 1553 1948 Pauca
1580 1924 1623 1948 ex
1657 1914 1724 1948 hac
1753 1914 1882 1955 „intro-

81 1976 249 2011 ductione
277 1977 315 2010 in
341 1974 630 2019 Ephemeridas“
658 1974 821 2018 longiore
846 1974 914 2008 vol.
941 1974 967 2009 Ι.
995 1985 1030 2018 p.
1057 1975 1125 2010 294
1157 1974 1411 2019 proposuimus
1444 1972 1558 2015 iisque
1584 1972 1673 2006 haec
1699 1971 1880 2015 subjungi-

82 2045 176 2069 mus.
230 2033 408 2077 Origanus
436 2043 545 2077 quum
570 2043 686 2077 neque
711 2032 747 2066 in
773 2032 988 2075 Ptolemaei,
1022 2043 1138 2077 neque
1173 2033 1208 2066 in
1235 2032 1440 2076 Copernici,
1479 2041 1594 2075 neque
1620 2031 1799 2075 Tychonis
1825 2040 1881 2064 ac-

86 2092 251 2137 quiescat
278 2091 419 2126 ratione
444 2090 488 2124 de
514 2090 660 2134 mundo,
685 2101 813 2125 novam
832 2090 1059 2135 excogitavit,
1087 2100 1191 2134 quam
1211 2090 1413 2124 consentire
1442 2089 1594 2124 affirmat
1621 2099 1700 2123 cum
1725 2087 1883 2133 physicis

83 2149 289 2195 principiis,
321 2153 396 2183 tum
422 2148 542 2183 verbis
570 2149 604 2182 S.
633 2149 852 2193 Scripturae.
904 2148 963 2190 „Si
988 2158 1073 2191 rem,
1100 2147 1233 2191 inquit,
1261 2148 1461 2182 accuratius
1489 2146 1753 2191 expendamus,
1786 2145 1881 2180 vide-

84 2219 163 2244 mus
199 2213 335 2243 motum
367 2209 412 2243 ab
440 2218 572 2243 occasu
595 2208 631 2242 in
660 2212 775 2242 ortum
808 2207 953 2241 unicum
984 2216 1180 2252 agnoscere
1215 2212 1379 2241 naturam
1412 2206 1636 2250 eundemque
1670 2216 1739 2239 non
1776 2204 1880 2239 modo

88 2267 203 2302 stellis
230 2267 410 2310 omnibus,
447 2267 510 2301 sed
541 2270 577 2300 et
603 2267 736 2300 Terrae
760 2266 906 2309 proprie
931 2264 1137 2310 convenire,
1174 2265 1326 2300 alterum
1360 2275 1443 2299 vero
1470 2265 1513 2299 ab
1540 2270 1621 2299 ortu
1654 2265 1689 2298 in
1716 2273 1881 2297 occasum

86 2324 285 2360 secundum
310 2324 558 2368 apparentiam
583 2324 832 2358 tantummodo
857 2324 976 2358 inesse
1001 2322 1128 2358 stellis.
1170 2323 1284 2357 Nemo
1310 2324 1492 2358 hominum
1523 2328 1620 2356 recte
1641 2320 1880 2366 judicantium

86 2384 130 2418 de
156 2383 289 2417 Terrae
320 2382 542 2417 rotunditate
569 2381 727 2426 dubitat,
754 2391 867 2426 eaque
892 2381 1006 2416 forma
1031 2381 1124 2417 hanc
1149 2382 1373 2426 potissimum
1399 2381 1443 2415 ob
1471 2391 1615 2416 causam
1640 2380 1773 2414 Terrae
1798 2388 1880 2412 con-

86 2451 189 2476 cessa
215 2445 280 2483 est,
315 2444 355 2475 ut
381 2440 425 2474 ad
451 2445 587 2475 motum
613 2445 649 2474 et
675 2440 1031 2484 circumgyrationem
1067 2445 1163 2474 esset
1194 2440 1389 2484 aptissima.
1442 2440 1529 2474 Cum
1555 2439 1666 2472 Terra
1696 2441 1810 2471 aerem
1837 2445 1880 2469 ex

88 2499 183 2534 omni
200 2503 304 2543 parte
325 2498 579 2533 circumfusum
597 2499 741 2541 habeat,
762 2498 849 2532 nihil
867 2503 921 2532 est
939 2498 1035 2541 quod
1054 2498 1130 2541 ejus
1147 2503 1282 2533 motum
1301 2498 1510 2532 circularem
1529 2495 1710 2540 impediat,
1738 2494 1879 2538 quando

89 2557 244 2592 maxime
270 2561 551 2592 consentaneum
588 2562 658 2600 est,
696 2567 774 2592 eam
800 2556 911 2591 semel
938 2567 958 2590 a.
983 2561 1111 2590 natura
1135 2555 1170 2589 in
1193 2559 1273 2589 aere
1306 2555 1495 2600 impulsam
1529 2564 1708 2597 nunquam
1734 2557 1880 2597 propter

85 2614 341 2651 rotunditatem
376 2617 412 2649 et
436 2615 670 2659 aptitudinem
702 2614 800 2650 illam
832 2616 877 2650 ad
908 2619 1042 2649 motum
1068 2615 1269 2657 quiescere,
1304 2614 1367 2648 sed
1402 2623 1545 2657 semper
1569 2611 1711 2645 moveri.
1763 2611 1878 2644 Causa

86 2678 205 2708 motus
241 2672 436 2717 praecipua
470 2677 506 2707 et
530 2674 645 2717 prima
671 2679 725 2709 est
749 2674 951 2717 proprietas
978 2677 1012 2707 et
1036 2673 1088 2706 vis
1119 2672 1181 2706 illa
1216 2671 1400 2714 mirabilis,
1439 2681 1508 2713 qua
1533 2669 1647 2702 Terra
1679 2672 1877 2711 magnetem

87 2731 143 2767 vel
169 2731 290 2775 potius
316 2729 463 2764 Terram
488 2731 566 2774 ipse
592 2742 738 2775 magnes
763 2731 932 2766 imitatur.
984 2729 1185 2774 Geographi
1212 2734 1400 2769 testantur,
1429 2729 1464 2761 in
1489 2725 1651 2761 terrestri
1675 2725 1780 2769 globo
1807 2736 1878 2761 non

87 2791 243 2825 humano
276 2788 440 2829 arbitrio,
475 2787 538 2822 sed
563 2799 585 2822 a
608 2794 736 2822 natura
760 2789 839 2832 ipsa
864 2789 1059 2823 constituta
1085 2798 1164 2822 esse
1189 2791 1438 2831 aequatorem‚
1466 2784 1679 2819 meridianos
1705 2788 1740 2818 et
1764 2784 1876 2828 polos,

90 2857 183 2892 quae
209 2846 326 2881 omnia
351 2846 458 2880 tacito
486 2846 629 2889 quidem
655 2851 692 2880 at
719 2846 877 2880 unanimi
903 2856 1081 2880 consensu
1108 2855 1149 2879 eo
1174 2844 1344 2888 tendunt,
1379 2848 1417 2877 ut
1443 2847 1577 2876 motum
1604 2841 1803 2877 naturalem
1827 2842 1877 2876 in-

89 2910 220 2949 nuant,
254 2905 306 2939 ita
330 2908 370 2938 ut
395 2907 514 2938 motus
541 2903 871 2948 circumgyrationis
897 2904 1030 2938 Terrae
1064 2902 1271 2945 neutiquam
1298 2900 1467 2943 denegari
1496 2900 1631 2944 possit,
1668 2900 1877 2943 praesertim

89 2974 170 2999 cum
187 2967 353 2998 naturam
370 2961 458 2996 nihil
474 2961 665 3004 incassum,
693 2960 755 2996 sed
783 2961 870 2995 certi
896 2962 975 2995 finis
995 2970 1104 2995 causa
1128 2960 1244 2994 moliri
1270 2964 1305 2994 et
1323 2969 1429 3003 agere
1447 2958 1628 2993 videamus
1649 2987 1654 2992 .
1677 2987 1682 2993 .
1704 2985 1712 2993 .
1733 2987 1739 2993 .
1780 2958 1877 2993 Inest

91 3022 209 3056 anima
238 3009 414 3065 quaedam
439 3019 571 3053 Terrae
603 3029 751 3054 movens
783 3019 817 3052 in
844 3019 1014 3053 circulum
1049 3027 1157 3061 super
1188 3027 1254 3050 axe
1281 3022 1315 3051 et
1347 3021 1469 3051 centro
1502 3027 1567 3051 suo
1593 3016 1767 3061 perpetim
1792 3016 1875 3059 fixo,

94 3079 280 3116 stellarum
305 3089 389 3113 vero
415 3078 553 3112 animae
578 3076 701 3111 stellas
726 3082 798 3112 tam
825 3076 995 3111 erraticas
1027 3086 1133 3120 quam
1166 3075 1257 3109 fixas
1281 3078 1380 3108 motu
1407 3074 1560 3117 quodam
1585 3073 1815 3118 profectionis
1840 3074 1875 3108 in

92 3137 262 3176 circulum
287 3141 414 3180 agunt,
448 3146 518 3180 qua
550 3135 746 3181 agitatione
778 3135 915 3170 animae
947 3134 1015 3177 hae
1041 3144 1163 3170 omnes
1189 3132 1465 3178 pulcherrimam
1490 3133 1584 3168 hanc
1608 3136 1766 3168 motuum
1792 3131 1874 3167 har-
