2126 3388
241 181 325 229 906
912 190 994 227 Vita
1018 191 1169 228 Joannis
1194 190 1352 239 Kepleri.

243 306 406 353 abirem,
439 306 517 344 filio
548 317 654 354 meo,
699 319 812 357 quem
844 311 882 347 in
913 313 1076 350 transitu
1104 312 1296 361 jusseram
1327 323 1388 350 me
1420 314 1665 360 exspectare,
1711 314 1760 349 13
1792 309 2022 349 florenorum

242 377 440 410 summam,
483 376 598 412 quam
630 364 785 404 deberet
817 367 996 416 diversis,
1029 370 1245 409 ostendenti
1285 370 1439 420 permisi
1472 367 1720 407 Stuecardiae
1760 369 1922 406 florenos
1956 373 2022 415 20,

242 423 456 460 obtestatus
489 434 594 470 eum,
628 430 668 461 ut
699 430 818 463 totam
842 438 1029 466 summam
1051 428 1121 466 tibi
1141 429 1319 477 traderet,
1352 433 1394 465 ut
1425 428 1485 465 cui
1518 426 1680 464 debeam
1712 426 1876 475 amplius
1908 427 2022 464 etiam

241 479 397 527 aliquid.
458 479 547 517 Jam
582 485 622 518 ut
655 493 740 520 eum
772 483 952 533 Eslingae
983 485 1147 523 reditum
1178 498 1304 525 meum
1336 489 1622 534 exspectantem
1665 484 1827 530 offendi,
1867 485 2023 533 negavit

243 544 278 573 tc
319 536 419 574 domi
457 542 538 574 tum
580 539 697 577 fuisse
737 552 856 590 seque
888 542 984 580 dixit
1015 545 1216 591 omnibus,
1260 546 1376 583 etiam
1408 543 1455 580 D.
1491 542 1696 580 Thummio
1738 547 1775 579 et
1805 542 1875 579 tibi
1906 543 2023 579 satis-

241 596 386 640 fecisse,
421 594 651 634 documenta
684 601 811 636 omnia
843 600 1011 639 literaria
1043 604 1081 638 in
1113 604 1259 640 scriniis
1291 602 1433 640 habere
1454 600 1668 648 Tubingae.
1729 600 1942 648 Postquam
1975 598 2023 637 ad

239 663 406 689 sororem
438 665 562 691 meam
584 657 672 693 veni
695 656 951 704 Rosweldam,
985 659 1111 707 didici,
1144 660 1251 697 illum
1283 661 1438 709 insuper
1467 663 1543 696 tres
1575 657 1671 695 alios
1704 657 1867 696 florenos
1898 658 1946 694 ab
1979 668 2024 694 ea

241 711 454 748 extorsisse.
516 712 575 751 De
607 714 665 751 his
702 716 819 763 igitur
861 721 912 755 23
944 717 1097 755 florenis
1138 723 1318 767 exspecto
1359 719 1526 755 rationes
1559 727 1581 753 a
1612 715 1711 761 filio,
1753 716 1823 753 abs
1863 720 1901 753 te
1932 726 2023 752 vero

238 768 475 817 rescriptum,
508 783 648 809 verene
679 773 746 810 tibi
779 774 828 811 sit
859 775 1116 823 satisfactum,
1151 776 1254 825 quod
1285 775 1471 826 pervelim
1493 775 1608 812 etiam
1639 785 1706 823 per
1736 773 1918 811 idoneum
1950 773 2024 810 ali-

242 837 354 874 quem
378 838 399 863 a
423 827 470 865 D.
495 827 540 867 D.
564 829 769 868 Thummio
791 834 1008 881 cxpisceris.
1044 837 1111 871 Die
1128 832 2020 879 4.Martii1628haecdatKeplerusSchickardo:

244 912 252 920 .
277 912 284 920 .
310 913 349 922 ..
383 884 440 922 Ne
472 886 540 923 tlhi
573 887 639 924 fiat
671 889 820 937 injuria,
856 890 942 928 dedi
975 895 1026 929 ‘20
1050 893 1130 932 flor,
1163 892 1292 942 legato
1317 892 1666 941 Argentincnsium.
1708 890 1819 939 Rogo
1842 894 1884 926 ut
1905 889 2024 926 filium

241 953 367 979 meum
399 954 444 980 co
476 943 630 993 affigas,
673 952 715 984 ut
756 949 922 986 rationes
964 961 1216 999 expensorum
1258 950 1407 988 illorum
1447 954 1498 988 ‘23
1532 950 1759 987 florenorum
1798 959 1915 984 manu
1956 958 2027 984 sua

239 1001 399 1049 scriptas
421 1001 491 1039 tibi
513 1003 693 1042 exhibeat
698 1033 830 1044 .....
888 1007 946 1045 De
977 1007 1036 1045 his
1061 1013 1111 1046 20
1136 1009 1288 1047 florenis
1321 1007 1424 1057 quod
1453 1008 1523 1045 erit
1543 1007 1737 1046 residuum
1767 1005 1805 1042 id
1838 1005 1917 1043 filio
1939 1016 2025 1042 meo

240 1068 314 1094 non
337 1058 447 1096 aliter
467 1062 633 1108 permitti
658 1062 784 1111 velim,
819 1065 891 1101 nisi
914 1067 1064 1114 quoties
1084 1066 1248 1105 schedas
1269 1066 1440 1104 attulerit
1470 1071 1664 1103 sumtuum
1695 1065 1930 1102 notoriorum
1963 1063 2025 1100 vel

241 1127 312 1153 sua
341 1128 457 1154 manu
490 1120 662 1167 signatas
695 1133 778 1158 cum
811 1123 1026 1172 subscripto
1060 1124 1133 1172 die,
1168 1124 1228 1162 vel
1259 1125 1307 1162 ab
1339 1125 1398 1170 iis⁷
1432 1124 1572 1172 quibus
1605 1123 1730 1161 debet.
1783 1121 1843 1159 Ita
1875 1121 1951 1169 fiet,
1985 1125 2024 1158 ut

242 1180 281 1210 tu
313 1175 364 1212 sis
398 1180 502 1213 tutus
534 1189 556 1214 a
587 1178 892 1227 flagitationibus
924 1182 1045 1231 ipsius
1079 1182 1320 1221 creditorum.
1369 1185 1453 1228 (Cfr.
1481 1184 1551 1220 vol.
1576 1184 1636 1219 VI.
1665 1196 1700 1229 p.
1727 1183 1863 1227 624.)²³²)

377 1289 406 1330 *j
434 1291 482 1321 De
508 1293 579 1323 vita
603 1294 820 1326 Ludovici
847 1296 1026 1338 Kepleri
1052 1298 1133 1328 haec
1166 1299 1388 1340 excerpsimus
1416 1307 1431 1327 e
1460 1301 1718 1338 „programmate
1742 1298 1776 1327 in
1804 1297 1929 1327 obitum
1956 1297 2025 1334 ejus

242 1337 282 1366 ab
308 1337 476 1367 academia
501 1339 767 1378 Regiomontana
790 1344 924 1382 publice
949 1345 1161 1384 proposito“:
1200 1347 1296 1375 Anno
1325 1345 1438 1382 1612.ι
1454 1343 1625 1374 Caustadii
1651 1345 1685 1374 in
1709 1343 1861 1374 Moravia
1886 1352 1904 1373 a
1928 1343 2027 1373 vidua

243 1384 491 1414 Pauritschiana
516 1391 548 1415 et
572 1396 659 1417 anno
681 1390 781 1419 1613.
807 1389 839 1419 in
867 1390 1000 1420 civitate
1019 1391 1179 1421 Welsensi
1206 1401 1224 1421 a
1241 1392 1294 1425 ι10,
1314 1391 1571 1426 Sefflenthalero,
1599 1391 1668 1421 cive
1687 1391 1833 1429 eJusdem
1858 1390 2025 1430 primario,

242 1439 315 1459 cum
340 1439 447 1460 sorore
473 1432 686 1474 educabatur,
714 1435 815 1465 donec
839 1440 943 1476 pater.
970 1446 987 1466 a
1006 1438 1148 1468 comitiis
1173 1438 1473 1468 Ratisbonensibus
1499 1437 1602 1467 redux
1619 1437 1735 1476 faetus,
1762 1436 1868 1467 filium
1894 1437 2027 1466 domum

240 1480 417 1518 revocaret,
444 1481 479 1508 ut
504 1480 632 1518 privata
655 1483 794 1522 partim,
819 1484 939 1523 partim
965 1482 1099 1522 publica
1122 1485 1155 1514 111
1181 1485 1351 1519 Linciensi
1375 1484 1543 1522 gymnasio
1570 1484 1802 1514 informatione
1827 1483 1967 1513 feliciter
1992 1483 2027 1511 111

241 1523 423 1553 studiorum
458 1534 553 1555 cursu
588 1527 846 1568 progrederetur.
899 1530 992 1559 Anno
1022 1532 1122 1562 1619.
1158 1541 1230 1561 011111
1254 1535 1347 1572 patre
1372 1531 1607 1570 Ratisbonam⁷
1639 1533 1709 1560 tum
1736 1531 1835 1561 1624.
1862 1531 2026 1559 Viennam

242 1579 312 1599 sese
339 1571 506 1602 conserens
538 1574 570 1603 in
598 1576 734 1614 poeseos
760 1584 798 1605 ac
823 1575 1057 1616 philosophiae
1084 1579 1266 1615 exercitiis,
1302 1581 1372 1607 tum
1404 1580 1435 1606 et
1467 1580 1536 1606 arte
1570 1575 1751 1617 sculptoria
1780 1581 1847 1606 tam
1879 1577 2026 1614 egregios

241 1616 318 1645 fecit
341 1617 521 1657 profectus,
547 1624 583 1650 ut
608 1630 682 1651 eum
709 1620 867 1652 emblema
892 1622 1061 1663 quoddam
1087 1633 1127 1654 ex
1152 1625 1311 1654 instinctu
1336 1624 1442 1664 patris
1467 1633 1485 1652 a
1510 1632 1543 1653 se
1569 1624 1690 1653 affabre
1715 1622 1919 1654 elaboratum
1945 1621 2026 1653 Cae-

244 1662 310 1691 sari
338 1662 522 1705 obtulisset,
550 1670 579 1697 ct
604 1668 742 1704 gratiam
768 1672 798 1697 et
822 1670 1003 1709 praemium
1030 1671 1109 1701 satis
1134 1669 1279 1711 amplum
1306 1671 1381 1700 inde
1399 1670 1586 1710 reportarit.
1625 1671 1720 1699 Anno
1742 1671 1840 1701 1626.
1868 1670 1939 1710 ipse
1965 1679 2027 1710 ope

241 1708 413 1746 cuiusdam
438 1713 562 1743 nobilis
588 1717 755 1744 matronae
781 1715 854 1755 ipso
882 1716 978 1745 etiam
1004 1719 1095 1756 patre
1122 1717 1226 1747 inscio
1254 1714 1298 1757 (v,
1327 1716 1364 1757 s)
1392 1725 1460 1746 sese
1487 1716 1646 1746 subduxit
1671 1725 1709 1746 ac
1734 1726 1791 1756 per
1818 1717 1891 1746 avia
1916 1716 2025 1745 Ratis-

240 1756 358 1784 bonam
384 1758 501 1796 primo,
528 1760 606 1790 111110
633 1760 819 1791 Altorffinm
848 1766 878 1791 et
903 1771 967 1791 non
997 1763 1051 1792 diu
1079 1768 1153 1802 post
1180 1763 1425 1794 Snltzbachium
1453 1772 1521 1792 sese
1548 1763 1711 1801 romunt,
1747 1763 1805 1792 ubi
1831 1772 1849 1792 a
1874 1762 2027 1801 Principe

240 1801 480 1834 Neo-Palatino
507 1807 656 1844 Augusto
687 1809 829 1845 gratiose
861 1813 1033 1849 susceptus
1069 1810 1225 1840 lectiones
1257 1806 1410 1850 publicas
1436 1810 1470 1839 in
1495 1810 1664 1847 gymnasio
1702 1818 1760 1850 per
1785 1810 1948 1846 integrum
1974 1817 2025 1838 se-

241 1851 357 1877 mestre
382 1850 519 1882 audivit.
569 1853 648 1883 Inde
674 1863 691 1883 a
716 1853 871 1895 Principe
899 1856 1184 1886 commendatitias
1219 1857 1372 1887 obtinens
1398 1855 1587 1894 Tubingam
1611 1856 1779 1896 profectus
1811 1859 1860 1886 est
1884 1854 2026 1885 ibidem-

240 1904 303 1934 que
329 1904 413 1927 auno
442 1900 543 1930 1627.
570 1901 714 1940 primum
740 1902 772 1931 in
798 1901 1013 1942 philosophia
1038 1903 1175 1943 gradum
1202 1904 1347 1934 obtinuit
1372 1912 1409 1933 ac
1433 1902 1615 1941 magisterii
1648 1900 1745 1932 titulo
1777 1911 1844 1933 non
1871 1901 1927 1932 diu
1953 1906 2025 1941 post

240 1943 305 1977 (11.
332 1940 429 1975 Febr.
459 1947 570 1981 1629.)
597 1950 645 1976 est
670 1950 813 1979 ornatus.

379 1991 560 2031 Collegium
588 1993 752 2024 Medicum
778 1995 839 2025 hoc
865 1996 1054 2025 testimonio
1082 1995 1219 2026 dimittit
1244 1995 1449 2025 Ludovicum
1476 1996 1627 2034 Tubinga
1654 1996 1849 2026 abeuntem:

380 2039 541 2081 Decanus,
568 2039 776 2071 Professores
801 2044 832 2070 et.
856 2039 1016 2072 Doctores
1043 2043 1165 2072 Incluti
1190 2041 1318 2080 collegii
1345 2041 1469 2072 Medici
1493 2043 1714 2080 Tubingensis
1739 2042 1937 2072 Academiae
1962 2040 2027 2071 Be-

241 2086 357 2117 nevolo
384 2086 512 2116 Lectori
541 2097 613 2117 cum
639 2087 750 2117 debita
775 2088 906 2117 honoris
933 2093 965 2118 et
990 2087 1174 2119 officiorum
1201 2089 1381 2120 oblatione.

375 2131 440 2171 Qui
465 2133 522 2163 has
549 2134 717 2164 exhibebit
740 2132 866 2167 literas.
892 2134 1164 2166 Humanissimus
1189 2139 1220 2164 et
1245 2136 1465 2166 Doctissimus
1484 2136 1543 2165 Vir
1560 2135 1710 2175 Juvenis,
1737 2135 1899 2166 Dominus
1917 2135 2026 2166 Ludo-

238 2180 330 2209 x‘icus
355 2178 663 2219 Praga-Bohemus,
699 2180 808 2218 Magni
844 2181 933 2210 illius
964 2182 1109 2212 Atlantis
1147 2185 1178 2212 et
1203 2180 1374 2212 Caesariae.
1400 2182 1584 2221 Majestatis
1612 2181 1856 2220 Mathematici,
1891 2182 2025 2212 Domini

238 2227 398 2256 Johannis
417 2225 577 2266 Keppleri
601 2226 701 2265 filius,
726 2231 800 2256 ante
827 2231 980 2257 semestre
998 2228 1085 2268 apud
1111 2238 1171 2258 nos
1197 2237 1292 2258 suum
1318 2228 1486 2269 professus
1511 2237 1629 2258 nomen
1654 2228 1688 2257 in
1715 2231 1846 2258 sanctae
1865 2228 2026 2266 Hygieiae

239 2271 400 2302 cultorum
426 2276 578 2313 receptus
604 2276 653 2303 est
677 2282 857 2303 numerum.
898 2274 1028 2304 Interea
1053 2275 1212 2315 temporis
1238 2284 1332 2305 suum
1359 2275 1455 2305 nobis
1479 2278 1550 2305 tum
1576 2274 1721 2304 studium
1748 2275 1782 2304 in
1801 2275 1937 2305 colenda
1954 2276 2025 2315 pie--

238 2322 307 2349 tate
333 2329 371 2349 ac
395 2320 541 2350 honestis
566 2321 724 2358 moribus,
751 2321 942 2361 cumprimis
968 2330 1042 2351 vero
1068 2322 1255 2351 inaffectata
1279 2321 1339 2351 illa
1363 2322 1516 2351 comitate
1542 2324 1573 2351 et
1598 2320 1749 2360 candore,
1775 2323 1846 2351 tum
1863 2325 1930 2351 arte
1957 2322 2025 2352 dis-

240 2365 341 2396 cenda
366 2369 477 2395 nostra
504 2366 640 2406 medica,
668 2371 699 2396 et
723 2367 898 2396 audiendis
924 2367 1122 2398 lectionibus
1147 2368 1293 2408 publicis
1319 2367 1466 2397 ardorem
1486 2371 1516 2397 et
1543 2366 1748 2405 diligentiam
1766 2377 1824 2406 pro
1842 2367 1931 2398 virili
1947 2378 2025 2409 pro-

239 2412 340 2444 bavit.
389 2411 433 2441 Et
457 2412 523 2442 nisi
548 2413 628 2442 alibi
655 2414 683 2442 ei
709 2414 839 2443 occasio
866 2414 989 2443 minore
1016 2418 1125 2444 sumtu
1152 2414 1261 2444 studia
1287 2414 1506 2444 continuandi
1532 2412 1643 2443 oblata
1665 2417 1761 2454 esset,
1786 2412 1928 2444 libenter
1953 2424 2026 2444 enm

239 2461 273 2487 ut
300 2459 440 2488 fovimus
466 2459 635 2499 hactenus,
662 2460 708 2489 sie
734 2459 889 2500 deinceps
915 2461 1014 2490 etiam
1043 2461 1249 2491 fovissemus.
1292 2460 1357 2491 Sed
1388 2469 1476 2490 1111110
1503 2460 1681 2490 commodis
1709 2462 1778 2498 ejus
1803 2461 1849 2490 ita
1873 2461 2024 2498 flagitan-

239 2506 328 2535 tibus
354 2505 442 2534 bona
466 2506 574 2545 ipsum
601 2506 798 2536 dimittimus
825 2516 897 2535 cum
923 2508 1041 2544 gratia,
1069 2507 1221 2537 omnibus
1242 2507 1338 2537 bonis
1365 2510 1396 2537 et
1424 2507 1528 2537 doctis
1555 2509 1782 2547 cujuscunque
1807 2507 1942 2541 ordinis.
1968 2508 2026 2547 qui

240 2561 312 2581 eum
339 2560 473 2591 quoquo
491 2552 588 2582 modo
611 2554 726 2590 ,iuvare
744 2554 923 2592 potuerint,
949 2552 1063 2583 sedulo
1083 2553 1369 2588 commendamus3
1396 2562 1461 2583 non
1488 2553 1694 2588 dubitantes,
1720 2553 1798 2592 quin
1827 2563 1901 2591 erga
1925 2554 2025 2583 bene-

240 2597 376 2628 factores
404 2607 479 2628 suos
505 2599 566 2629 ita.
592 2601 640 2628 uti
668 2599 774 2639 decet,
809 2604 938 2637 gratum
966 2609 998 2629 se
1024 2600 1245 2640 praestiturus
1277 2604 1307 2629 et
1332 2600 1511 2640 aliquando
1544 2600 1671 2637 ingenti
1695 2599 1754 2629 Rei
1781 2600 1964 2630 LiterarIae
1989 2610 2025 2630 ac

240 2645 402 2683 publicae,
428 2647 585 2684 paternas
612 2646 780 2675 aemulans
805 2646 953 2687 Virtutes,
982 2649 1171 2676 ornamento
1198 2655 1271 2676 cum
1296 2647 1383 2676 bono
1408 2645 1539 2676 futurus
1566 2647 1608 2675 sit
1635 2645 1716 2676 Deo,
1751 2645 1824 2684 Quo
1842 2649 1923 2676 teste
1944 2646 2023 2676 haec

240 2691 441 2732 scripsimus,
470 2694 501 2720 et
518 2690 627 2728 sigillo
646 2690 811 2722 facultatis
830 2696 963 2722 nostrae
980 2693 1212 2729 insignivimus
1230 2691 1376 2732 publico.
1405 2692 1575 2731 Tubingae
1595 2692 1651 2725 Vl.
1670 2692 1720 2723 Id.
1740 2693 1844 2732 April.
1872 2692 2025 2731 Epochae

241 2736 442 2766 Christianae
468 2736 685 2768 MDCXXIX.

377 2783 563 2813 Medicinae
589 2784 733 2814 studium
759 2794 930 2822 aggressus
956 2788 1005 2815 est
1022 2788 1053 2815 et
1072 2785 1213 2825 ephorus
1239 2785 1436 2815 constitutus
1454 2785 1508 2816 ι10.
1527 2785 1683 2815 Dieterici
1703 2794 1721 2814 a
1737 2783 1907 2824 Karpst‘en,
1934 2783 2023 2814 dica-

242 2830 330 2858 510111
357 2829 674 2867 wurtembergensis
704 2831 866 2869 praesidis
899 2831 1024 2861 emeriti
1058 2829 1120 2860 filii
1146 2832 1252 2871 unici‚
1287 2840 1359 2861 cnm
1392 2841 1456 2872 quo
1484 2840 1572 2861 anno
1597 2832 1685 2862 1630
1711 2831 1743 2860 in
1777 2830 1916 2864 Galliam
1943 2840 2021 2860 eun-

243 2875 318 2904 ‹lnm
344 2879 420 2906 erat.
466 2877 508 2905 At
533 2877 657 2915 placuit
684 2877 789 2906 eidem
810 2877 957 2906 Basileae
984 2878 1172 2915 subsistere,
1200 2878 1255 2907 ubi
1275 2873 1403 2907 'annum
1424 2879 1584 2916 integrum
1605 2878 1667 2907 arti
1688 2877 1874 2907 medicinali
1892 2886 2024 2917 operam

245 2921 345 2954 dedit,
394 2921 514 2951 Postea
540 2923 753 2960 Argentinam
778 2932 968 2963 progressus
988 2921 1225 2963 (Berneggerus
1252 2924 1349 2953 refert
1367 2923 1565 2954 Schiekardo
1590 2922 1697 2964 Aprili
1718 2924 1818 2962 1631,
1845 2921 2023 2963 Keplernm

240 2968 402 3003 juniorem
422 2968 567 2997 Basileae
586 2970 668 2999 aeris
686 2968 787 2998 alieni
807 2967 1059 2999 difficultatibus
1085 2968 1248 3007 laborare,
1273 2970 1308 2999 in
1326 2970 1447 3010 quibus
1474 2979 1569 3010 opem
1595 2978 1687 3000 suam
1712 2969 1939 3009 imploraverit
1965 2968 2023 2998 ali-

244 3014 382 3052 quoties.
420 3013 531 3043 Mense
556 3013 666 3045 Julio:
694 3016 828 3055 Kopleri
854 3017 957 3045 nostri
982 3018 1119 3053 statum,
1145 3025 1231 3046 nunc
1256 3017 1430 3046 nobiscum
1455 3017 1601 3054 agentis⁷
1627 3024 1664 3045 ex
1690 3015 1864 3053 ipsiusmet
1888 3024 2022 3055 respon-

245 3059 335 3087 sione
359 3068 542 3096 cognosces.
593 3059 792 3091 Basilienses
819 3062 860 3091 ob
886 3062 1097 3102 inopinatum
1132 3064 1201 3099 eJ'us
1235 3062 1360 3091 abitum
1391 3063 1494 3092 iratos
1528 3063 1574 3092 sic
1607 3061 1686 3091 satis
1716 3059 1845 3100 placavi
1871 3061 2023 3102 datisque

245 3104 283 3132 ad
308 3107 465 3134 rectorem
489 3104 594 3135 literis
620 3108 773 3145 promisi⁷
809 3109 938 3137 nonnisi
976 3106 1091 3138 solutis
1117 3108 1350 3138 Basiliensinm
1376 3108 1497 3138 debitis
1524 3108 1677 3137 omnibus
1703 3115 1776 3136 eum
1803 3116 1841 3136 ex
1867 3108 1947 3138 urbe
1971 3117 2023 3138 me

246 3149 476 3191 dimissurum),
503 3160 574 3181 cum
594 3151 850 3192 disputationem
877 3153 1044 3184 solennem
1069 3154 1278 3196 instituisset,
1303 3154 1435 3184 interim
1462 3153 1502 3184 de
1517 3155 1620 3183 morte
1644 3153 1748 3193 patris
1773 3154 1892 3185 certior
1917 3154 2022 3185 factus
