<?xml version="1.0" encoding="UTF-8"?>
<!DOCTYPE html PUBLIC "-//W3C//DTD XHTML 1.0 Transitional//EN"
    "http://www.w3.org/TR/xhtml1/DTD/xhtml1-transitional.dtd">
<html xmlns="http://www.w3.org/1999/xhtml" xml:lang="en" lang="en">
 <head>
  <title>
</title>
<meta http-equiv="Content-Type" content="text/html;charset=utf-8" />
  <meta name='ocr-system' content='tesseract 3.04.00' />
  <meta name='ocr-capabilities' content='ocr_page ocr_carea ocr_par ocr_line ocrx_word'/>
</head>
<body>
  <div class='ocr_page' id='page_1' title='image "./p2operaomniaedid08kepluoft_0400.png"; bbox 0 0 2126 3388; ppageno 0'>
   <div class='ocr_carea' id='block_1_1' title="bbox 251 197 1376 247">
    <p class='ocr_par' dir='ltr' id='par_1_1' title="bbox 251 197 1376 247">
     <span class='ocr_line' id='line_1_1' title="bbox 251 197 1376 247; baseline -0.005 -6"><span class='ocrx_word' id='word_1_1' title='bbox 251 203 338 247; x_wconf 84' lang='grc'>946</span> <span class='ocrx_word' id='word_1_2' title='bbox 931 200 1015 234; x_wconf 83' lang='lat' dir='ltr'>Vita,</span> <span class='ocrx_word' id='word_1_3' title='bbox 1038 197 1061 234; x_wconf 87' lang='lat' dir='ltr'><strong>J</strong></span> <span class='ocrx_word' id='word_1_4' title='bbox 1065 199 1190 235; x_wconf 86' lang='lat' dir='ltr'>oannis</span> <span class='ocrx_word' id='word_1_5' title='bbox 1215 198 1376 243; x_wconf 83' lang='lat' dir='ltr'>Kepleri.</span> 
     </span>
    </p>
   </div>
   <div class='ocr_carea' id='block_1_2' title="bbox 242 316 2041 3202">
    <p class='ocr_par' dir='ltr' id='par_1_2' title="bbox 250 316 2041 481">
     <span class='ocr_line' id='line_1_2' title="bbox 250 316 2041 367; baseline -0.002 -9"><span class='ocrx_word' id='word_1_6' title='bbox 250 321 372 360; x_wconf 90' lang='lat' dir='ltr'>lerum</span> <span class='ocrx_word' id='word_1_7' title='bbox 404 320 452 357; x_wconf 88' lang='lat' dir='ltr'>ab</span> <span class='ocrx_word' id='word_1_8' title='bbox 486 317 572 355; x_wconf 89' lang='lat' dir='ltr'>aliis</span> <span class='ocrx_word' id='word_1_9' title='bbox 604 317 846 367; x_wconf 88' lang='lat' dir='ltr'>scriptarum,</span> <span class='ocrx_word' id='word_1_10' title='bbox 881 327 966 353; x_wconf 88' lang='lat' dir='ltr'>cum</span> <span class='ocrx_word' id='word_1_11' title='bbox 997 317 1133 354; x_wconf 86' lang='lat' dir='ltr'>harum</span> <span class='ocrx_word' id='word_1_12' title='bbox 1165 316 1427 367; x_wconf 86' lang='lat' dir='ltr'>epistolarum,</span> <span class='ocrx_word' id='word_1_13' title='bbox 1462 326 1561 364; x_wconf 86' lang='lat' dir='ltr'>quae</span> <span class='ocrx_word' id='word_1_14' title='bbox 1583 320 1808 354; x_wconf 86' lang='lat' dir='ltr'>excrescunt</span> <span class='ocrx_word' id='word_1_15' title='bbox 1835 316 1885 354; x_wconf 87' lang='lat' dir='ltr'>ad</span> <span class='ocrx_word' id='word_1_16' title='bbox 1904 328 2041 354; x_wconf 91' lang='lat' dir='ltr'>nume-</span> 
     </span>
     <span class='ocr_line' id='line_1_3' title="bbox 251 373 2040 424; baseline -0.003 -8"><span class='ocrx_word' id='word_1_17' title='bbox 251 391 335 415; x_wconf 92' lang='lat' dir='ltr'>rum</span> <span class='ocrx_word' id='word_1_18' title='bbox 369 381 462 422; x_wconf 76' lang='lat'>483,</span> <span class='ocrx_word' id='word_1_19' title='bbox 495 376 654 412; x_wconf 90' lang='lat' dir='ltr'>minima</span> <span class='ocrx_word' id='word_1_20' title='bbox 686 386 775 424; x_wconf 90' lang='lat' dir='ltr'>pars</span> <span class='ocrx_word' id='word_1_21' title='bbox 807 375 930 424; x_wconf 89' lang='lat' dir='ltr'>ipsius</span> <span class='ocrx_word' id='word_1_22' title='bbox 963 375 1013 411; x_wconf 92' lang='lat' dir='ltr'>sit</span> <span class='ocrx_word' id='word_1_23' title='bbox 1045 377 1277 422; x_wconf 79' lang='lat' dir='ltr'>astronomi)</span> <span class='ocrx_word' id='word_1_24' title='bbox 1310 375 1465 423; x_wconf 85' lang='lat' dir='ltr'>saepius</span> <span class='ocrx_word' id='word_1_25' title='bbox 1488 373 1579 422; x_wconf 87' lang='lat' dir='ltr'>quid</span> <span class='ocrx_word' id='word_1_26' title='bbox 1601 373 1792 423; x_wconf 88' lang='lat' dir='ltr'>Keplerus</span> <span class='ocrx_word' id='word_1_27' title='bbox 1815 375 1896 424; x_wconf 91' lang='lat' dir='ltr'>ipse</span> <span class='ocrx_word' id='word_1_28' title='bbox 1918 376 2040 424; x_wconf 89' lang='lat' dir='ltr'>scrip-</span> 
     </span>
     <span class='ocr_line' id='line_1_4' title="bbox 250 431 1901 481; baseline -0.002 -8"><span class='ocrx_word' id='word_1_29' title='bbox 250 438 340 474; x_wconf 87' lang='lat' dir='ltr'>serit</span> <span class='ocrx_word' id='word_1_30' title='bbox 371 434 509 481; x_wconf 87' lang='lat' dir='ltr'>conjici</span> <span class='ocrx_word' id='word_1_31' title='bbox 542 438 579 470; x_wconf 90' lang='lat' dir='ltr'>et</span> <span class='ocrx_word' id='word_1_32' title='bbox 610 433 712 470; x_wconf 91' lang='lat' dir='ltr'>hunc</span> <span class='ocrx_word' id='word_1_33' title='bbox 745 434 784 469; x_wconf 90' lang='lat' dir='ltr'>in</span> <span class='ocrx_word' id='word_1_34' title='bbox 816 431 973 469; x_wconf 88' lang='lat' dir='ltr'>modum</span> <span class='ocrx_word' id='word_1_35' title='bbox 1006 443 1106 480; x_wconf 87' lang='lat' dir='ltr'>quae</span> <span class='ocrx_word' id='word_1_36' title='bbox 1138 444 1212 470; x_wconf 90' lang='lat' dir='ltr'>non</span> <span class='ocrx_word' id='word_1_37' title='bbox 1246 438 1333 469; x_wconf 84' lang='lat' dir='ltr'>suut</span> <span class='ocrx_word' id='word_1_38' title='bbox 1366 433 1514 480; x_wconf 85' lang='lat' dir='ltr'>integra</span> <span class='ocrx_word' id='word_1_39' title='bbox 1545 433 1695 469; x_wconf 91' lang='lat' dir='ltr'>restitui</span> <span class='ocrx_word' id='word_1_40' title='bbox 1728 437 1901 480; x_wconf 83' lang='lat' dir='ltr'>possunt.</span> 
     </span>
    </p>

    <p class='ocr_par' dir='ltr' id='par_1_3' title="bbox 244 489 2041 1165">
     <span class='ocr_line' id='line_1_5' title="bbox 393 489 2040 540; baseline 0 -13"><span class='ocrx_word' id='word_1_41' title='bbox 393 492 574 537; x_wconf 81' lang='lat' dir='ltr'>PrImum,</span> <span class='ocrx_word' id='word_1_42' title='bbox 606 496 648 527; x_wconf 87' lang='lat' dir='ltr'>ut</span> <span class='ocrx_word' id='word_1_43' title='bbox 680 490 726 528; x_wconf 87' lang='lat' dir='ltr'>de</span> <span class='ocrx_word' id='word_1_44' title='bbox 757 489 954 527; x_wconf 86' lang='lat' dir='ltr'>literarum</span> <span class='ocrx_word' id='word_1_45' title='bbox 985 490 1108 527; x_wconf 84' lang='lat' dir='ltr'>forma</span> <span class='ocrx_word' id='word_1_46' title='bbox 1140 495 1176 527; x_wconf 91' lang='lat' dir='ltr'>et</span> <span class='ocrx_word' id='word_1_47' title='bbox 1207 492 1336 540; x_wconf 87' lang='lat' dir='ltr'>specie</span> <span class='ocrx_word' id='word_1_48' title='bbox 1361 489 1543 535; x_wconf 88' lang='lat' dir='ltr'>dicamus,</span> <span class='ocrx_word' id='word_1_49' title='bbox 1577 489 1735 539; x_wconf 86' lang='lat' dir='ltr'>Kepleri</span> <span class='ocrx_word' id='word_1_50' title='bbox 1766 501 1901 526; x_wconf 87' lang='lat' dir='ltr'>manus</span> <span class='ocrx_word' id='word_1_51' title='bbox 1933 489 2040 527; x_wconf 87' lang='lat' dir='ltr'>firma</span> 
     </span>
     <span class='ocr_line' id='line_1_6' title="bbox 250 547 2041 597; baseline -0.001 -10"><span class='ocrx_word' id='word_1_52' title='bbox 250 555 307 587; x_wconf 87' lang='lat' dir='ltr'>est</span> <span class='ocrx_word' id='word_1_53' title='bbox 339 554 375 587; x_wconf 90' lang='lat' dir='ltr'>et</span> <span class='ocrx_word' id='word_1_54' title='bbox 405 549 514 586; x_wconf 84' lang='lat' dir='ltr'>sortis</span> <span class='ocrx_word' id='word_1_55' title='bbox 548 553 585 586; x_wconf 83' lang='lat' dir='ltr'>et</span> <span class='ocrx_word' id='word_1_56' title='bbox 615 548 718 585; x_wconf 90' lang='lat' dir='ltr'>lectu</span> <span class='ocrx_word' id='word_1_57' title='bbox 748 547 893 594; x_wconf 87' lang='lat' dir='ltr'>facilis,</span> <span class='ocrx_word' id='word_1_58' title='bbox 927 552 965 585; x_wconf 93' lang='lat' dir='ltr'>et</span> <span class='ocrx_word' id='word_1_59' title='bbox 995 547 1139 585; x_wconf 84' lang='lat' dir='ltr'>munda</span> <span class='ocrx_word' id='word_1_60' title='bbox 1171 555 1209 585; x_wconf 88' lang='lat' dir='ltr'>et</span> <span class='ocrx_word' id='word_1_61' title='bbox 1241 560 1263 585; x_wconf 88' lang='lat' dir='ltr'>a</span> <span class='ocrx_word' id='word_1_62' title='bbox 1295 548 1417 597; x_wconf 89' lang='lat' dir='ltr'>prima</span> <span class='ocrx_word' id='word_1_63' title='bbox 1449 547 1613 597; x_wconf 88' lang='lat' dir='ltr'>epistola</span> <span class='ocrx_word' id='word_1_64' title='bbox 1650 548 1867 597; x_wconf 81' lang='lat' dir='ltr'>posteritati</span> <span class='ocrx_word' id='word_1_65' title='bbox 1898 547 2041 585; x_wconf 84' lang='lat' dir='ltr'>tradita</span> 
     </span>
     <span class='ocr_line' id='line_1_7' title="bbox 248 604 2040 656; baseline -0.002 -11"><span class='ocrx_word' id='word_1_66' title='bbox 248 619 370 656; x_wconf 86' lang='lat' dir='ltr'>usque</span> <span class='ocrx_word' id='word_1_67' title='bbox 401 606 450 644; x_wconf 84' lang='lat' dir='ltr'>ad</span> <span class='ocrx_word' id='word_1_68' title='bbox 482 607 657 644; x_wconf 85' lang='lat' dir='ltr'>ultimam</span> <span class='ocrx_word' id='word_1_69' title='bbox 690 605 825 644; x_wconf 89' lang='lat' dir='ltr'>eadem</span> <span class='ocrx_word' id='word_1_70' title='bbox 857 607 1072 643; x_wconf 87' lang='lat' dir='ltr'>immutata.</span> <span class='ocrx_word' id='word_1_71' title='bbox 1135 605 1277 643; x_wconf 83' lang='lat' dir='ltr'>Scribit</span> <span class='ocrx_word' id='word_1_72' title='bbox 1309 611 1438 644; x_wconf 85' lang='lat' dir='ltr'>autem</span> <span class='ocrx_word' id='word_1_73' title='bbox 1471 606 1654 643; x_wconf 90' lang='lat' dir='ltr'>continuo</span> <span class='ocrx_word' id='word_1_74' title='bbox 1687 610 1724 643; x_wconf 90' lang='lat' dir='ltr'>et</span> <span class='ocrx_word' id='word_1_75' title='bbox 1755 607 1837 643; x_wconf 89' lang='lat' dir='ltr'>sine</span> <span class='ocrx_word' id='word_1_76' title='bbox 1869 604 1948 642; x_wconf 87' lang='lat' dir='ltr'>ulla</span> <span class='ocrx_word' id='word_1_77' title='bbox 1980 606 2040 641; x_wconf 92' lang='lat' dir='ltr'>in-</span> 
     </span>
     <span class='ocr_line' id='line_1_8' title="bbox 248 662 2038 714; baseline -0.001 -12"><span class='ocrx_word' id='word_1_78' title='bbox 248 664 534 714; x_wconf 76' lang='lat' dir='ltr'>terpellatione,</span> <span class='ocrx_word' id='word_1_79' title='bbox 577 665 630 701; x_wconf 87' lang='lat' dir='ltr'>ita</span> <span class='ocrx_word' id='word_1_80' title='bbox 663 668 704 700; x_wconf 93' lang='lat' dir='ltr'>ut</span> <span class='ocrx_word' id='word_1_81' title='bbox 735 665 773 699; x_wconf 90' lang='lat' dir='ltr'>in</span> <span class='ocrx_word' id='word_1_82' title='bbox 812 663 1049 711; x_wconf 83' lang='lat' dir='ltr'>longissimis</span> <span class='ocrx_word' id='word_1_83' title='bbox 1082 674 1237 712; x_wconf 84' lang='lat' dir='ltr'>quoque</span> <span class='ocrx_word' id='word_1_84' title='bbox 1271 662 1445 713; x_wconf 89' lang='lat' dir='ltr'>epistolis</span> <span class='ocrx_word' id='word_1_85' title='bbox 1486 675 1595 700; x_wconf 89' lang='lat' dir='ltr'>rarae</span> <span class='ocrx_word' id='word_1_86' title='bbox 1627 663 1705 700; x_wconf 88' lang='lat' dir='ltr'>sint</span> <span class='ocrx_word' id='word_1_87' title='bbox 1737 662 2038 708; x_wconf 78' lang='lat' dir='ltr'>emendationes,</span> 
     </span>
     <span class='ocr_line' id='line_1_9' title="bbox 247 720 2039 771; baseline -0.001 -13"><span class='ocrx_word' id='word_1_88' title='bbox 247 725 283 758; x_wconf 87' lang='lat' dir='ltr'>in</span> <span class='ocrx_word' id='word_1_89' title='bbox 317 723 528 759; x_wconf 88' lang='lat' dir='ltr'>levioribus</span> <span class='ocrx_word' id='word_1_90' title='bbox 550 733 625 759; x_wconf 89' lang='lat' dir='ltr'>non</span> <span class='ocrx_word' id='word_1_91' title='bbox 648 723 786 767; x_wconf 87' lang='lat' dir='ltr'>minus,</span> <span class='ocrx_word' id='word_1_92' title='bbox 821 733 935 770; x_wconf 89' lang='lat' dir='ltr'>quam</span> <span class='ocrx_word' id='word_1_93' title='bbox 959 733 1044 758; x_wconf 87' lang='lat' dir='ltr'>cum</span> <span class='ocrx_word' id='word_1_94' title='bbox 1067 721 1113 759; x_wconf 98' lang='grc'>(16</span> <span class='ocrx_word' id='word_1_95' title='bbox 1136 721 1372 759; x_wconf 87' lang='lat' dir='ltr'>difficillimis</span> <span class='ocrx_word' id='word_1_96' title='bbox 1394 721 1566 771; x_wconf 88' lang='lat' dir='ltr'>disputat</span> <span class='ocrx_word' id='word_1_97' title='bbox 1589 721 1714 766; x_wconf 88' lang='lat' dir='ltr'>rebus,</span> <span class='ocrx_word' id='word_1_98' title='bbox 1748 733 1847 769; x_wconf 87' lang='lat' dir='ltr'>quae</span> <span class='ocrx_word' id='word_1_99' title='bbox 1869 720 2039 771; x_wconf 89' lang='lat' dir='ltr'>plerum-</span> 
     </span>
     <span class='ocr_line' id='line_1_10' title="bbox 247 778 2039 829; baseline -0.001 -12"><span class='ocrx_word' id='word_1_100' title='bbox 247 792 322 828; x_wconf 85' lang='lat' dir='ltr'>que</span> <span class='ocrx_word' id='word_1_101' title='bbox 357 792 431 817; x_wconf 90' lang='lat' dir='ltr'>uno</span> <span class='ocrx_word' id='word_1_102' title='bbox 466 787 597 817; x_wconf 85' lang='lat' dir='ltr'>tenore</span> <span class='ocrx_word' id='word_1_103' title='bbox 630 791 648 816; x_wconf 92' lang='lat' dir='ltr'>e</span> <span class='ocrx_word' id='word_1_104' title='bbox 682 780 804 817; x_wconf 86' lang='lat' dir='ltr'>bucca</span> <span class='ocrx_word' id='word_1_105' title='bbox 837 781 1008 818; x_wconf 85' lang='lat' dir='ltr'>veniant.</span> <span class='ocrx_word' id='word_1_106' title='bbox 1070 779 1265 817; x_wconf 88' lang='lat' dir='ltr'>Interdum</span> <span class='ocrx_word' id='word_1_107' title='bbox 1299 780 1433 828; x_wconf 90' lang='lat' dir='ltr'>utique</span> <span class='ocrx_word' id='word_1_108' title='bbox 1465 779 1545 816; x_wconf 88' lang='lat' dir='ltr'>fieri</span> <span class='ocrx_word' id='word_1_109' title='bbox 1576 784 1717 829; x_wconf 90' lang='lat' dir='ltr'>potest,</span> <span class='ocrx_word' id='word_1_110' title='bbox 1752 784 1794 816; x_wconf 91' lang='lat' dir='ltr'>ut</span> <span class='ocrx_word' id='word_1_111' title='bbox 1825 779 1932 816; x_wconf 86' lang='lat' dir='ltr'>finito</span> <span class='ocrx_word' id='word_1_112' title='bbox 1965 778 2039 816; x_wconf 92' lang='lat' dir='ltr'>ali-</span> 
     </span>
     <span class='ocr_line' id='line_1_11' title="bbox 247 836 2039 889; baseline -0.001 -14"><span class='ocrx_word' id='word_1_113' title='bbox 247 849 324 886; x_wconf 89' lang='lat' dir='ltr'>quo</span> <span class='ocrx_word' id='word_1_114' title='bbox 359 839 484 887; x_wconf 87' lang='lat' dir='ltr'>capite</span> <span class='ocrx_word' id='word_1_115' title='bbox 516 839 644 875; x_wconf 88' lang='lat' dir='ltr'>subito</span> <span class='ocrx_word' id='word_1_116' title='bbox 667 837 875 874; x_wconf 86' lang='lat' dir='ltr'>exclamet:</span> <span class='ocrx_word' id='word_1_117' title='bbox 913 837 1045 885; x_wconf 85' lang='lat' dir='ltr'>„Nihil</span> <span class='ocrx_word' id='word_1_118' title='bbox 1068 838 1151 875; x_wconf 81' lang='lat' dir='ltr'>est“</span> <span class='ocrx_word' id='word_1_119' title='bbox 1187 842 1254 874; x_wconf 89' lang='lat' dir='ltr'>aut</span> <span class='ocrx_word' id='word_1_120' title='bbox 1279 838 1455 889; x_wconf 78' lang='lat' dir='ltr'>„Aliter“</span> <span class='ocrx_word' id='word_1_121' title='bbox 1492 842 1557 874; x_wconf 87' lang='lat' dir='ltr'>aut</span> <span class='ocrx_word' id='word_1_122' title='bbox 1591 836 1727 882; x_wconf 84' lang='lat' dir='ltr'>„Haec</span> <span class='ocrx_word' id='word_1_123' title='bbox 1749 836 1885 874; x_wconf 88' lang='lat' dir='ltr'>melius</span> <span class='ocrx_word' id='word_1_124' title='bbox 1918 837 2039 874; x_wconf 88' lang='lat' dir='ltr'>inter-</span> 
     </span>
     <span class='ocr_line' id='line_1_12' title="bbox 245 892 2038 946; baseline -0.001 -14"><span class='ocrx_word' id='word_1_125' title='bbox 245 892 456 946; x_wconf 76' lang='lat' dir='ltr'>pretanda“</span> <span class='ocrx_word' id='word_1_126' title='bbox 492 902 582 942; x_wconf 87' lang='lat' dir='ltr'>etc.,</span> <span class='ocrx_word' id='word_1_127' title='bbox 626 897 707 945; x_wconf 90' lang='lat' dir='ltr'>ipse</span> <span class='ocrx_word' id='word_1_128' title='bbox 750 907 790 932; x_wconf 90' lang='lat' dir='ltr'>se</span> <span class='ocrx_word' id='word_1_129' title='bbox 824 896 1032 932; x_wconf 85' lang='lat' dir='ltr'>emendans</span> <span class='ocrx_word' id='word_1_130' title='bbox 1065 900 1248 944; x_wconf 84' lang='lat' dir='ltr'>tanquam</span> <span class='ocrx_word' id='word_1_131' title='bbox 1282 907 1378 945; x_wconf 91' lang='lat' dir='ltr'>opus</span> <span class='ocrx_word' id='word_1_132' title='bbox 1411 899 1610 932; x_wconf 84' lang='lat' dir='ltr'>recenseat</span> <span class='ocrx_word' id='word_1_133' title='bbox 1651 894 1835 941; x_wconf 90' lang='lat' dir='ltr'>alienum,</span> <span class='ocrx_word' id='word_1_134' title='bbox 1864 900 1958 932; x_wconf 75' lang='lat' dir='ltr'>tum</span> <span class='ocrx_word' id='word_1_135' title='bbox 1990 893 2038 931; x_wconf 86' lang='lat' dir='ltr'>ad</span> 
     </span>
     <span class='ocr_line' id='line_1_13' title="bbox 246 952 2039 1003; baseline -0.001 -13"><span class='ocrx_word' id='word_1_136' title='bbox 246 953 284 990; x_wconf 88' lang='lat' dir='ltr'>id</span> <span class='ocrx_word' id='word_1_137' title='bbox 316 953 415 991; x_wconf 84' lang='lat' dir='ltr'>unde</span> <span class='ocrx_word' id='word_1_138' title='bbox 449 953 644 1002; x_wconf 84' lang='lat' dir='ltr'>digressus</span> <span class='ocrx_word' id='word_1_139' title='bbox 677 957 734 990; x_wconf 88' lang='lat' dir='ltr'>est</span> <span class='ocrx_word' id='word_1_140' title='bbox 765 958 993 993; x_wconf 78' lang='lat' dir='ltr'>revertatur.</span> <span class='ocrx_word' id='word_1_141' title='bbox 1045 952 1122 990; x_wconf 89' lang='lat' dir='ltr'>Sed</span> <span class='ocrx_word' id='word_1_142' title='bbox 1155 965 1240 990; x_wconf 88' lang='lat' dir='ltr'>raro</span> <span class='ocrx_word' id='word_1_143' title='bbox 1273 953 1369 991; x_wconf 88' lang='lat' dir='ltr'>haec</span> <span class='ocrx_word' id='word_1_144' title='bbox 1401 953 1506 999; x_wconf 85' lang='lat' dir='ltr'>fiunt,</span> <span class='ocrx_word' id='word_1_145' title='bbox 1541 964 1626 990; x_wconf 85' lang='lat' dir='ltr'>cum</span> <span class='ocrx_word' id='word_1_146' title='bbox 1658 953 1881 1003; x_wconf 89' lang='lat' dir='ltr'>plerumque</span> <span class='ocrx_word' id='word_1_147' title='bbox 1914 957 2039 990; x_wconf 91' lang='lat' dir='ltr'>certus</span> 
     </span>
     <span class='ocr_line' id='line_1_14' title="bbox 245 1009 2037 1060; baseline -0.002 -11"><span class='ocrx_word' id='word_1_148' title='bbox 245 1013 294 1049; x_wconf 90' lang='lat' dir='ltr'>sit</span> <span class='ocrx_word' id='word_1_149' title='bbox 327 1017 364 1049; x_wconf 87' lang='lat' dir='ltr'>et</span> <span class='ocrx_word' id='word_1_150' title='bbox 396 1023 439 1049; x_wconf 90' lang='lat' dir='ltr'>ex</span> <span class='ocrx_word' id='word_1_151' title='bbox 466 1011 696 1049; x_wconf 81' lang='lat' dir='ltr'>inexhausto</span> <span class='ocrx_word' id='word_1_152' title='bbox 719 1009 785 1048; x_wconf 87' lang='lat' dir='ltr'>illo</span> <span class='ocrx_word' id='word_1_153' title='bbox 806 1010 910 1048; x_wconf 82' lang='lat' dir='ltr'>fonte</span> <span class='ocrx_word' id='word_1_154' title='bbox 934 1010 1148 1058; x_wconf 87' lang='lat' dir='ltr'>doctrinae,</span> <span class='ocrx_word' id='word_1_155' title='bbox 1181 1012 1484 1059; x_wconf 76' lang='lat' dir='ltr'>imaginationis,</span> <span class='ocrx_word' id='word_1_156' title='bbox 1518 1011 1683 1060; x_wconf 89' lang='lat' dir='ltr'>leporis,</span> <span class='ocrx_word' id='word_1_157' title='bbox 1716 1022 1888 1049; x_wconf 85' lang='lat' dir='ltr'>summae</span> <span class='ocrx_word' id='word_1_158' title='bbox 1910 1010 2037 1048; x_wconf 90' lang='lat' dir='ltr'>homi-</span> 
     </span>
     <span class='ocr_line' id='line_1_15' title="bbox 244 1068 2038 1119; baseline -0.001 -13"><span class='ocrx_word' id='word_1_159' title='bbox 244 1081 335 1106; x_wconf 91' lang='lat' dir='ltr'>num</span> <span class='ocrx_word' id='word_1_160' title='bbox 358 1074 395 1107; x_wconf 91' lang='lat' dir='ltr'>et</span> <span class='ocrx_word' id='word_1_161' title='bbox 416 1081 540 1106; x_wconf 89' lang='lat' dir='ltr'>rerum</span> <span class='ocrx_word' id='word_1_162' title='bbox 563 1068 804 1118; x_wconf 83' lang='lat' dir='ltr'>publicarum</span> <span class='ocrx_word' id='word_1_163' title='bbox 828 1070 1048 1116; x_wconf 83' lang='lat' dir='ltr'>cognitione</span> <span class='ocrx_word' id='word_1_164' title='bbox 1081 1069 1180 1106; x_wconf 88' lang='lat' dir='ltr'>hane</span> <span class='ocrx_word' id='word_1_165' title='bbox 1203 1070 1431 1107; x_wconf 86' lang='lat' dir='ltr'>uberrimam</span> <span class='ocrx_word' id='word_1_166' title='bbox 1454 1069 1653 1118; x_wconf 87' lang='lat' dir='ltr'>depromat</span> <span class='ocrx_word' id='word_1_167' title='bbox 1675 1069 1825 1119; x_wconf 86' lang='lat' dir='ltr'>copiam</span> <span class='ocrx_word' id='word_1_168' title='bbox 1856 1068 2038 1119; x_wconf 89' lang='lat' dir='ltr'>pulcher-</span> 
     </span>
     <span class='ocr_line' id='line_1_16' title="bbox 245 1126 1595 1165; baseline 0.001 -2"><span class='ocrx_word' id='word_1_169' title='bbox 245 1129 349 1164; x_wconf 86' lang='lat' dir='ltr'>rimis</span> <span class='ocrx_word' id='word_1_170' title='bbox 382 1128 510 1165; x_wconf 86' lang='lat' dir='ltr'>verhis</span> <span class='ocrx_word' id='word_1_171' title='bbox 545 1133 581 1164; x_wconf 90' lang='lat' dir='ltr'>et</span> <span class='ocrx_word' id='word_1_172' title='bbox 614 1128 800 1164; x_wconf 87' lang='lat' dir='ltr'>orationis</span> <span class='ocrx_word' id='word_1_173' title='bbox 832 1126 909 1163; x_wconf 87' lang='lat' dir='ltr'>leni</span> <span class='ocrx_word' id='word_1_174' title='bbox 942 1131 1064 1164; x_wconf 86' lang='lat' dir='ltr'>tractu</span> <span class='ocrx_word' id='word_1_175' title='bbox 1097 1128 1230 1164; x_wconf 90' lang='lat' dir='ltr'>amicis</span> <span class='ocrx_word' id='word_1_176' title='bbox 1261 1129 1340 1164; x_wconf 85' lang='lat' dir='ltr'>suis</span> <span class='ocrx_word' id='word_1_177' title='bbox 1374 1127 1595 1165; x_wconf 65' lang='lat' dir='ltr'>traditurus</span> 
     </span>
    </p>

    <p class='ocr_par' dir='ltr' id='par_1_4' title="bbox 242 1184 2039 3202">
     <span class='ocr_line' id='line_1_17' title="bbox 380 1184 2038 1234; baseline -0.001 -13"><span class='ocrx_word' id='word_1_178' title='bbox 380 1185 487 1223; x_wconf 86' lang='lat' dir='ltr'>Inest</span> <span class='ocrx_word' id='word_1_179' title='bbox 531 1189 660 1222; x_wconf 87' lang='lat' dir='ltr'>autem</span> <span class='ocrx_word' id='word_1_180' title='bbox 703 1186 739 1220; x_wconf 90' lang='lat' dir='ltr'>in</span> <span class='ocrx_word' id='word_1_181' title='bbox 779 1184 954 1234; x_wconf 88' lang='lat' dir='ltr'>epistolis</span> <span class='ocrx_word' id='word_1_182' title='bbox 999 1197 1147 1222; x_wconf 83' lang='lat' dir='ltr'>summa</span> <span class='ocrx_word' id='word_1_183' title='bbox 1188 1197 1311 1222; x_wconf 86' lang='lat' dir='ltr'>rerum</span> <span class='ocrx_word' id='word_1_184' title='bbox 1356 1186 1535 1222; x_wconf 83' lang='lat' dir='ltr'>varietas.</span> <span class='ocrx_word' id='word_1_185' title='bbox 1608 1185 1667 1222; x_wconf 89' lang='lat' dir='ltr'>De</span> <span class='ocrx_word' id='word_1_186' title='bbox 1712 1185 2038 1222; x_wconf 84' lang='lat' dir='ltr'>astronomia</span> 
     </span>
     <span class='ocr_line' id='line_1_18' title="bbox 246 1242 2035 1293; baseline -0.001 -14"><span class='ocrx_word' id='word_1_187' title='bbox 246 1242 401 1291; x_wconf 89' lang='lat' dir='ltr'>quidem</span> <span class='ocrx_word' id='word_1_188' title='bbox 432 1244 607 1293; x_wconf 87' lang='lat' dir='ltr'>inprimis</span> <span class='ocrx_word' id='word_1_189' title='bbox 640 1244 790 1292; x_wconf 73' lang='lat' dir='ltr'>scripsit</span> <span class='ocrx_word' id='word_1_190' title='bbox 821 1242 869 1279; x_wconf 88' lang='lat' dir='ltr'>ad</span> <span class='ocrx_word' id='word_1_191' title='bbox 891 1242 1153 1289; x_wconf 82' lang='lat' dir='ltr'>Maestlinum,</span> <span class='ocrx_word' id='word_1_192' title='bbox 1186 1244 1250 1291; x_wconf 86' lang='lat' dir='ltr'>qui</span> <span class='ocrx_word' id='word_1_193' title='bbox 1274 1243 1476 1291; x_wconf 84' lang='lat' dir='ltr'>Tubingae</span> <span class='ocrx_word' id='word_1_194' title='bbox 1508 1243 1631 1280; x_wconf 85' lang='lat' dir='ltr'>fuerat</span> <span class='ocrx_word' id='word_1_195' title='bbox 1652 1242 1809 1292; x_wconf 80' lang='lat' dir='ltr'>Kepleri</span> <span class='ocrx_word' id='word_1_196' title='bbox 1841 1244 2035 1291; x_wconf 81' lang='lat' dir='ltr'>magister,</span> 
     </span>
     <span class='ocr_line' id='line_1_19' title="bbox 245 1298 2039 1350; baseline -0.001 -12"><span class='ocrx_word' id='word_1_197' title='bbox 245 1301 294 1338; x_wconf 86' lang='lat' dir='ltr'>ad</span> <span class='ocrx_word' id='word_1_198' title='bbox 327 1300 574 1350; x_wconf 86' lang='lat' dir='ltr'>Tychonem,</span> <span class='ocrx_word' id='word_1_199' title='bbox 624 1299 863 1346; x_wconf 87' lang='lat' dir='ltr'>Galilaeum,</span> <span class='ocrx_word' id='word_1_200' title='bbox 910 1298 1141 1349; x_wconf 85' lang='lat' dir='ltr'>Origanum,</span> <span class='ocrx_word' id='word_1_201' title='bbox 1189 1300 1236 1337; x_wconf 85' lang='lat' dir='ltr'>ad</span> <span class='ocrx_word' id='word_1_202' title='bbox 1284 1301 1531 1338; x_wconf 87' lang='lat' dir='ltr'>Ambrosium</span> <span class='ocrx_word' id='word_1_203' title='bbox 1570 1300 1783 1345; x_wconf 84' lang='lat' dir='ltr'>Rhodium,</span> <span class='ocrx_word' id='word_1_204' title='bbox 1828 1300 2039 1349; x_wconf 82' lang='lat' dir='ltr'>Casparum</span> 
     </span>
     <span class='ocr_line' id='line_1_20' title="bbox 245 1356 2039 1407; baseline 0 -12"><span class='ocrx_word' id='word_1_205' title='bbox 245 1357 466 1406; x_wconf 84' lang='lat' dir='ltr'>Odontiurn,</span> <span class='ocrx_word' id='word_1_206' title='bbox 500 1358 769 1406; x_wconf 83' lang='lat' dir='ltr'>Benjaminum</span> <span class='ocrx_word' id='word_1_207' title='bbox 792 1356 994 1406; x_wconf 86' lang='lat' dir='ltr'>Ursinum‚</span> <span class='ocrx_word' id='word_1_208' title='bbox 1021 1360 1084 1406; x_wconf 86' lang='lat' dir='ltr'>qui</span> <span class='ocrx_word' id='word_1_209' title='bbox 1107 1364 1182 1396; x_wconf 89' lang='lat' dir='ltr'>tres</span> <span class='ocrx_word' id='word_1_210' title='bbox 1209 1361 1441 1407; x_wconf 79' lang='lat' dir='ltr'>posteriores</span> <span class='ocrx_word' id='word_1_211' title='bbox 1463 1358 1703 1407; x_wconf 84' lang='lat' dir='ltr'>aliquantum</span> <span class='ocrx_word' id='word_1_212' title='bbox 1726 1360 1907 1407; x_wconf 89' lang='lat' dir='ltr'>temporis</span> <span class='ocrx_word' id='word_1_213' title='bbox 1931 1358 2039 1407; x_wconf 86' lang='lat' dir='ltr'>Kep-</span> 
     </span>
     <span class='ocr_line' id='line_1_21' title="bbox 244 1416 2039 1466; baseline 0 -14"><span class='ocrx_word' id='word_1_214' title='bbox 244 1416 365 1454; x_wconf 90' lang='lat' dir='ltr'>lerum</span> <span class='ocrx_word' id='word_1_215' title='bbox 407 1418 444 1452; x_wconf 90' lang='lat' dir='ltr'>in</span> <span class='ocrx_word' id='word_1_216' title='bbox 487 1416 644 1454; x_wconf 88' lang='lat' dir='ltr'>calculis</span> <span class='ocrx_word' id='word_1_217' title='bbox 691 1418 957 1454; x_wconf 78' lang='lat' dir='ltr'>astronomicis</span> <span class='ocrx_word' id='word_1_218' title='bbox 1003 1416 1252 1464; x_wconf 81' lang='lat' dir='ltr'>adjuverant,</span> <span class='ocrx_word' id='word_1_219' title='bbox 1296 1424 1431 1466; x_wconf 89' lang='lat' dir='ltr'>postea</span> <span class='ocrx_word' id='word_1_220' title='bbox 1477 1418 1736 1454; x_wconf 84' lang='lat' dir='ltr'>astronomiae</span> <span class='ocrx_word' id='word_1_221' title='bbox 1781 1417 2039 1466; x_wconf 85' lang='lat' dir='ltr'>professorum</span> 
     </span>
     <span class='ocr_line' id='line_1_22' title="bbox 243 1473 2038 1524; baseline -0.001 -13"><span class='ocrx_word' id='word_1_222' title='bbox 243 1486 419 1522; x_wconf 87' lang='lat' dir='ltr'>munera,</span> <span class='ocrx_word' id='word_1_223' title='bbox 463 1475 559 1512; x_wconf 89' lang='lat' dir='ltr'>alter</span> <span class='ocrx_word' id='word_1_224' title='bbox 592 1474 903 1522; x_wconf 78' lang='lat' dir='ltr'>Witteubergae,</span> <span class='ocrx_word' id='word_1_225' title='bbox 937 1474 1032 1511; x_wconf 85' lang='lat' dir='ltr'>alter</span> <span class='ocrx_word' id='word_1_226' title='bbox 1064 1474 1260 1520; x_wconf 80' lang='lat' dir='ltr'>Altdorfii,</span> <span class='ocrx_word' id='word_1_227' title='bbox 1302 1476 1434 1512; x_wconf 88' lang='lat' dir='ltr'>tertius</span> <span class='ocrx_word' id='word_1_228' title='bbox 1467 1474 1638 1512; x_wconf 81' lang='lat' dir='ltr'>Berolini</span> <span class='ocrx_word' id='word_1_229' title='bbox 1681 1479 1949 1524; x_wconf 83' lang='lat' dir='ltr'>susceperant,</span> <span class='ocrx_word' id='word_1_230' title='bbox 1990 1473 2038 1510; x_wconf 88' lang='lat' dir='ltr'>ad</span> 
     </span>
     <span class='ocr_line' id='line_1_23' title="bbox 246 1532 2039 1581; baseline 0 -13"><span class='ocrx_word' id='word_1_231' title='bbox 246 1533 454 1581; x_wconf 83' lang='lat' dir='ltr'>Criigerum</span> <span class='ocrx_word' id='word_1_232' title='bbox 500 1532 834 1578; x_wconf 86' lang='lat' dir='ltr'>mathematicum,</span> <span class='ocrx_word' id='word_1_233' title='bbox 882 1532 929 1569; x_wconf 86' lang='lat' dir='ltr'>ad</span> <span class='ocrx_word' id='word_1_234' title='bbox 973 1532 1337 1580; x_wconf 85' lang='lat' dir='ltr'>Longomoutanum</span> <span class='ocrx_word' id='word_1_235' title='bbox 1384 1533 1560 1579; x_wconf 87' lang='lat' dir='ltr'>Danum,</span> <span class='ocrx_word' id='word_1_236' title='bbox 1609 1533 1853 1569; x_wconf 82' lang='lat' dir='ltr'>Eriksonium</span> <span class='ocrx_word' id='word_1_237' title='bbox 1900 1532 2039 1569; x_wconf 84' lang='lat' dir='ltr'>Suecia</span> 
     </span>
     <span class='ocr_line' id='line_1_24' title="bbox 246 1589 2036 1639; baseline 0 -13"><span class='ocrx_word' id='word_1_238' title='bbox 246 1589 472 1636; x_wconf 88' lang='lat' dir='ltr'>oriundum,</span> <span class='ocrx_word' id='word_1_239' title='bbox 507 1590 679 1627; x_wconf 84' lang='lat' dir='ltr'>Curtium</span> <span class='ocrx_word' id='word_1_240' title='bbox 712 1589 925 1635; x_wconf 81' lang='lat' dir='ltr'>Jesuitam,</span> <span class='ocrx_word' id='word_1_241' title='bbox 971 1602 1136 1638; x_wconf 86' lang='lat' dir='ltr'>quocum</span> <span class='ocrx_word' id='word_1_242' title='bbox 1171 1590 1218 1627; x_wconf 89' lang='lat' dir='ltr'>de</span> <span class='ocrx_word' id='word_1_243' title='bbox 1251 1590 1481 1639; x_wconf 82' lang='lat' dir='ltr'>theologicis</span> <span class='ocrx_word' id='word_1_244' title='bbox 1515 1601 1669 1639; x_wconf 86' lang='lat' dir='ltr'>quoque</span> <span class='ocrx_word' id='word_1_245' title='bbox 1699 1591 1812 1628; x_wconf 89' lang='lat' dir='ltr'>rebus</span> <span class='ocrx_word' id='word_1_246' title='bbox 1845 1590 2036 1635; x_wconf 84' lang='lat' dir='ltr'>disseruit,</span> 
     </span>
     <span class='ocr_line' id='line_1_25' title="bbox 243 1647 2038 1698; baseline -0.001 -13"><span class='ocrx_word' id='word_1_247' title='bbox 243 1647 444 1697; x_wconf 85' lang='lat' dir='ltr'>Maginum</span> <span class='ocrx_word' id='word_1_248' title='bbox 476 1648 780 1695; x_wconf 87' lang='lat' dir='ltr'>Bononiensem,</span> <span class='ocrx_word' id='word_1_249' title='bbox 826 1648 873 1684; x_wconf 86' lang='lat' dir='ltr'>ad</span> <span class='ocrx_word' id='word_1_250' title='bbox 905 1648 1089 1694; x_wconf 83' lang='lat' dir='ltr'>Remum,</span> <span class='ocrx_word' id='word_1_251' title='bbox 1131 1660 1242 1696; x_wconf 83' lang='lat' dir='ltr'>quem</span> <span class='ocrx_word' id='word_1_252' title='bbox 1276 1648 1498 1698; x_wconf 84' lang='lat' dir='ltr'>Leopoldus</span> <span class='ocrx_word' id='word_1_253' title='bbox 1532 1648 1727 1685; x_wconf 81' lang='lat' dir='ltr'>Archidux</span> <span class='ocrx_word' id='word_1_254' title='bbox 1758 1660 1851 1685; x_wconf 89' lang='lat' dir='ltr'>suae</span> <span class='ocrx_word' id='word_1_255' title='bbox 1884 1648 2038 1685; x_wconf 84' lang='lat' dir='ltr'>valetu—</span> 
     </span>
     <span class='ocr_line' id='line_1_26' title="bbox 244 1705 2037 1755; baseline 0 -14"><span class='ocrx_word' id='word_1_256' title='bbox 244 1705 344 1742; x_wconf 89' lang='lat' dir='ltr'>dinis</span> <span class='ocrx_word' id='word_1_257' title='bbox 376 1706 574 1743; x_wconf 88' lang='lat' dir='ltr'>custodem</span> <span class='ocrx_word' id='word_1_258' title='bbox 617 1707 778 1753; x_wconf 85' lang='lat' dir='ltr'>l&#39;ecerat,</span> <span class='ocrx_word' id='word_1_259' title='bbox 819 1705 867 1742; x_wconf 89' lang='lat' dir='ltr'>ad</span> <span class='ocrx_word' id='word_1_260' title='bbox 912 1706 1104 1743; x_wconf 81' lang='lat' dir='ltr'>Davidem</span> <span class='ocrx_word' id='word_1_261' title='bbox 1147 1706 1312 1755; x_wconf 84' lang='lat' dir='ltr'>denique</span> <span class='ocrx_word' id='word_1_262' title='bbox 1350 1707 1568 1743; x_wconf 82' lang='lat' dir='ltr'>Fabricium</span> <span class='ocrx_word' id='word_1_263' title='bbox 1610 1708 1645 1742; x_wconf 91' lang='lat' dir='ltr'>in</span> <span class='ocrx_word' id='word_1_264' title='bbox 1688 1707 1812 1743; x_wconf 88' lang='lat' dir='ltr'>Frisia</span> <span class='ocrx_word' id='word_1_265' title='bbox 1863 1706 2037 1743; x_wconf 90' lang='lat' dir='ltr'>orientali</span> 
     </span>
     <span class='ocr_line' id='line_1_27' title="bbox 246 1763 2037 1813; baseline -0.001 -12"><span class='ocrx_word' id='word_1_266' title='bbox 246 1770 453 1813; x_wconf 86' lang='lat' dir='ltr'>pastorem.</span> <span class='ocrx_word' id='word_1_267' title='bbox 506 1763 566 1800; x_wconf 88' lang='lat' dir='ltr'>Ad</span> <span class='ocrx_word' id='word_1_268' title='bbox 599 1763 946 1811; x_wconf 79' lang='lat' dir='ltr'>astrologiam</span> <span class='ocrx_word' id='word_1_269' title='bbox 979 1769 1107 1801; x_wconf 86' lang='lat' dir='ltr'>autem</span> <span class='ocrx_word' id='word_1_270' title='bbox 1140 1776 1208 1802; x_wconf 88' lang='lat' dir='ltr'>eac</span> <span class='ocrx_word' id='word_1_271' title='bbox 1231 1765 1420 1813; x_wconf 87' lang='lat' dir='ltr'>pertinent</span> <span class='ocrx_word' id='word_1_272' title='bbox 1453 1764 1652 1813; x_wconf 86' lang='lat' dir='ltr'>epistolae,</span> <span class='ocrx_word' id='word_1_273' title='bbox 1686 1776 1782 1813; x_wconf 87' lang='lat' dir='ltr'>quas</span> <span class='ocrx_word' id='word_1_274' title='bbox 1814 1765 1965 1813; x_wconf 89' lang='lat' dir='ltr'>scripsit</span> <span class='ocrx_word' id='word_1_275' title='bbox 1988 1763 2037 1800; x_wconf 80' lang='lat' dir='ltr'>ad</span> 
     </span>
     <span class='ocr_line' id='line_1_28' title="bbox 244 1821 2037 1871; baseline 0 -13"><span class='ocrx_word' id='word_1_276' title='bbox 244 1821 495 1871; x_wconf 89' lang='lat' dir='ltr'>Rudolphum</span> <span class='ocrx_word' id='word_1_277' title='bbox 518 1824 798 1871; x_wconf 87' lang='lat' dir='ltr'>imperatorem,</span> <span class='ocrx_word' id='word_1_278' title='bbox 834 1833 921 1871; x_wconf 88' lang='lat' dir='ltr'>pars</span> <span class='ocrx_word' id='word_1_279' title='bbox 943 1833 1085 1868; x_wconf 86' lang='lat' dir='ltr'>earum,</span> <span class='ocrx_word' id='word_1_280' title='bbox 1120 1834 1217 1871; x_wconf 81' lang='lat' dir='ltr'>quas</span> <span class='ocrx_word' id='word_1_281' title='bbox 1238 1822 1286 1859; x_wconf 85' lang='lat' dir='ltr'>ad</span> <span class='ocrx_word' id='word_1_282' title='bbox 1309 1823 1542 1869; x_wconf 84' lang='lat' dir='ltr'>Fabricium,</span> <span class='ocrx_word' id='word_1_283' title='bbox 1575 1834 1688 1870; x_wconf 84' lang='lat' dir='ltr'>quem</span> <span class='ocrx_word' id='word_1_284' title='bbox 1711 1821 1825 1859; x_wconf 86' lang='lat' dir='ltr'>modo</span> <span class='ocrx_word' id='word_1_285' title='bbox 1859 1822 2037 1864; x_wconf 86' lang='lat' dir='ltr'>diximus,</span> 
     </span>
     <span class='ocr_line' id='line_1_29' title="bbox 245 1876 2037 1928; baseline 0 -12"><span class='ocrx_word' id='word_1_286' title='bbox 245 1879 295 1916; x_wconf 88' lang='lat' dir='ltr'>ad</span> <span class='ocrx_word' id='word_1_287' title='bbox 328 1879 674 1926; x_wconf 88' lang='lat' dir='ltr'>Wallenstenium,</span> <span class='ocrx_word' id='word_1_288' title='bbox 718 1879 766 1917; x_wconf 89' lang='lat' dir='ltr'>ad</span> <span class='ocrx_word' id='word_1_289' title='bbox 800 1879 1014 1916; x_wconf 86' lang='lat' dir='ltr'>Blanehum</span> <span class='ocrx_word' id='word_1_290' title='bbox 1054 1880 1216 1927; x_wconf 87' lang='lat' dir='ltr'>Italum,</span> <span class='ocrx_word' id='word_1_291' title='bbox 1263 1879 1311 1917; x_wconf 87' lang='lat' dir='ltr'>ad</span> <span class='ocrx_word' id='word_1_292' title='bbox 1344 1880 1565 1918; x_wconf 88' lang='lat' dir='ltr'>Homelium</span> <span class='ocrx_word' id='word_1_293' title='bbox 1597 1876 1954 1928; x_wconf 72' lang='lat' dir='ltr'>Marburgiensem,</span> <span class='ocrx_word' id='word_1_294' title='bbox 1988 1878 2037 1917; x_wconf 87' lang='lat' dir='ltr'>ad</span> 
     </span>
     <span class='ocr_line' id='line_1_30' title="bbox 247 1937 2037 1987; baseline 0.001 -14"><span class='ocrx_word' id='word_1_295' title='bbox 247 1937 492 1986; x_wconf 86' lang='lat' dir='ltr'>Imperatoris</span> <span class='ocrx_word' id='word_1_296' title='bbox 535 1938 760 1987; x_wconf 83' lang='lat' dir='ltr'>Dapiscrum</span> <span class='ocrx_word' id='word_1_297' title='bbox 812 1937 1038 1976; x_wconf 87' lang='lat' dir='ltr'>Vickenium</span> <span class='ocrx_word' id='word_1_298' title='bbox 1086 1938 1370 1986; x_wconf 88' lang='lat' dir='ltr'>nonnullosque</span> <span class='ocrx_word' id='word_1_299' title='bbox 1419 1938 1516 1976; x_wconf 87' lang='lat' dir='ltr'>alios</span> <span class='ocrx_word' id='word_1_300' title='bbox 1555 1938 1704 1975; x_wconf 89' lang='lat' dir='ltr'>nobiles</span> <span class='ocrx_word' id='word_1_301' title='bbox 1747 1938 1863 1975; x_wconf 91' lang='lat' dir='ltr'>dedit.</span> <span class='ocrx_word' id='word_1_302' title='bbox 1941 1937 2037 1975; x_wconf 88' lang='lat' dir='ltr'>Cum</span> 
     </span>
     <span class='ocr_line' id='line_1_31' title="bbox 246 1995 2036 2045; baseline 0.001 -14"><span class='ocrx_word' id='word_1_303' title='bbox 246 1995 438 2033; x_wconf 83' lang='lat' dir='ltr'>Bavariac</span> <span class='ocrx_word' id='word_1_304' title='bbox 472 1995 608 2033; x_wconf 86' lang='lat' dir='ltr'>deinde</span> <span class='ocrx_word' id='word_1_305' title='bbox 642 1995 892 2039; x_wconf 83' lang='lat' dir='ltr'>cancellario,</span> <span class='ocrx_word' id='word_1_306' title='bbox 936 1995 1139 2034; x_wconf 86' lang='lat' dir='ltr'>Herwarto</span> <span class='ocrx_word' id='word_1_307' title='bbox 1174 1996 1220 2033; x_wconf 86' lang='lat' dir='ltr'>de</span> <span class='ocrx_word' id='word_1_308' title='bbox 1253 1995 1513 2044; x_wconf 72' lang='lat' dir='ltr'>Hohenburg,</span> <span class='ocrx_word' id='word_1_309' title='bbox 1557 2008 1642 2033; x_wconf 88' lang='lat' dir='ltr'>cum</span> <span class='ocrx_word' id='word_1_310' title='bbox 1676 1995 1846 2033; x_wconf 84' lang='lat' dir='ltr'>Calvisio</span> <span class='ocrx_word' id='word_1_311' title='bbox 1881 1995 2036 2045; x_wconf 87' lang='lat' dir='ltr'>Lipsiae</span> 
     </span>
     <span class='ocr_line' id='line_1_32' title="bbox 247 2053 2037 2103; baseline 0.001 -14"><span class='ocrx_word' id='word_1_312' title='bbox 247 2059 414 2100; x_wconf 89' lang='lat' dir='ltr'>cantore,</span> <span class='ocrx_word' id='word_1_313' title='bbox 448 2053 624 2091; x_wconf 86' lang='lat' dir='ltr'>Deckero</span> <span class='ocrx_word' id='word_1_314' title='bbox 647 2053 874 2101; x_wconf 81' lang='lat' dir='ltr'>Moguntiae</span> <span class='ocrx_word' id='word_1_315' title='bbox 909 2054 1068 2100; x_wconf 82' lang='lat' dir='ltr'>clerico,</span> <span class='ocrx_word' id='word_1_316' title='bbox 1103 2066 1187 2091; x_wconf 86' lang='lat' dir='ltr'>cum</span> <span class='ocrx_word' id='word_1_317' title='bbox 1210 2053 1384 2102; x_wconf 81' lang='lat' dir='ltr'>Josepho</span> <span class='ocrx_word' id='word_1_318' title='bbox 1409 2054 1605 2101; x_wconf 82' lang='lat' dir='ltr'>Scaligero</span> <span class='ocrx_word' id='word_1_319' title='bbox 1629 2055 1765 2103; x_wconf 90' lang='lat' dir='ltr'>partim</span> <span class='ocrx_word' id='word_1_320' title='bbox 1789 2054 1834 2091; x_wconf 85' lang='lat' dir='ltr'>de</span> <span class='ocrx_word' id='word_1_321' title='bbox 1858 2061 2037 2091; x_wconf 90' lang='lat' dir='ltr'>astrono-</span> 
     </span>
     <span class='ocr_line' id='line_1_33' title="bbox 245 2111 2036 2160; baseline 0 -12"><span class='ocrx_word' id='word_1_322' title='bbox 245 2112 333 2158; x_wconf 84' lang='lat' dir='ltr'>mia,</span> <span class='ocrx_word' id='word_1_323' title='bbox 367 2112 536 2148; x_wconf 82' lang='lat' dir='ltr'>maxima</span> <span class='ocrx_word' id='word_1_324' title='bbox 569 2122 657 2148; x_wconf 82' lang='lat' dir='ltr'>vero</span> <span class='ocrx_word' id='word_1_325' title='bbox 690 2116 797 2160; x_wconf 86' lang='lat' dir='ltr'>parte</span> <span class='ocrx_word' id='word_1_326' title='bbox 820 2111 865 2148; x_wconf 89' lang='lat' dir='ltr'>de</span> <span class='ocrx_word' id='word_1_327' title='bbox 898 2111 1243 2160; x_wconf 78' lang='lat' dir='ltr'>chronologia</span> <span class='ocrx_word' id='word_1_328' title='bbox 1276 2112 1468 2158; x_wconf 85' lang='lat' dir='ltr'>disseruit,</span> <span class='ocrx_word' id='word_1_329' title='bbox 1500 2114 1598 2149; x_wconf 83' lang='lat' dir='ltr'>sicul</span> <span class='ocrx_word' id='word_1_330' title='bbox 1630 2113 1746 2149; x_wconf 86' lang='lat' dir='ltr'>etiam</span> <span class='ocrx_word' id='word_1_331' title='bbox 1778 2123 1864 2149; x_wconf 89' lang='lat' dir='ltr'>cum</span> <span class='ocrx_word' id='word_1_332' title='bbox 1886 2111 2036 2149; x_wconf 88' lang='lat' dir='ltr'>Maest-</span> 
     </span>
     <span class='ocr_line' id='line_1_34' title="bbox 245 2169 2035 2219; baseline 0.001 -15"><span class='ocrx_word' id='word_1_333' title='bbox 245 2169 340 2205; x_wconf 91' lang='lat' dir='ltr'>lino.</span> <span class='ocrx_word' id='word_1_334' title='bbox 403 2170 461 2206; x_wconf 90' lang='lat' dir='ltr'>De</span> <span class='ocrx_word' id='word_1_335' title='bbox 494 2169 722 2219; x_wconf 87' lang='lat' dir='ltr'>physicis</span> <span class='ocrx_word' id='word_1_336' title='bbox 754 2175 904 2216; x_wconf 84' lang='lat' dir='ltr'>autern,</span> <span class='ocrx_word' id='word_1_337' title='bbox 940 2171 1109 2218; x_wconf 87' lang='lat' dir='ltr'>inprimis</span> <span class='ocrx_word' id='word_1_338' title='bbox 1143 2170 1188 2207; x_wconf 89' lang='lat' dir='ltr'>de</span> <span class='ocrx_word' id='word_1_339' title='bbox 1220 2172 1411 2219; x_wconf 83' lang='lat' dir='ltr'>magnetis</span> <span class='ocrx_word' id='word_1_340' title='bbox 1445 2170 1610 2216; x_wconf 83' lang='lat' dir='ltr'>viribus,</span> <span class='ocrx_word' id='word_1_341' title='bbox 1645 2171 1682 2206; x_wconf 88' lang='lat' dir='ltr'>in</span> <span class='ocrx_word' id='word_1_342' title='bbox 1716 2171 1760 2206; x_wconf 92' lang='lat' dir='ltr'>iis</span> <span class='ocrx_word' id='word_1_343' title='bbox 1792 2171 1918 2218; x_wconf 87' lang='lat' dir='ltr'>agitur</span> <span class='ocrx_word' id='word_1_344' title='bbox 1951 2171 2035 2218; x_wconf 90' lang='lat' dir='ltr'>epi-</span> 
     </span>
     <span class='ocr_line' id='line_1_35' title="bbox 243 2226 2035 2275; baseline 0 -12"><span class='ocrx_word' id='word_1_345' title='bbox 243 2226 375 2272; x_wconf 91' lang='lat' dir='ltr'>stolis,</span> <span class='ocrx_word' id='word_1_346' title='bbox 409 2239 505 2275; x_wconf 86' lang='lat' dir='ltr'>quas</span> <span class='ocrx_word' id='word_1_347' title='bbox 538 2227 587 2263; x_wconf 88' lang='lat' dir='ltr'>ad</span> <span class='ocrx_word' id='word_1_348' title='bbox 619 2227 861 2264; x_wconf 83' lang='lat' dir='ltr'>Herwartum</span> <span class='ocrx_word' id='word_1_349' title='bbox 895 2232 930 2263; x_wconf 86' lang='lat' dir='ltr'>et</span> <span class='ocrx_word' id='word_1_350' title='bbox 963 2228 1256 2274; x_wconf 88' lang='lat' dir='ltr'>Nautonierum,</span> <span class='ocrx_word' id='word_1_351' title='bbox 1305 2227 1350 2265; x_wconf 86' lang='lat' dir='ltr'>de</span> <span class='ocrx_word' id='word_1_352' title='bbox 1382 2228 1761 2265; x_wconf 89' lang='lat' dir='ltr'>machinatione</span> <span class='ocrx_word' id='word_1_353' title='bbox 1805 2232 1842 2265; x_wconf 91' lang='lat' dir='ltr'>et</span> <span class='ocrx_word' id='word_1_354' title='bbox 1874 2229 2035 2266; x_wconf 88' lang='lat' dir='ltr'>variis</span> 
     </span>
     <span class='ocr_line' id='line_1_36' title="bbox 243 2284 2034 2335; baseline 0 -14"><span class='ocrx_word' id='word_1_355' title='bbox 243 2284 496 2322; x_wconf 91' lang='lat' dir='ltr'>machinis</span> <span class='ocrx_word' id='word_1_356' title='bbox 528 2286 566 2321; x_wconf 91' lang='lat' dir='ltr'>in</span> <span class='ocrx_word' id='word_1_357' title='bbox 598 2286 663 2331; x_wconf 91' lang='lat' dir='ltr'>iis,</span> <span class='ocrx_word' id='word_1_358' title='bbox 706 2297 802 2333; x_wconf 84' lang='lat' dir='ltr'>quas</span> <span class='ocrx_word' id='word_1_359' title='bbox 834 2286 984 2334; x_wconf 91' lang='lat' dir='ltr'>scripsit</span> <span class='ocrx_word' id='word_1_360' title='bbox 1016 2285 1063 2322; x_wconf 91' lang='lat' dir='ltr'>ad</span> <span class='ocrx_word' id='word_1_361' title='bbox 1099 2285 1304 2323; x_wconf 77' lang='lat' dir='ltr'>Anhaltiae</span> <span class='ocrx_word' id='word_1_362' title='bbox 1344 2287 1512 2323; x_wconf 85' lang='lat' dir='ltr'>civitatis</span> <span class='ocrx_word' id='word_1_363' title='bbox 1544 2286 1764 2335; x_wconf 85' lang='lat' dir='ltr'>principem,</span> <span class='ocrx_word' id='word_1_364' title='bbox 1805 2285 1854 2322; x_wconf 88' lang='lat' dir='ltr'>ad</span> <span class='ocrx_word' id='word_1_365' title='bbox 1886 2285 2034 2323; x_wconf 89' lang='lat' dir='ltr'>Ducem</span> 
     </span>
     <span class='ocr_line' id='line_1_37' title="bbox 242 2342 2034 2392; baseline 0.001 -14"><span class='ocrx_word' id='word_1_366' title='bbox 242 2342 614 2391; x_wconf 86' lang='lat' dir='ltr'>Wiirttembergiae,</span> <span class='ocrx_word' id='word_1_367' title='bbox 649 2342 696 2380; x_wconf 87' lang='lat' dir='ltr'>ad</span> <span class='ocrx_word' id='word_1_368' title='bbox 732 2343 918 2380; x_wconf 78' lang='lat' dir='ltr'>Baronem</span> <span class='ocrx_word' id='word_1_369' title='bbox 951 2343 996 2380; x_wconf 90' lang='lat' dir='ltr'>dc</span> <span class='ocrx_word' id='word_1_370' title='bbox 1028 2343 1292 2383; x_wconf 82' lang='lat' dir='ltr'>Herberstein.</span> <span class='ocrx_word' id='word_1_371' title='bbox 1356 2344 1414 2381; x_wconf 91' lang='lat' dir='ltr'>De</span> <span class='ocrx_word' id='word_1_372' title='bbox 1457 2345 1622 2392; x_wconf 87' lang='lat' dir='ltr'>optica</span> <span class='ocrx_word' id='word_1_373' title='bbox 1662 2343 1852 2392; x_wconf 88' lang='lat' dir='ltr'>Keplerus</span> <span class='ocrx_word' id='word_1_374' title='bbox 1893 2343 2034 2380; x_wconf 87' lang='lat' dir='ltr'>diutius</span> 
     </span>
     <span class='ocr_line' id='line_1_38' title="bbox 242 2399 2034 2449; baseline 0.001 -13"><span class='ocrx_word' id='word_1_375' title='bbox 242 2399 437 2437; x_wconf 85' lang='lat' dir='ltr'>literarum</span> <span class='ocrx_word' id='word_1_376' title='bbox 471 2401 739 2438; x_wconf 86' lang='lat' dir='ltr'>commercium</span> <span class='ocrx_word' id='word_1_377' title='bbox 763 2400 900 2437; x_wconf 89' lang='lat' dir='ltr'>habuit</span> <span class='ocrx_word' id='word_1_378' title='bbox 931 2412 1016 2438; x_wconf 89' lang='lat' dir='ltr'>cum</span> <span class='ocrx_word' id='word_1_379' title='bbox 1042 2401 1273 2449; x_wconf 81' lang='lat' dir='ltr'>ssrenggero,</span> <span class='ocrx_word' id='word_1_380' title='bbox 1309 2401 1530 2439; x_wconf 88' lang='lat' dir='ltr'>doctissimo</span> <span class='ocrx_word' id='word_1_381' title='bbox 1563 2401 1850 2438; x_wconf 82' lang='lat' dir='ltr'>Kausburnensi</span> <span class='ocrx_word' id='word_1_382' title='bbox 1872 2400 2034 2447; x_wconf 88' lang='lat' dir='ltr'>medico,</span> 
     </span>
     <span class='ocr_line' id='line_1_39' title="bbox 244 2456 2034 2508; baseline 0.002 -14"><span class='ocrx_word' id='word_1_383' title='bbox 244 2469 330 2495; x_wconf 91' lang='lat' dir='ltr'>cum</span> <span class='ocrx_word' id='word_1_384' title='bbox 372 2456 535 2495; x_wconf 90' lang='lat' dir='ltr'>Octavio</span> <span class='ocrx_word' id='word_1_385' title='bbox 576 2458 709 2495; x_wconf 89' lang='lat' dir='ltr'>Pisani</span> <span class='ocrx_word' id='word_1_386' title='bbox 762 2458 917 2507; x_wconf 85' lang='lat' dir='ltr'>Belgio,</span> <span class='ocrx_word' id='word_1_387' title='bbox 969 2459 1151 2496; x_wconf 88' lang='lat' dir='ltr'>Harrioto</span> <span class='ocrx_word' id='word_1_388' title='bbox 1196 2459 1344 2507; x_wconf 87' lang='lat' dir='ltr'>Anglo,</span> <span class='ocrx_word' id='word_1_389' title='bbox 1391 2471 1474 2497; x_wconf 83' lang='lat' dir='ltr'>curn</span> <span class='ocrx_word' id='word_1_390' title='bbox 1524 2461 1646 2497; x_wconf 88' lang='lat' dir='ltr'>amico</span> <span class='ocrx_word' id='word_1_391' title='bbox 1702 2458 1856 2497; x_wconf 82' lang='lat' dir='ltr'>Joanne</span> <span class='ocrx_word' id='word_1_392' title='bbox 1898 2459 2034 2508; x_wconf 69' lang='lat' dir='ltr'>Papio,</span> 
     </span>
     <span class='ocr_line' id='line_1_40' title="bbox 244 2516 2033 2565; baseline 0.001 -13"><span class='ocrx_word' id='word_1_393' title='bbox 244 2516 304 2553; x_wconf 89' lang='lat' dir='ltr'>De</span> <span class='ocrx_word' id='word_1_394' title='bbox 336 2516 680 2564; x_wconf 85' lang='lat' dir='ltr'>philosophia</span> <span class='ocrx_word' id='word_1_395' title='bbox 719 2521 849 2553; x_wconf 85' lang='lat' dir='ltr'>autem</span> <span class='ocrx_word' id='word_1_396' title='bbox 892 2522 929 2554; x_wconf 90' lang='lat' dir='ltr'>et</span> <span class='ocrx_word' id='word_1_397' title='bbox 968 2516 1232 2562; x_wconf 67' lang='lat' dir='ltr'>theologia</span> <span class='ocrx_word' id='word_1_398' title='bbox 1275 2519 1311 2553; x_wconf 91' lang='lat' dir='ltr'>in</span> <span class='ocrx_word' id='word_1_399' title='bbox 1356 2519 1400 2554; x_wconf 89' lang='lat' dir='ltr'>iis</span> <span class='ocrx_word' id='word_1_400' title='bbox 1442 2518 1568 2565; x_wconf 82' lang='lat' dir='ltr'>agitur</span> <span class='ocrx_word' id='word_1_401' title='bbox 1609 2517 1801 2565; x_wconf 85' lang='lat' dir='ltr'>epistolis,</span> <span class='ocrx_word' id='word_1_402' title='bbox 1847 2529 1942 2565; x_wconf 85' lang='lat' dir='ltr'>quas</span> <span class='ocrx_word' id='word_1_403' title='bbox 1985 2516 2033 2554; x_wconf 85' lang='lat' dir='ltr'>ad</span> 
     </span>
     <span class='ocr_line' id='line_1_41' title="bbox 244 2573 2035 2624; baseline 0.001 -15"><span class='ocrx_word' id='word_1_404' title='bbox 244 2573 593 2622; x_wconf 83' lang='lat' dir='ltr'>Zehentmajerum,</span> <span class='ocrx_word' id='word_1_405' title='bbox 628 2574 849 2611; x_wconf 83' lang='lat' dir='ltr'>Florianum</span> <span class='ocrx_word' id='word_1_406' title='bbox 885 2575 1074 2620; x_wconf 81' lang='lat' dir='ltr'>Crusium,</span> <span class='ocrx_word' id='word_1_407' title='bbox 1109 2574 1315 2612; x_wconf 88' lang='lat' dir='ltr'>Pistorium</span> <span class='ocrx_word' id='word_1_408' title='bbox 1340 2575 1597 2624; x_wconf 72' lang='lat' dir='ltr'>(„studiorum</span> <span class='ocrx_word' id='word_1_409' title='bbox 1621 2573 1900 2623; x_wconf 82' lang='lat' dir='ltr'>inspectorem“</span> <span class='ocrx_word' id='word_1_410' title='bbox 1926 2574 2035 2623; x_wconf 85' lang='lat' dir='ltr'>Kep-</span> 
     </span>
     <span class='ocr_line' id='line_1_42' title="bbox 243 2630 2034 2682; baseline 0 -15"><span class='ocrx_word' id='word_1_411' title='bbox 243 2630 320 2668; x_wconf 87' lang='lat' dir='ltr'>lero</span> <span class='ocrx_word' id='word_1_412' title='bbox 353 2632 401 2669; x_wconf 91' lang='lat' dir='ltr'>ab</span> <span class='ocrx_word' id='word_1_413' title='bbox 437 2632 672 2680; x_wconf 83' lang='lat' dir='ltr'>Imperatore</span> <span class='ocrx_word' id='word_1_414' title='bbox 713 2632 918 2680; x_wconf 81' lang='lat' dir='ltr'>positum),</span> <span class='ocrx_word' id='word_1_415' title='bbox 959 2632 1007 2669; x_wconf 88' lang='lat' dir='ltr'>ad</span> <span class='ocrx_word' id='word_1_416' title='bbox 1043 2633 1234 2670; x_wconf 74' lang='lat' dir='ltr'>Batonem</span> <span class='ocrx_word' id='word_1_417' title='bbox 1274 2633 1319 2670; x_wconf 81' lang='lat' dir='ltr'>(lc</span> <span class='ocrx_word' id='word_1_418' title='bbox 1355 2633 1606 2681; x_wconf 83' lang='lat' dir='ltr'>Starenherg,</span> <span class='ocrx_word' id='word_1_419' title='bbox 1648 2633 1816 2682; x_wconf 87' lang='lat' dir='ltr'>inprimis</span> <span class='ocrx_word' id='word_1_420' title='bbox 1855 2644 1951 2681; x_wconf 85' lang='lat' dir='ltr'>quas</span> <span class='ocrx_word' id='word_1_421' title='bbox 1986 2631 2034 2668; x_wconf 85' lang='lat' dir='ltr'>ad</span> 
     </span>
     <span class='ocr_line' id='line_1_43' title="bbox 244 2688 2034 2739; baseline -0.001 -13"><span class='ocrx_word' id='word_1_422' title='bbox 244 2688 548 2727; x_wconf 86' lang='lat' dir='ltr'>Hafenrefferum</span> <span class='ocrx_word' id='word_1_423' title='bbox 581 2691 695 2728; x_wconf 85' lang='lat' dir='ltr'>misit.</span> <span class='ocrx_word' id='word_1_424' title='bbox 747 2689 841 2726; x_wconf 91' lang='lat' dir='ltr'>Cum</span> <span class='ocrx_word' id='word_1_425' title='bbox 874 2690 1063 2728; x_wconf 83' lang='lat' dir='ltr'>Wackero</span> <span class='ocrx_word' id='word_1_426' title='bbox 1097 2689 1142 2728; x_wconf 89' lang='lat' dir='ltr'>de</span> <span class='ocrx_word' id='word_1_427' title='bbox 1174 2690 1432 2737; x_wconf 81' lang='lat' dir='ltr'>Wackensels,</span> <span class='ocrx_word' id='word_1_428' title='bbox 1467 2692 1685 2739; x_wconf 82' lang='lat' dir='ltr'>imperatori</span> <span class='ocrx_word' id='word_1_429' title='bbox 1718 2703 1741 2728; x_wconf 87' lang='lat' dir='ltr'>a</span> <span class='ocrx_word' id='word_1_430' title='bbox 1772 2691 1945 2733; x_wconf 88' lang='lat' dir='ltr'>consiliis</span> <span class='ocrx_word' id='word_1_431' title='bbox 1974 2692 2034 2725; x_wconf 90' lang='lat' dir='ltr'>in-</span> 
     </span>
     <span class='ocr_line' id='line_1_44' title="bbox 245 2747 2034 2796; baseline 0.001 -14"><span class='ocrx_word' id='word_1_432' title='bbox 245 2747 358 2793; x_wconf 91' lang='lat' dir='ltr'>timis,</span> <span class='ocrx_word' id='word_1_433' title='bbox 393 2758 558 2795; x_wconf 87' lang='lat' dir='ltr'>quocum</span> <span class='ocrx_word' id='word_1_434' title='bbox 581 2747 729 2795; x_wconf 85' lang='lat' dir='ltr'>Pragae</span> <span class='ocrx_word' id='word_1_435' title='bbox 751 2748 913 2785; x_wconf 88' lang='lat' dir='ltr'>multum</span> <span class='ocrx_word' id='word_1_436' title='bbox 936 2749 1203 2786; x_wconf 89' lang='lat' dir='ltr'>commercium</span> <span class='ocrx_word' id='word_1_437' title='bbox 1234 2749 1418 2794; x_wconf 86' lang='lat' dir='ltr'>habebat,</span> <span class='ocrx_word' id='word_1_438' title='bbox 1451 2760 1517 2796; x_wconf 87' lang='lat' dir='ltr'>per</span> <span class='ocrx_word' id='word_1_439' title='bbox 1547 2749 1675 2786; x_wconf 87' lang='lat' dir='ltr'>literas</span> <span class='ocrx_word' id='word_1_440' title='bbox 1708 2747 1753 2785; x_wconf 92' lang='lat' dir='ltr'>de</span> <span class='ocrx_word' id='word_1_441' title='bbox 1785 2758 2034 2795; x_wconf 83' lang='lat' dir='ltr'>cosmogo-</span> 
     </span>
     <span class='ocr_line' id='line_1_45' title="bbox 246 2804 2032 2854; baseline 0.002 -14"><span class='ocrx_word' id='word_1_442' title='bbox 246 2805 327 2841; x_wconf 87' lang='lat' dir='ltr'>nia</span> <span class='ocrx_word' id='word_1_443' title='bbox 359 2804 537 2842; x_wconf 87' lang='lat' dir='ltr'>disseruit</span> <span class='ocrx_word' id='word_1_444' title='bbox 569 2810 606 2843; x_wconf 91' lang='lat' dir='ltr'>et</span> <span class='ocrx_word' id='word_1_445' title='bbox 638 2805 683 2842; x_wconf 91' lang='lat' dir='ltr'>de</span> <span class='ocrx_word' id='word_1_446' title='bbox 716 2806 923 2843; x_wconf 87' lang='lat' dir='ltr'>maculis</span> <span class='ocrx_word' id='word_1_447' title='bbox 956 2807 992 2842; x_wconf 91' lang='lat' dir='ltr'>in</span> <span class='ocrx_word' id='word_1_448' title='bbox 1026 2806 1158 2852; x_wconf 88' lang='lat' dir='ltr'>Sole,</span> <span class='ocrx_word' id='word_1_449' title='bbox 1194 2806 1238 2844; x_wconf 86' lang='lat' dir='ltr'>de</span> <span class='ocrx_word' id='word_1_450' title='bbox 1261 2806 1362 2843; x_wconf 89' lang='lat' dir='ltr'>Solis</span> <span class='ocrx_word' id='word_1_451' title='bbox 1394 2806 1633 2854; x_wconf 86' lang='lat' dir='ltr'>aliorumque</span> <span class='ocrx_word' id='word_1_452' title='bbox 1665 2811 1851 2843; x_wconf 88' lang='lat' dir='ltr'>astrorum</span> <span class='ocrx_word' id='word_1_453' title='bbox 1882 2810 2032 2843; x_wconf 89' lang='lat' dir='ltr'>natura.</span> 
     </span>
     <span class='ocr_line' id='line_1_46' title="bbox 246 2861 2033 2912; baseline 0.002 -15"><span class='ocrx_word' id='word_1_454' title='bbox 246 2861 304 2899; x_wconf 90' lang='lat' dir='ltr'>De</span> <span class='ocrx_word' id='word_1_455' title='bbox 327 2862 372 2898; x_wconf 86' lang='lat' dir='ltr'>al</span> <span class='ocrx_word' id='word_1_456' title='bbox 387 2863 478 2912; x_wconf 90' lang='lat' dir='ltr'>chy</span> <span class='ocrx_word' id='word_1_457' title='bbox 494 2864 587 2900; x_wconf 84' lang='lat' dir='ltr'>mia</span> <span class='ocrx_word' id='word_1_458' title='bbox 618 2865 699 2911; x_wconf 87' lang='lat' dir='ltr'>agit</span> <span class='ocrx_word' id='word_1_459' title='bbox 721 2875 804 2901; x_wconf 89' lang='lat' dir='ltr'>cum</span> <span class='ocrx_word' id='word_1_460' title='bbox 826 2863 994 2900; x_wconf 80' lang='lat' dir='ltr'>Martino</span> <span class='ocrx_word' id='word_1_461' title='bbox 1015 2863 1194 2901; x_wconf 86' lang='lat' dir='ltr'>Rulando</span> <span class='ocrx_word' id='word_1_462' title='bbox 1216 2868 1253 2901; x_wconf 91' lang='lat' dir='ltr'>ct</span> <span class='ocrx_word' id='word_1_463' title='bbox 1274 2863 1428 2902; x_wconf 82' lang='lat' dir='ltr'>Joaune</span> <span class='ocrx_word' id='word_1_464' title='bbox 1451 2863 1661 2907; x_wconf 86' lang='lat' dir='ltr'>Gerhardo,</span> <span class='ocrx_word' id='word_1_465' title='bbox 1682 2863 1851 2906; x_wconf 79' lang='lat' dir='ltr'>medicis,</span> <span class='ocrx_word' id='word_1_466' title='bbox 1872 2862 1918 2900; x_wconf 89' lang='lat' dir='ltr'>de</span> <span class='ocrx_word' id='word_1_467' title='bbox 1940 2875 1975 2900; x_wconf 91' lang='lat' dir='ltr'>m</span> <span class='ocrx_word' id='word_1_468' title='bbox 1991 2874 2033 2900; x_wconf 89' lang='lat' dir='ltr'>e—</span> 
     </span>
     <span class='ocr_line' id='line_1_47' title="bbox 248 2918 2032 2970; baseline 0.002 -16"><span class='ocrx_word' id='word_1_469' title='bbox 248 2918 418 2957; x_wconf 87' lang='lat' dir='ltr'>dicina</span> <span class='ocrx_word' id='word_1_470' title='bbox 448 2932 533 2957; x_wconf 80' lang='lat' dir='ltr'>cun]</span> <span class='ocrx_word' id='word_1_471' title='bbox 564 2920 745 2958; x_wconf 71' lang='grc' dir='ltr'>ι165561]ὶο</span> <span class='ocrx_word' id='word_1_472' title='bbox 777 2921 987 2958; x_wconf 86' lang='lat' dir='ltr'>clarissimo</span> <span class='ocrx_word' id='word_1_473' title='bbox 1010 2921 1161 2970; x_wconf 79' lang='lat' dir='ltr'>Pragae</span> <span class='ocrx_word' id='word_1_474' title='bbox 1183 2922 1352 2967; x_wconf 83' lang='lat' dir='ltr'>medico,</span> <span class='ocrx_word' id='word_1_475' title='bbox 1386 2922 1623 2970; x_wconf 85' lang='lat' dir='ltr'>Brenggero,</span> <span class='ocrx_word' id='word_1_476' title='bbox 1658 2921 1799 2969; x_wconf 90' lang='lat' dir='ltr'>Papio,</span> <span class='ocrx_word' id='word_1_477' title='bbox 1830 2920 2032 2968; x_wconf 83' lang='lat' dir='ltr'>Ruland03</span> 
     </span>
     <span class='ocr_line' id='line_1_48' title="bbox 250 2976 2032 3027; baseline 0.001 -14"><span class='ocrx_word' id='word_1_478' title='bbox 250 2976 296 3013; x_wconf 87' lang='lat' dir='ltr'>de</span> <span class='ocrx_word' id='word_1_479' title='bbox 329 2982 561 3014; x_wconf 85' lang='lat' dir='ltr'>terrarum</span> <span class='ocrx_word' id='word_1_480' title='bbox 594 2978 941 3027; x_wconf 88' lang='lat' dir='ltr'>descriptione</span> <span class='ocrx_word' id='word_1_481' title='bbox 983 2985 1019 3017; x_wconf 89' lang='lat' dir='ltr'>et</span> <span class='ocrx_word' id='word_1_482' title='bbox 1060 2979 1413 3017; x_wconf 88' lang='lat' dir='ltr'>describendis</span> <span class='ocrx_word' id='word_1_483' title='bbox 1457 2979 1651 3016; x_wconf 87' lang='lat' dir='ltr'>tabulis</span> <span class='ocrx_word' id='word_1_484' title='bbox 1693 2989 1777 3014; x_wconf 88' lang='lat' dir='ltr'>cum</span> <span class='ocrx_word' id='word_1_485' title='bbox 1809 2977 1962 3027; x_wconf 87' lang='lat' dir='ltr'>Styriae</span> <span class='ocrx_word' id='word_1_486' title='bbox 1994 2984 2032 3015; x_wconf 90' lang='lat' dir='ltr'>et</span> 
     </span>
     <span class='ocr_line' id='line_1_49' title="bbox 251 3026 2033 3085; baseline 0.002 -15"><span class='ocrx_word' id='word_1_487' title='bbox 251 3034 429 3072; x_wconf 89' lang='lat' dir='ltr'>Austriae</span> <span class='ocrx_word' id='word_1_488' title='bbox 462 3035 677 3083; x_wconf 86' lang='lat' dir='ltr'>Superioris</span> <span class='ocrx_word' id='word_1_489' title='bbox 712 3035 940 3082; x_wconf 88' lang='lat' dir='ltr'>Ordinibus,</span> <span class='ocrx_word' id='word_1_490' title='bbox 986 3048 1071 3074; x_wconf 91' lang='lat' dir='ltr'>cum</span> <span class='ocrx_word' id='word_1_491' title='bbox 1104 3026 1271 3085; x_wconf 59' lang='lat' dir='ltr'>Criigero</span> <span class='ocrx_word' id='word_1_492' title='bbox 1316 3042 1354 3075; x_wconf 91' lang='lat' dir='ltr'>et</span> <span class='ocrx_word' id='word_1_493' title='bbox 1385 3037 1552 3074; x_wconf 89' lang='lat' dir='ltr'>Martino</span> <span class='ocrx_word' id='word_1_494' title='bbox 1585 3036 1736 3080; x_wconf 92' lang='lat' dir='ltr'>Crusio,</span> <span class='ocrx_word' id='word_1_495' title='bbox 1778 3047 1942 3083; x_wconf 87' lang='lat' dir='ltr'>quocum</span> <span class='ocrx_word' id='word_1_496' title='bbox 1986 3035 2033 3074; x_wconf 87' lang='grc'>(16</span> 
     </span>
     <span class='ocr_line' id='line_1_50' title="bbox 249 3089 2032 3143; baseline 0.003 -17"><span class='ocrx_word' id='word_1_497' title='bbox 249 3089 472 3128; x_wconf 88' lang='lat' dir='ltr'>historia</span> <span class='ocrx_word' id='word_1_498' title='bbox 505 3104 658 3141; x_wconf 89' lang='lat' dir='ltr'>quoque</span> <span class='ocrx_word' id='word_1_499' title='bbox 691 3093 853 3132; x_wconf 90' lang='lat' dir='ltr'>disserit.</span> <span class='ocrx_word' id='word_1_500' title='bbox 915 3094 1108 3132; x_wconf 87' lang='lat' dir='ltr'>Musica</span> <span class='ocrx_word' id='word_1_501' title='bbox 1140 3094 1277 3133; x_wconf 86' lang='lat' dir='ltr'>deinde</span> <span class='ocrx_word' id='word_1_502' title='bbox 1309 3099 1347 3132; x_wconf 89' lang='lat' dir='ltr'>et</span> <span class='ocrx_word' id='word_1_503' title='bbox 1378 3094 1680 3132; x_wconf 86' lang='lat' dir='ltr'>Harmonica</span> <span class='ocrx_word' id='word_1_504' title='bbox 1712 3093 1746 3128; x_wconf 91' lang='lat' dir='ltr'>in</span> <span class='ocrx_word' id='word_1_505' title='bbox 1781 3094 1826 3130; x_wconf 92' lang='lat' dir='ltr'>iis</span> <span class='ocrx_word' id='word_1_506' title='bbox 1858 3093 2032 3143; x_wconf 91' lang='lat' dir='ltr'>epistolis</span> 
     </span>
     <span class='ocr_line' id='line_1_51' title="bbox 248 3150 2032 3202; baseline 0.004 -19"><span class='ocrx_word' id='word_1_507' title='bbox 248 3152 409 3186; x_wconf 81' lang='lat' dir='ltr'>tractata</span> <span class='ocrx_word' id='word_1_508' title='bbox 441 3154 540 3199; x_wconf 84' lang='lat' dir='ltr'>sunt,</span> <span class='ocrx_word' id='word_1_509' title='bbox 574 3162 670 3198; x_wconf 85' lang='lat' dir='ltr'>quas</span> <span class='ocrx_word' id='word_1_510' title='bbox 702 3151 750 3188; x_wconf 85' lang='lat' dir='ltr'>ad</span> <span class='ocrx_word' id='word_1_511' title='bbox 773 3152 980 3191; x_wconf 84' lang='lat' dir='ltr'>Anhaltiac</span> <span class='ocrx_word' id='word_1_512' title='bbox 1001 3152 1230 3202; x_wconf 85' lang='lat' dir='ltr'>Principem,</span> <span class='ocrx_word' id='word_1_513' title='bbox 1263 3152 1518 3201; x_wconf 86' lang='lat' dir='ltr'>Herwartum,</span> <span class='ocrx_word' id='word_1_514' title='bbox 1549 3150 1798 3189; x_wconf 86' lang='lat' dir='ltr'>Joachimum</span> <span class='ocrx_word' id='word_1_515' title='bbox 1819 3150 2032 3191; x_wconf 87' lang='lat' dir='ltr'>Tanckium</span> 
     </span>
    </p>
   </div>
  </div>
 </body>
</html>
