2177 3408
486 123 724 163 Summarium
748 124 930 163 Historiae
955 125 1206 164 Astronomiae
1232 126 1354 163 seculo
1379 127 1474 164 XVI.
1812 126 1895 173 599

94 249 135 279 ob
152 247 188 278 id
205 256 265 278 nec
281 248 420 279 suffocat
434 255 496 278 neo
513 246 626 278 oculos
651 248 727 289 urit,
755 247 811 278 sed
829 249 937 279 solum
963 249 1115 279 calefacit
1138 251 1169 279 et
1193 249 1314 284 siccat:
1342 247 1422 278 alter
1448 250 1507 288 est,
1533 248 1591 288 qui
1611 246 1762 276 flammae
1787 248 1896 286 praeit

92 294 348 334 generationem,
376 295 430 325 hie
454 294 621 325 humidior
646 298 696 325 est
719 304 757 325 ac
782 293 897 325 oculos
922 296 987 325 urit
1013 299 1044 325 et
1068 296 1220 336 suffocat,
1247 295 1334 334 quod
1362 295 1395 324 in
1422 295 1527 324 aerem
1552 303 1618 323 non
1644 292 1743 322 facile
1761 302 1895 323 conver-

91 342 186 374 titur.
234 340 332 382 Aqua
364 342 448 372 solet
478 341 687 371 vehementer
720 341 897 372 accendere
930 343 1021 379 ignes
1075 343 1233 383 quoniam
1267 341 1438 371 humidum
1472 341 1599 382 ipsum,
1635 339 1724 379 quod
1751 339 1892 381 exhalat,
1936 378 1944 383 .

94 387 254 428 pinguius
280 388 445 425 redditur,
470 397 531 418 nec
555 397 573 418 a
599 388 797 418 circumfuso
823 387 913 418 fumo
940 389 1133 423 absumitur,
1161 389 1217 419 sed
1243 391 1349 418 totum
1373 389 1459 426 ignis
1485 388 1558 428 ipse
1584 386 1792 426 depascitur,
1827 395 1893 426 quo

92 434 207 475 purior
230 434 308 464 inde
333 434 439 465 factus
465 437 497 464 et
521 435 619 465 simul
646 433 802 465 collectus
828 444 846 465 a
871 435 991 473 frigido
1018 434 1158 466 alacrior
1190 435 1343 473 insurgit.
1371 452 1414 456 —-
1441 435 1505 464 Aer
1529 435 1653 464 ictibus
1688 432 1895 472 excipiendis

92 481 284 521 aptissimus
311 491 381 512 esse
407 481 549 515 videtur,
599 481 682 512 Sunt
707 484 818 511 autem
844 486 953 512 motus
979 481 1146 523 simplices
1174 482 1230 512 alii
1254 485 1384 522 praeter
1407 484 1472 511 tres
1500 481 1652 520 superius
1678 478 1784 509 dictos
1810 488 1895 519 qua-

92 530 182 558 tuor:
212 524 249 567 1)
276 529 438 570 coelestis,
466 529 523 567 qui
548 529 692 558 maxime
718 531 767 558 est
792 528 969 565 naturalis,
1003 531 1036 569 2)
1063 530 1149 559 31105
1176 538 1287 558 rursus
1315 528 1494 568 naturalis,
1522 527 1580 568 qui
1606 537 1624 557 a
1643 526 1785 565 quadam
1813 527 1896 555 obe-

92 573 217 603 dientia
240 583 349 605 rerum
373 574 426 615 fit,
458 578 496 604 ut
519 584 626 614 aquae
653 576 694 605 ob
721 575 867 616 Lunam,
899 575 977 605 ferri
1011 575 1053 605 ad
1088 574 1277 605 herculeum
1312 575 1475 615 lapidem,
1515 575 1547 613 3)
1575 573 1800 613 voluntarius,
1837 572 1895 612 qui

93 619 294 651 animalibus
320 622 490 663 convenit,
524 623 558 663 4)
584 622 759 653 violentus.
807 622 1012 662 Principium
1044 626 1153 652 motus
1179 621 1317 652 violenti
1350 625 1398 651 est
1425 624 1514 650 extra
1540 625 1660 650 motam
1692 628 1771 650 rem.
1821 618 1896 649 Hoc

92 670 201 697 autem
237 676 302 697 non
327 670 437 709 potest
462 677 532 699 esse
563 669 628 698 nisi
658 670 725 699 a‘er:
760 669 863 707 igitur
887 672 978 699 mota.
1008 669 1169 699 violenter
1193 669 1236 698 ab
1262 669 1335 698 aere
1362 670 1545 699 moventur.
1596 666 1691 705 Quae
1723 669 1897 695 moventur

91 714 208 751 gravia
239 714 307 744 ictu
341 714 454 755 aliquo
480 715 544 745 tria
568 716 708 755 habent,
742 724 779 746 ex
808 716 929 756 quibus
956 714 1129 745 conficitur
1159 719 1285 745 motus:
1324 713 1352 755 1)
1378 715 1547 755 propriam
1578 714 1791 753 gravitatem,
1827 721 1897 753 qua

94 760 245 790 deorsum
276 760 442 802 feruntur,
477 762 510 803 2)
536 762 637 791 medii
663 760 769 802 (36115)
795 762 978 792 naturalem
1006 763 1089 800 vim,
1123 761 1156 803 3)
1185 763 1249 791 vim
1284 761 1496 800 acquisitam,
1535 769 1599 799 qua
1631 763 1760 800 partem
1792 757 1895 788 aliam

92 807 175 837 acris
200 810 345 841 movent.
387 807 469 838 Cum
493 809 607 846 gravia
631 811 708 848 post
725 809 826 838 ictum
843 808 886 838 ad
903 818 1092 848 supremum
1116 812 1205 838 recta
1230 808 1450 848 pervenerint,
1476 815 1542 836 non
1568 816 1627 846 per
1653 806 1810 836 circulum
1836 814 1896 835 1166

93 856 218 884 rectam
243 852 336 884 illico
363 855 584 896 descendunt,
617 855 674 885 sed
699 855 809 885 media
835 856 931 894 quasi
954 853 1061 895 linea,
1096 864 1176 894 quae
1200 853 1380 896 parabolae
1404 853 1504 883 ferme
1531 853 1680 883 imitatur
1705 853 1896 882 circumam-

92 900 237 930 bientem
260 899 395 942 lineam,
423 901 553 932 demum
578 899 643 931 fine
668 904 776 932 motus
805 901 963 932 decidunt
985 901 1074 932 linea
1099 905 1187 931 recta
1211 901 1255 931 ad
1282 910 1436 939 unguem.

230 946 292 977 De
318 948 438 979 Luce.
483 949 619 989 Lumen,
646 946 780 978 claritas
805 951 837 978 et
863 949 952 978 color
978 952 1055 978 sunt
1078 957 1129 978 res
1155 957 1223 978 una
1248 947 1453 977 diversorum
1479 946 1737 986 comparatione,
1765 944 1896 975 diversa

91 995 227 1025 nomina
253 997 284 1025 et
309 995 410 1025 etiam
435 994 599 1025 diversam
632 995 808 1032 imaginem
841 1004 880 1025 ac
912 995 1249 1035 repraesentationem
1283 994 1477 1034 suscipiens,
1527 993 1601 1023 Lux
1632 1001 1707 1022 vero
1748 990 1894 1032 qualitas

95 1044 145 1071 est
171 1050 210 1071 ex
235 1039 328 1072 illius
353 1042 451 1071 tertio
477 1050 605 1082 genere,
631 1044 734 1080 utque
759 1042 793 1071 in
819 1042 996 1082 perspicuo
1023 1051 1158 1082 corpore
1181 1051 1199 1070 a
1222 1040 1296 1071 luce
1321 1039 1359 1070 fit
1383 1041 1506 1076 lumen,
1532 1040 1577 1069 ita
1603 1039 1637 1068 111
1663 1047 1767 1079 opaco
1795 1037 1894 1070 color.

91 1088 220 1118 Lumen
254 1092 305 1118 est
338 1088 422 1118 lucis
457 1088 660 1129 similitudo,
693 1097 777 1128 quae
809 1089 939 1119 claritas
973 1089 1009 1119 in
1044 1098 1094 1128 se,
1126 1092 1156 1117 et
1195 1088 1313 1118 coloris
1348 1088 1572 1117 substantiam
1606 1085 1687 1115 adeo
1716 1085 1815 1114 habet
1839 1094 1895 1114 an-

92 1143 223 1175 nexam,
248 1137 286 1164 ut
309 1144 414 1176 prope
439 1135 523 1166 nihil
550 1135 593 1166 sit
618 1135 727 1177 aliud3
762 1138 812 1165 est
834 1133 920 1165 lucis
946 1136 1053 1174 imago
1080 1135 1116 1164 10
1142 1144 1278 1175 corpore
1303 1134 1491 1175 perspicuo,
1542 1132 1759 1172 Perspicuum
1785 1134 1897 1161 autem

92 1181 230 1222 triplex:
269 1181 435 1221 quoddam
461 1181 618 1222 aequale.
643 1181 811 1222 quoddam
836 1182 1013 1221 inaequale
1040 1191 1097 1212 seu
1122 1181 1156 1210 in
1181 1182 1335 1222 partibus
1362 1181 1430 1211 suis
1456 1180 1639 1220 diversum,
1675 1182 1705 1208 et
1731 1177 1895 1217 quoddam

92 1226 163 1258 sola
189 1228 373 1269 superficie,
410 1229 596 1267 quusmodi
629 1231 707 1258 sunt
740 1229 883 1270 specula.
932 1229 969 1259 In
995 1229 1103 1269 primo
1129 1228 1239 1258 lumen
1264 1230 1353 1258 recta
1377 1227 1543 1268 procedit,
1579 1227 1612 1255 in
1639 1224 1782 1255 secundo
1809 1224 1895 1254 fran-

91 1275 189 1315 gitur,
217 1284 234 1304 a
259 1275 358 1305 tertio
383 1273 574 1309 reflectitur.
619 1274 730 1313 Quare
756 1280 820 1305 tres
847 1278 924 1306 sunt
949 1276 1075 1316 species
1099 1274 1253 1305 luminis:
1279 1277 1380 1315 recta,
1406 1275 1543 1304 refracta
1569 1275 1600 1302 et
1624 1273 1758 1302 reflexa.
1796 1271 1897 1301 Recta

92 1321 237 1351 ostendit
261 1330 311 1352 res
338 1324 374 1352 ut
398 1326 490 1360 sunt,
514 1323 657 1353 refracta
682 1324 842 1364 mutatas,
867 1321 988 1352 reflexa
1013 1321 1151 1355 debiles,
1178 1339 1221 1343 -—
1248 1319 1452 1362 Crepuscula
1475 1318 1575 1357 fiunt,
1602 1319 1683 1359 quia
1707 1327 1785 1359 pars
1812 1327 1896 1359 quae

92 1377 194 1409 supra
219 1368 354 1399 Terram
380 1372 412 1398 et
436 1370 497 1399 sub
524 1370 643 1399 umbra
668 1368 787 1399 Terrae
813 1371 876 1409 est,
913 1379 930 1399 a
955 1369 1136 1409 vaporibus
1163 1367 1363 1398 condensata
1391 1367 1502 1397 radios
1528 1366 1614 1397 Solis
1651 1365 1776 1405 excipit
1800 1367 1831 1394 et
1856 1364 1896 1393 ad

91 1424 152 1445 nos
178 1415 327 1446 reflectit.
370 1416 430 1446 Iris
455 1413 494 1445 fit
519 1425 534 1446 e
560 1416 648 1446 nube
675 1415 775 1445 densa
799 1415 908 1445 rorida
924 1414 1131 1456 guttulisque
1158 1417 1312 1445 scatente.
1348 1413 1499 1445 Obscura
1524 1416 1572 1443 est
1597 1412 1719 1452 nubes,
1747 1412 1898 1452 superior

92 1464 162 1501 ejus
187 1471 263 1503 pars
288 1471 307 1491 a
324 1461 400 1492 Sole
426 1461 646 1500 illuminatur,
673 1471 747 1492 cum
772 1471 849 1492 vero
877 1463 1051 1493 obscurum
1077 1461 1288 1492 illuminatur
1306 1464 1337 1491 et
1354 1460 1389 1490 id
1414 1460 1556 1500 politum
1575 1458 1685 1496 fuerit,
1711 1458 1751 1488 ad
1771 1457 1895 1487 colores

90 1518 152 1550 pro
178 1509 264 1539 lucis
289 1507 504 1539 multitudine
528 1510 660 1548 transit,
685 1511 800 1547 guttae
826 1518 903 1539 vero
928 1518 1033 1550 aquae
1050 1507 1175 1550 politae
1192 1507 1277 1538 lucis
1296 1507 1452 1537 varietate
1470 1507 1594 1537 colores
1612 1505 1771 1538 referunt.
1813 1503 1896 1534 Cum

90 1556 202 1586 autem
228 1553 370 1586 circulus
406 1556 544 1586 interior
568 1556 754 1597 proximior
780 1555 823 1586 sit
850 1556 1060 1597 obscuritati,
1094 1556 1262 1586 caeruleus
1291 1555 1435 1592 videtur,
1462 1553 1590 1584 medius
1616 1552 1674 1592 qui
1699 1552 1897 1581 luminosior

91 1605 150 1641 est,
177 1602 310 1642 viridis,
348 1603 508 1641 exterior,
534 1603 592 1643 qui
626 1606 658 1633 et
691 1603 855 1633 maximus
888 1601 1044 1643 ampliori
1072 1602 1146 1632 luce
1177 1601 1381 1642 illustratur,
1424 1609 1557 1631 croceus
1589 1602 1650 1631 est.
1707 1598 1896 1637 Purpureus

91 1658 166 1679 vero
193 1651 226 1679 et
250 1649 396 1679 xanthus
422 1658 487 1679 non
514 1649 719 1691 principales
746 1652 822 1679 sunt
848 1649 991 1690 colores,
1026 1649 1083 1680 sed
1110 1658 1182 1679 cum
1208 1650 1370 1678 varietate
1394 1648 1531 1678 luminis
1558 1655 1598 1676 ex
1624 1646 1725 1675 altero
1750 1645 1785 1674 in
1811 1645 1896 1674 alte-

88 1705 161 1726 rum
188 1695 331 1726 colorem
357 1696 401 1726 sit
425 1697 600 1736 transitus,
635 1696 830 1726 coeuntibus
862 1697 1013 1726 terminis
1046 1705 1178 1727 neccsse
1204 1698 1253 1726 est
1278 1696 1313 1725 in
1338 1694 1447 1725 medio
1479 1694 1622 1724 tenuiter
1653 1690 1737 1721 alios
1770 1691 1896 1721 colores

89 1751 262 1783 apparere.
310 1743 371 1773 Est
395 1745 504 1772 autem
531 1746 679 1774 centrum
704 1742 791 1774 Solis
817 1745 849 1773 et
875 1743 963 1772 oculi
989 1746 1021 1773 et
1046 1743 1141 1773 iridis
1168 1743 1203 1772 in
1228 1751 1294 1772 una
1318 1742 1417 1783 linea,
1444 1742 1491 1771 sic
1518 1750 1555 1770 ex
1583 1748 1660 1769 cava
1684 1736 1806 1768 nebula
1823 1747 1895 1778 per-

89 1787 321 1829 pendiculares
347 1789 435 1819 radii
459 1788 674 1820 reflectuntur
699 1794 730 1819 et
756 1798 955 1830 quamquam
982 1789 1106 1820 nebula
1130 1790 1204 1830 ipsa
1229 1797 1295 1819 non
1323 1789 1366 1818 sit
1391 1787 1550 1827 rotunda,
1578 1786 1641 1816 soli
1666 1789 1774 1814 tamen
1800 1784 1898 1823 radii,

89 1836 149 1877 qui
175 1845 213 1866 ex
239 1839 333 1876 parte
359 1835 500 1866 rotunda
526 1837 756 1876 reflectuntur,
791 1837 869 1875 quia
893 1836 957 1866 soli
982 1836 1274 1877 perpendiculares
1300 1837 1387 1876 sunt,
1414 1834 1501 1865 Solis
1527 1833 1707 1870 imaginem
1733 1830 1898 1872 referunt3

91 1892 173 1922 quae
200 1882 282 1924 quia
307 1882 427 1913 debilis
454 1886 503 1912 est
528 1886 559 1913 et
585 1883 740 1913 debiliter
766 1882 962 1921 reflectitur,
1001 1884 1148 1913 colorum
1179 1883 1322 1922 speciem
1352 1883 1578 1920 repraesentat
1609 1879 1669 1908 sub
1697 1875 1899 1908 semicirculi

88 1930 206 1961 forma.
254 1928 390 1968 Quanto
416 1928 516 1959 altior
541 1928 611 1969 Sol,
638 1939 675 1960 eo
701 1930 862 1960 minorem
887 1929 1076 1970 portionem
1101 1929 1200 1959 unius
1227 1928 1344 1959 circuli
1375 1928 1492 1958 iridem
1519 1935 1589 1957 esse
1614 1934 1748 1955 necesse
1775 1927 1834 1954 est.
1856 1941 1898 1945 ——

88 1977 154 2006 Aer
178 1975 219 2006 ad
245 1976 374 2006 coelum
405 1985 510 2017 usque
541 1976 732 2007 extenditur
762 1976 941 2017 puriorque
975 1974 1067 2006 illius
1103 1985 1178 2016 pars
1204 1976 1335 2005 aethera
1367 1978 1518 2015 vocatur:
1553 1972 1611 2003 sed
1644 1981 1753 2012 neque
1787 1971 1899 2000 aether

88 2031 198 2064 neque
222 2024 277 2053 aer
303 2023 344 2053 ob
371 2023 578 2053 substantiae
602 2024 782 2064 puritatem
808 2023 923 2054 sentiri
956 2026 1110 2064 possunt.
1163 2020 1201 2054 Si
1226 2023 1279 2052 ae'r
1305 2020 1424 2052 coloris
1453 2021 1619 2062 particeps
1645 2021 1750 2057 esset,
1788 2018 1900 2048 omnia

88 2069 238 2110 ejusdem
264 2067 383 2100 coloris
407 2079 477 2100 esse
502 2069 693 2100 viderentur
719 2072 779 2101 etc.

224 2124 348 2160 Habes
372 2124 556 2169 specimen
582 2124 772 2175 physicae,
806 2124 949 2170 qualem
974 2124 1051 2160 fere
1074 2125 1299 2159 immutatam
1324 2123 1498 2158 tenebant
1529 2133 1594 2167 per
1619 2120 1778 2157 seculum
1803 2120 1899 2155 XVI.

87 2183 154 2217 viri
178 2193 298 2218 rerum
324 2187 474 2218 naturae
500 2183 653 2218 studiosi
678 2182 891 2228 qualemque
918 2182 1156 2227 deprehendit
1181 2182 1259 2226 ipse
1284 2181 1473 2226 Keplerus.
1517 2181 1701 2225 Superest,
1729 2184 1768 2213 ut
1784 2181 1902 2223 pauca

87 2240 280 2276 afferamus
307 2251 352 2275 ex
376 2241 435 2283 iis,
463 2251 554 2286 quae
573 2241 759 2277 Cardenus
787 2241 830 2277 de
856 2241 970 2277 stellis
996 2240 1156 2286 prodidit
1180 2241 1217 2275 in
1242 2239 1350 2285 libro,
1378 2249 1448 2284 quo
1476 2239 1519 2274 (16
1545 2238 1650 2274 Coelo
1676 2237 1804 2281 agitur.
1846 2237 1900 2271 De

87 2303 218 2334 natura
242 2299 428 2334 stellarum
454 2299 544 2334 haec
569 2298 689 2335 affert:
717 2302 891 2342 Quomodo
917 2301 1029 2333 lumen
1048 2311 1066 2332 a
1091 2301 1255 2332 sideribus
1280 2300 1485 2337 reflectatur,
1512 2299 1677 2329 dubitatio
1704 2307 1770 2328 non
1796 2307 1900 2337 parva

91 2352 159 2389 est;
186 2358 261 2378 nam
278 2349 307 2379 si
325 2358 345 2379 a
365 2349 528 2379 sideribus
553 2350 742 2390 reflectitur,
776 2349 921 2380 solidum
946 2349 1037 2379 sidus
1056 2357 1125 2379 esse
1144 2351 1294 2389 oportet3
1325 2347 1446 2388 quodsi
1465 2346 1624 2386 solidum,
1652 2355 1709 2375 cur
1726 2347 1816 2374 motu
1834 2353 1901 2374 non

90 2395 254 2433 frangitur
279 2398 311 2425 et
335 2405 409 2425 eum
434 2405 456 2425 a
481 2405 546 2436 quo
573 2399 735 2435 moveturfe
746 2405 811 2426 non
836 2395 978 2434 fatigat?
1020 2395 1164 2436 Oportet
1197 2398 1309 2425 autem
1343 2393 1620 2434 quemadmodum
1646 2395 1678 2421 et
1702 2392 1737 2421 in
1764 2399 1899 2431 corpore

91 2440 285 2472 animalium
311 2442 455 2472 animam
480 2446 599 2483 sponte
624 2444 749 2473 moveri
784 2446 816 2472 et
848 2441 1007 2473 alacriter.
1059 2442 1096 2472 In
1131 2441 1221 2471 coelo
1255 2450 1328 2471 cum
1361 2441 1487 2481 ubique
1518 2440 1627 2469 anima
1659 2439 1719 2476 sit,
1750 2436 1900 2467 alacritas

91 2491 141 2518 est
166 2489 388 2528 sempiterna,
421 2489 462 2518 ob
488 2489 521 2519 id
549 2490 661 2519 anima
684 2498 752 2520 non
777 2490 953 2530 fatigatur,
991 2489 1081 2530 quod
1106 2488 1198 2518 nullo
1233 2497 1368 2527 corpore
1404 2487 1547 2524 indigeat
1581 2483 1718 2516 auxilio,
1768 2483 1832 2514 Sed
1860 2482 1898 2512 de

90 2536 207 2565 Lunae
232 2533 368 2574 circulo,
393 2535 483 2575 quod
509 2545 619 2566 secum
645 2536 777 2566 aethera
802 2536 922 2577 rapiat⁷
948 2545 1014 2565 non
1041 2535 1122 2565 adeo
1149 2535 1236 2565 clara
1261 2534 1413 2575 quaestio
1441 2536 1505 2563 est:
1531 2531 1664 2569 fatigari
1689 2530 1775 2561 enim
1802 2528 1898 2559 debe-

90 2585 156 2619 ret3
182 2581 302 2611 melius
327 2583 377 2611 est
401 2581 519 2623 dicere,
546 2583 608 2612 toti
632 2583 757 2613 aetheri
782 2583 846 2613 hoc
870 2583 978 2612 inesse
1005 2584 1134 2623 sponte,
1160 2584 1196 2611 ut
1222 2588 1438 2622 unaquaeque
1463 2588 1539 2619 pars
1565 2578 1687 2607 feratur
1712 2577 1754 2606 ab
1775 2576 1901 2605 oriente

90 2630 126 2658 in
152 2627 369 2661 occidentem.
418 2627 530 2658 Lunae
560 2629 672 2659 lumen
708 2638 773 2659 non
805 2629 996 2659 universum
1022 2638 1040 2658 a
1065 2628 1141 2659 Sole
1174 2628 1298 2668 pendet
1324 2630 1356 2657 et
1381 2624 1483 2656 multo
1511 2625 1621 2654 minus
1653 2622 1798 2652 siderum
1822 2622 1900 2651 reli-

93 2683 247 2716 quorum.
290 2672 427 2704 Constat
445 2675 531 2704 enim
557 2675 592 2704 in
618 2674 776 2716 deliquiis
794 2676 950 2706 maximis
976 2684 1049 2706 eam
1074 2675 1202 2715 rubere,
1230 2678 1267 2704 ut
1283 2674 1370 2711 ignis
1396 2680 1545 2712 prunam,
1572 2674 1603 2699 et
1629 2670 1691 2699 hoc
1716 2667 1769 2698 illi
1786 2669 1899 2698 lumen

90 2721 264 2762 proprium
289 2724 355 2760 est,
390 2728 587 2761 quacunque
620 2720 754 2751 flamma
785 2725 818 2752 et
843 2721 980 2752 candela
1013 2721 1144 2754 clarius.
1195 2722 1296 2751 Astra
1329 2717 1509 2750 scintillare
1535 2716 1707 2756 videntur,
1741 2715 1899 2756 quoniam

94 2766 179 2798 coeli
204 2767 389 2797 substantia
414 2775 487 2796 cum
514 2767 556 2796 sit
582 2768 757 2808 rarissima,
783 2768 866 2798 radii
891 2767 934 2797 ad
960 2777 1020 2799 nos
1039 2768 1209 2798 venientes
1235 2767 1378 2805 saepius,
1406 2764 1462 2794 sed
1487 2766 1600 2792 tamen
1618 2770 1746 2801 semper
1762 2761 1803 2791 ad
1825 2770 1899 2802 per-

92 2813 341 2855 pendicularem
365 2812 577 2851 franguntur3
605 2814 646 2843 ob
664 2813 699 2843 id
719 2823 791 2843 cum
811 2815 863 2844 ae'r
879 2818 1060 2855 moveatur,
1087 2814 1171 2844 sicut
1196 2811 1305 2853 lapilli
1330 2813 1364 2841 in
1383 2812 1449 2840 imo
1467 2809 1570 2839 fontis
1589 2812 1727 2838 tremere
1744 2808 1900 2838 videntur

95 2861 136 2891 ob
162 2864 287 2890 motum
311 2859 446 2890 fluentis
472 2868 588 2901 aquae,
613 2860 661 2889 ita
686 2858 762 2889 illae
786 2861 932 2890 titubare
959 2861 1123 2891 videntur.
1166 2859 1242 2890 Hoc
1267 2861 1376 2888 autem
1402 2857 1438 2886 in
1462 2855 1646 2885 luminibus
1665 2855 1787 2885 dicitur
1812 2855 1899 2885 scin-

93 2905 216 2938 tillare.
265 2905 388 2937 Stellae
413 2909 524 2936 autem
551 2909 694 2936 errantes
727 2908 760 2936 et
782 2907 877 2936 Luna
900 2915 967 2936 non
993 2905 1195 2941 scintillant,
1231 2905 1312 2945 quia
1336 2902 1481 2933 robustis
1506 2902 1634 2932 viribus
1660 2901 1744 2932 radii
1770 2901 1812 2931 ad
1836 2909 1898 2931 nos

94 2953 309 2995 perveniunt:
342 2956 420 2983 sunt
452 2954 538 2983 enim
570 2953 666 2990 longe
696 2953 793 2983 nobis
824 2951 898 2982 fixis
931 2953 1114 2992 propiores.
1166 2951 1289 2982 Stellae
1312 2949 1411 2988 longe
1436 2949 1574 2990 propius
1601 2949 1715 2979 abesse
1741 2948 1899 2978 videntur

96 3008 196 3041 quam
221 3003 314 3039 sunt,
347 2999 436 3041 quod
463 2999 606 3029 medium
632 2999 777 3040 spatium
802 2999 888 3029 inter
913 3007 973 3029 nos
999 3002 1031 3028 et
1054 2997 1129 3028 illas
1160 3007 1227 3028 non
1261 2995 1567 3038 comprehenditur3
1603 2996 1642 3025 ob
1669 2994 1704 3024 id
1730 2994 1896 3024 contraria

96 3046 223 3076 ratione
247 3049 339 3076 astra
363 3047 473 3076 omnia
498 3046 576 3076 dum
601 3046 752 3076 oriuntur
775 3055 813 3076 ac
839 3044 995 3075 occidunt
1020 3046 1144 3083 majora
1168 3044 1322 3074 videntur
1356 3052 1454 3084 quam
1474 3044 1510 3072 in
1536 3042 1620 3072 coeli
1644 3041 1776 3082 medio,
1813 3048 1897 3080 quo-

97 3092 190 3131 niam
217 3095 322 3128 terrae
351 3092 546 3133 magnitudo
579 3092 778 3124 intermedia
808 3091 890 3129 facit
899 3114 909 3138 ,
944 3094 981 3129 ut
1016 3089 1131 3124 oculus
1163 3099 1200 3122 ea
1223 3089 1300 3138 plus
1335 3089 1455 3121 distare
1489 3089 1672 3132 existimet,
1702 3088 1792 3120 idem
1817 3086 1898 3120 facit

1032 367 1039 382 5
