2126 3388
934 151 1037 188 1600.
1790 149 1873 193 717

219 267 268 302 Μ.
294 266 501 312 Keplerum‚
527 266 622 302 omni
647 266 840 311 praeconio
866 266 1038 312 majorem
1064 266 1259 310 favoreque
1277 268 1340 300 tuo
1359 270 1395 301 ct
1412 266 1610 311 patrocinio
1633 265 1755 301 multis
1773 266 1880 301 ratio-

81 326 188 361 nibus
222 325 385 370 dignum,
417 325 483 359 tibi
514 325 590 369 jam
616 324 902 360 commendatum
938 325 1092 370 amplius
1128 336 1224 360 nunc
1249 335 1320 359 non
1346 325 1575 370 commendo,
1608 325 1671 361 sed
1697 325 1815 370 ipsum
1840 335 1879 360 se

80 383 319 429 spectandum
345 388 380 419 et
405 383 598 418 fruendum
632 381 754 427 potius
780 383 988 427 praemitto,
1015 383 1110 428 apud
1136 388 1172 418 te
1197 382 1300 427 mihi,
1326 387 1367 419 ut
1392 394 1514 428 spero,
1541 384 1733 419 multarum
1758 393 1877 417 rerum

78 452 292 487 praeconem
312 447 348 478 et
364 442 642 478 conciliatorem.
668 441 973 476 Intermediatoris
992 446 1112 476 tamen
1128 441 1295 485 officium,
1316 441 1412 485 quod
1428 442 1479 476 ita
1497 446 1657 477 amanter
1674 445 1710 476 et
1726 440 1879 484 benigne

78 511 158 535 cnm
183 500 379 544 gratiarum
405 500 546 535 actione
572 500 788 544 susceperis,
814 499 858 534 ad
883 509 939 534 me
965 501 1141 545 pertinet,
1177 499 1328 534 Domine
1355 500 1496 543 Tycho‚
1532 511 1574 535 ac
1599 500 1688 535 facis
1713 500 1750 534 in
1775 509 1816 534 eo
1841 503 1878 533 te

79 563 176 595 certe
201 568 242 593 ac
267 558 489 594 humanitate
515 564 594 601 tua,
628 557 714 601 quin
739 562 864 593 nostra
889 558 935 593 ad
960 562 996 593 te
1020 563 1198 603 perpetuo
1235 556 1426 592 amandum
1451 560 1487 592 et
1512 557 1699 593 colendum
1726 558 1878 592 benevo-

79 618 191 653 lentia
226 617 324 652 haud
357 617 552 661 indignum.
602 616 706 651 Addo
739 617 775 651 id
809 617 944 661 ipsum,
977 617 1091 651 nostri
1124 616 1239 661 gratia
1264 614 1439 660 quidquid
1465 625 1572 658 porro
1599 614 1807 657 accesserit,
1842 613 1878 647 id

79 685 183 710 omne
209 686 281 710 non
307 680 380 709 tam
407 674 452 709 ad
478 674 658 710 cumulum
683 680 825 710 tuorum
851 675 888 710 in
914 685 979 710 nos
1004 675 1212 710 meritorum
1239 683 1319 709 esse
1344 672 1589 716 referendum,
1616 683 1721 716 quam
1747 672 1818 707 alta
1844 676 1879 707 et

78 737 181 777 grata
205 732 376 767 memoria
401 731 701 776 persequendum.
751 734 792 767 In
818 733 939 777 specie
965 743 1066 775 vero,
1101 742 1192 776 quae
1227 732 1270 767 de
1303 731 1419 776 ipsius
1444 731 1594 776 Kepleri
1625 732 1763 766 ratione
1796 742 1878 766 con-

76 791 226 826 ferenda
250 795 387 836 essent,
419 791 539 835 aliqua
569 791 606 826 in
638 791 864 827 occasionem
896 791 1011 827 nostri
1036 795 1232 827 conventus
1260 790 1401 826 differre
1427 790 1604 835 cogimur,
1641 801 1748 834 quem
1773 789 1876 825 nobis

80 849 214 885 efficiet
241 849 374 884 Caesar
398 849 618 894 propediem.
645 870 689 874 —

216 907 396 952 Keplerus
433 907 560 943 eodem
597 918 667 952 quo
704 908 793 944 haec
831 908 964 953 scripta
1009 911 1092 943 sunt
1136 908 1192 943 die
1230 907 1439 943 Benaticam
1469 906 1629 948 transiit,
1671 906 1749 951 ipse
1789 906 1878 941 forte

75 958 141 1003 has
173 966 296 1002 literas
329 964 491 1010 Tychoni
523 965 681 1001 tradens.
730 967 786 1001 De
816 966 944 1001 itinere
978 975 1042 1001 suo
1078 969 1114 1000 et
1148 965 1425 1001 commoratione
1458 964 1554 1009 apud
1588 964 1766 1000 Braheum
1801 964 1878 1009 ipse

75 1025 257 1070 Keplerus
281 1024 371 1059 haec
396 1024 527 1060 refert:
566 1021 691 1060 Gratii
735 1022 921 1073 dissipato
963 1026 1095 1060 nostro
1137 1026 1250 1059 coetu
1282 1021 1529 1068 discentium,
1570 1021 1653 1069 ipse
1694 1019 1877 1058 salarium

78 1081 182 1132 quod
213 1081 415 1131 capiebam
443 1093 466 1118 a
487 1082 707 1131 proceribus
740 1082 963 1131 provinciae
995 1081 1077 1118 sine
1109 1091 1237 1130 opera,
1270 1079 1368 1117 bene
1392 1079 1650 1117 collocaturus
1676 1078 1877 1116 consilium

78 1139 234 1179 tandem
276 1140 380 1189 cepi,
427 1139 652 1189 Tychonem
686 1139 813 1177 Brahe
857 1138 1043 1177 visitandi
1082 1140 1196 1176 toties
1237 1139 1467 1176 invitantem
1484 1137 1539 1186 ff).
1602 1137 1771 1175 Venerat
1810 1136 1875 1175 ille

78 1210 178 1237 anno
215 1201 322 1237 1598
358 1198 634 1246 Witebergam,
669 1199 791 1236 iturus
823 1197 873 1235 ad
903 1197 1203 1247 Imperatorem3
1235 1197 1302 1234 ubi
1335 1207 1420 1234 cum
1459 1195 1700 1245 aliquamdiu
1730 1195 1877 1233 substi-

78 1259 200 1305 tisset,
233 1268 336 1294 anno
369 1258 547 1305 sequenti
578 1258 616 1293 in
647 1256 876 1295 Bohemiam
909 1268 951 1294 se
983 1255 1156 1302 contulit,
1190 1256 1252 1293 cui
1275 1255 1462 1292 Benatica
1493 1266 1560 1291 arx
1592 1255 1708 1304 regia,
1744 1257 1766 1292 5
1788 1253 1878 1291 mil-

77 1316 238 1354 liaribus
269 1315 398 1364 Praga
429 1314 597 1363 distans,
630 1315 845 1353 habitanda
877 1326 1063 1353 concessa
1094 1314 1178 1351 suit.
1242 1312 1351 1351 Haec
1384 1314 1513 1351 omnia
1543 1312 1635 1349 mihi
1667 1313 1730 1350 Fr.
1762 1311 1877 1349 Hoff-

77 1386 242 1412 mannus
274 1373 319 1411 L.
352 1373 397 1413 Β.
437 1372 592 1423 Styrus,
633 1374 698 1423 qui
730 1378 820 1411 tunc
851 1373 979 1423 Praga
1011 1376 1191 1419 venerat,
1235 1371 1383 1418 retulit,
1427 1383 1487 1409 me
1519 1371 1568 1409 ad
1601 1369 1876 1420 capessendum

78 1434 151 1471 iter
196 1432 424 1470 adhortatus
463 1438 539 1479 est,
585 1432 671 1470 loco
714 1432 807 1469 mihi
853 1431 985 1469 oblato
1025 1433 1063 1467 in
1107 1431 1291 1468 comitatu
1334 1441 1418 1468 suo.
1482 1429 1541 1467 Ad
1574 1428 1666 1466 Idus
1698 1428 1877 1467 Januarii

81 1490 218 1529 Gratio
252 1490 411 1529 discessi
444 1495 482 1529 et
514 1502 598 1528 cum
631 1490 780 1540 Pragae
811 1502 878 1539 per
910 1489 1060 1539 aliquot
1093 1488 1175 1527 dies
1208 1488 1433 1535 haesissem,
1467 1487 1622 1526 tandem
1653 1487 1775 1525 Nonis
1799 1487 1877 1526 Fc-

78 1550 224 1588 bruarii
261 1549 489 1587 Benaticam
531 1550 638 1596 veni,
688 1549 873 1598 brevique
916 1553 1052 1598 captus
1084 1547 1377 1585 Braheanorum
1414 1546 1593 1584 laborum
1631 1546 1878 1594 vicissimque

80 1608 261 1647 exhibitis
291 1609 436 1657 ingenii
467 1609 543 1645 mei
575 1608 868 1657 experimentis,
908 1612 1044 1657 pactus
1078 1605 1318 1644 conditiones
1361 1616 1446 1643 cum
1485 1606 1570 1655 ipso
1603 1603 1876 1650 commorandi,

79 1678 177 1717 quas
218 1666 370 1717 Styriae
409 1677 586 1716 proceres
625 1671 728 1703 ratas
770 1666 968 1703 haberent.
1031 1665 1131 1703 Veni
1171 1663 1220 1702 ad
1264 1663 1488 1714 Tychonem
1528 1674 1596 1713 spe
1635 1662 1877 1713 planetarum

80 1730 271 1763 correctas
315 1726 619 1763 eccentricitates
665 1723 903 1762 addiscendi.
980 1722 1077 1762 Cum
1124 1723 1226 1761 enim
1272 1723 1394 1772 primo
1442 1721 1597 1760 octiduo
1645 1721 1876 1769 didicissem,

80 1784 274 1822 Braheum
304 1783 489 1822 adhibere
521 1782 689 1821 medium
720 1788 867 1821 motum
890 1781 1005 1830 Solis,
1039 1782 1087 1820 ab
1120 1792 1165 1819 eo
1197 1782 1402 1831 impetravi
1434 1786 1476 1817 ut
1507 1780 1599 1817 mihi
1630 1778 1771 1827 liceret,
1806 1779 1877 1817 ob-

79 1842 367 1881 servationibus
399 1853 484 1880 meo
516 1841 631 1879 modo
664 1842 732 1879 uti.
794 1841 886 1879 Erat
916 1846 996 1878 tum
1028 1839 1353 1888 Longomontano
1395 1839 1466 1876 sub
1510 1838 1688 1875 manibus
1727 1838 1877 1876 theoria

80 1900 236 1949 Martis;
281 1901 314 1938 si
346 1899 464 1938 alium
502 1900 698 1950 planetam
730 1904 953 1947 tractasset,
996 1900 1034 1935 in
1067 1897 1230 1936 eundem
1265 1902 1301 1935 et
1333 1909 1404 1946 ego
1436 1896 1668 1935 incidissem.
1731 1896 1877 1933 Divina

81 1970 170 2009 ergo
203 1959 456 2009 dispositione
489 1958 676 1996 accidisse
709 1964 825 2008 puto,
868 1956 972 2007 quod
1012 1957 1148 1995 eodem
1190 1968 1261 2006 ego
1299 1961 1470 2006 tempore
1511 1955 1753 2001 advenerim,
1799 1965 1876 2003 quo

80 2017 197 2056 Marti
228 2017 293 2056 ille
324 2022 405 2055 erat
437 2019 618 2064 intentus,
652 2028 699 2054 ex
731 2017 840 2065 cujus
871 2015 1042 2053 motibus
1064 2016 1218 2053 omnino
1241 2025 1399 2053 necesse
1431 2018 1490 2052 est
1520 2025 1590 2051 nos
1622 2014 1658 2049 in
1682 2013 1876 2062 cognitio-

79 2088 167 2114 nem
198 2077 458 2114 astronomiae
491 2086 716 2113 arcanorum
749 2076 893 2122 venire,
927 2079 994 2112 aut
1026 2085 1071 2111 ea
1104 2079 1288 2125 perpetuo
1319 2074 1465 2111 nescire
1471 2100 1606 2112 .....
1659 2071 1828 2121 Tempus
1851 2082 1875 2108 a

76 2134 287 2174 Februario
318 2135 357 2171 in
388 2134 539 2184 Majum
570 2133 763 2186 sperando
796 2139 834 2172 et
864 2131 1112 2183 imaginando
1145 2132 1359 2181 consumsi;
1397 2131 1468 2169 sub
1500 2131 1670 2182 pignoris
1703 2129 1873 2180 periculo

214 2283 248 2327 ²¹)
273 2284 312 2314 In
335 2283 442 2314 literis
468 2283 651 2323 Tychonis,
678 2283 711 2316 d.
739 2284 767 2314 d.
798 2282 864 2326 Vn.
891 2283 974 2325 Apr.
1004 2283 1089 2314 1598
1116 2282 1358 2321 Wandesburgi
1382 2282 1417 2312 in
1443 2290 1517 2312 arce
1541 2280 1762 2321 Ranzoviana,
1789 2277 1872 2318 legi-

78 2342 162 2365 mus.
183 2357 190 2365 .
211 2355 219 2364 .
238 2356 247 2366 .
300 2331 491 2369 „Quantum
523 2340 582 2368 ego
615 2331 682 2361 tuis
707 2331 818 2362 arduis
847 2331 1021 2362 conatibus
1047 2330 1221 2361 subvenire
1252 2333 1388 2371 potero,
1422 2338 1474 2359 me
1506 2328 1701 2368 neutiquam
1733 2327 1873 2356 habebis

79 2379 266 2421 difficilem,
300 2379 496 2420 praesertim
532 2378 635 2408 sime
669 2386 757 2408 nunc
787 2379 822 2408 in
850 2378 1025 2408 Germania
1058 2377 1229 2415 degentem
1263 2380 1295 2406 et
1327 2385 1342 2406 e
1377 2376 1485 2416 patria
1516 2375 1580 2405 huc
1615 2384 1688 2404 cum
1719 2374 1873 2403 universa

81 2425 222 2465 familia,
248 2435 289 2456 ne
314 2428 402 2456 totus
428 2423 486 2455 ille
509 2424 633 2465 periret
658 2424 833 2456 thesaurus
860 2424 1112 2463 astronomicus,
1140 2426 1188 2453 tot
1212 2423 1318 2465 annis,
1344 2421 1517 2452 laboribus
1543 2424 1575 2451 et
1592 2421 1757 2451 sumtibus
1783 2428 1872 2450 com-

77 2476 232 2514 paratus,
265 2472 448 2513 profectum
481 2469 663 2512 aliquando
697 2472 849 2502 inviseris
882 2473 914 2501 et
939 2479 1065 2501 mecum
1100 2479 1206 2500 coram
1239 2469 1278 2499 de
1311 2468 1511 2508 eJ'uscemodi
1547 2466 1746 2499 sublimibus
1775 2467 1872 2495 rebus

76 2519 222 2558 J'ucunde
250 2523 281 2549 et
305 2520 397 2558 grate
424 2516 635 2548 contuleris.“
686 2518 750 2548 Die
775 2520 807 2549 9.
835 2519 916 2551 Dec.
945 2519 1033 2549 1599
1068 2517 1178 2555 'tycho
1207 2516 1411 2555 „Benachiae
1444 2516 1513 2545 sive
1538 2514 1686 2545 Venetiis
1713 2513 1872 2542 Bohemo-

81 2565 174 2595 rum“
201 2565 282 2596 haec
307 2566 362 2595 dat
386 2563 547 2604 Keplero:
574 2563 602 2594 E
621 2563 716 2595 stella
740 2564 849 2605 polari
874 2563 926 2595 vel
953 2565 1071 2604 quavis
1097 2562 1164 2593 alia
1182 2572 1303 2603 eruere,
1330 2571 1374 2592 an
1393 2563 1480 2592 orbis
1499 2562 1628 2599 Terrae,
1655 2570 1673 2590 a
1691 2558 1871 2599 Copernico

81 2612 296 2653 excogitatus,
322 2612 351 2642 si
375 2612 403 2641 is
429 2614 524 2651 esset,
551 2614 686 2641 octavae
712 2612 870 2652 sphaerae
896 2610 1001 2641 stellis
1027 2609 1271 2651 aliquantulam
1296 2610 1442 2639 insinuet
1465 2607 1670 2648 parallaxin,
1702 2607 1771 2643 jam
1797 2608 1872 2634 ante

81 2659 213 2699 saepius
240 2662 271 2688 et
298 2658 473 2695 diligenter
498 2657 639 2697 experiri
665 2659 809 2695 tentavi3
842 2667 954 2687 verum
979 2656 1066 2687 nihil
1093 2655 1293 2695 ejuscemodi
1325 2656 1467 2694 comperi
1473 2677 1600 2688 .....
1651 2652 1761 2690 Quare
1787 2648 1872 2679 nihil

80 2714 139 2745 pro
166 2704 349 2746 Copernieo
377 2707 432 2734 tuo
459 2705 563 2742 (cujus
596 2704 793 2734 concinnam
819 2707 850 2734 et
874 2704 1076 2742 ingeniosam
1102 2703 1365 2743 speculationem
1390 2702 1470 2731 alias
1497 2699 1654 2730 admirari
1681 2702 1712 2727 et
1736 2697 1870 2736 deprae-

82 2751 190 2782 dicare
215 2750 318 2792 suleo)
346 2750 469 2781 tuendo
503 2750 671 2780 residuum
705 2751 767 2780 erit
798 2749 918 2781 solatii.
968 2750 1033 2781 Sed
1060 2749 1098 2779 de
1124 2749 1175 2778 his
1201 2751 1299 2788 atque
1332 2746 1406 2777 aliis
1431 2747 1563 2788 plenius
1595 2749 1701 2775 tecum
1727 2743 1871 2782 ,iucunde

83 2802 114 2828 et
138 2797 353 2838 perlubenter
377 2806 469 2836 agam
493 2796 658 2836 pluraque
685 2805 723 2826 ex
749 2797 831 2826 meis
850 2796 1109 2834 communicabo,
1136 2796 1164 2824 si
1182 2803 1233 2824 me
1251 2795 1299 2823 uti
1318 2794 1485 2833 polliceris
1505 2791 1689 2832 aliquando
1706 2790 1870 2828 inviseris,

82 2844 172 2883 quod
197 2845 259 2875 tibi
281 2847 351 2884 jam
376 2845 485 2874 minus
512 2841 685 2873 molestum
712 2843 772 2872 erit
798 2851 894 2881 quam
920 2846 1032 2882 antea,
1067 2850 1139 2871 cum
1164 2841 1198 2870 in
1225 2840 1403 2880 Bohemia⁷
1437 2848 1503 2868 non
1534 2837 1708 2867 admodum
1734 2846 1752 2866 a
1776 2836 1871 2866 vobis

82 2894 218 2932 remota,
245 2901 333 2922 nunc
360 2890 452 2922 sedes
479 2888 619 2920 Uraniae
644 2897 747 2918 novas
772 2886 911 2918 fixerim.
961 2888 1070 2918 Nolim
1096 2891 1218 2924 tamen,
1243 2888 1280 2915 ut
1305 2885 1457 2915 fortunae
1482 2885 1643 2925 asperitas
1670 2886 1701 2913 te
1727 2892 1785 2913 nos
1812 2891 1868 2913 ac-

83 2937 197 2968 cedere
223 2937 411 2978 compellat,
437 2936 492 2967 sed
517 2936 630 2976 potius
656 2935 828 2965 arbitrium
852 2935 1024 2975 proprium
1051 2937 1082 2963 et
1108 2941 1182 2970 erga
1207 2932 1394 2962 communia
1420 2931 1529 2961 studia
1554 2939 1645 2960 amor
1670 2932 1701 2959 et
1726 2928 1866 2962 affectio,

84 2983 256 3025 Quidquid
279 2990 392 3015 tamen
416 2984 451 3014 id
477 2984 548 3022 erit,
573 2983 721 3012 invenies
747 2990 797 3011 me
815 2990 882 3011 non
900 2982 1060 3020 fortunae,
1086 2979 1326 3019 qualiscunque
1350 2978 1409 3007 illa
1434 2978 1486 3017 sit,
1513 2977 1569 3007 sed
1594 2980 1686 3006 tuum
1714 2977 1867 3017 amicum,

84 3030 143 3071 qui
161 3032 259 3061 etiam
284 3032 319 3061 in
344 3031 483 3061 adversa
508 3032 594 3060 sorte
621 3038 679 3059 suo
706 3028 845 3059 consilio
865 3031 896 3058 et
912 3025 1038 3057 auxilio
1064 3026 1127 3055 tibi
1152 3033 1365 3066 nequaquam
1391 3025 1433 3054 sit
1459 3023 1648 3065 defuturus,
1675 3022 1732 3053 sed
1755 3023 1868 3063 potius

83 3078 116 3107 te
141 3077 183 3107 ad
208 3079 335 3119 optima
359 3086 508 3118 quaeque
533 3078 755 3116 promoturus.
804 3074 848 3105 Et
873 3074 900 3105 si
925 3076 1051 3104 mature
1076 3073 1260 3113 accesseris,
1288 3080 1343 3102 eas
1367 3072 1451 3102 forte
1475 3071 1622 3102 rationes
1653 3070 1868 3110 inveniemus,

84 3124 208 3164 quibus
230 3125 294 3156 tibi
319 3127 351 3156 et
374 3125 440 3156 tuis
464 3124 500 3155 in
523 3124 692 3165 posterum
717 3122 837 3154 rectius
863 3129 964 3163 quam
990 3123 1088 3152 antea
1113 3119 1299 3152 consultum
1324 3118 1397 3153 erit.
1423 3135 1466 3140 -—
