2177 3408
489 135 725 172 Summarium
750 133 930 171 Historiae
955 133 1204 170 Astronomiae
1231 134 1350 170 seculo
1376 134 1469 169 XVI.
1810 139 1892 183 585

100 266 189 300 sum,
224 254 323 290 velut
348 264 392 290 ex
417 253 596 290 radiorum
623 253 876 288 intersectione
901 255 1012 298 patet.
1063 252 1157 287 Hinc
1181 252 1269 288 illud
1296 252 1474 297 sequitur,
1507 257 1547 288 ut
1572 253 1655 289 Sole
1680 265 1745 299 per
1770 255 1890 299 quale-

99 324 239 358 cunque
257 313 418 348 foramen
436 313 609 355 radiante,
635 323 707 357 quo
725 312 873 356 longius
885 323 906 347 a
923 312 1096 348 foramine
1113 311 1203 347 radii
1220 313 1473 359 processerint,
1502 324 1543 348 eo
1561 314 1674 359 magis
1692 313 1727 348 in
1746 314 1892 358 planum

99 372 245 416 circulo,
273 373 334 416 qui
361 372 532 407 terminus
559 376 613 406 est
638 371 812 406 radiantis
838 370 1050 415 superficiei,
1075 369 1287 416 parallelum
1312 373 1474 417 projecta
1499 373 1561 408 lux
1587 373 1632 408 ad
1651 372 1810 417 ejusdem
1830 373 1893 408 cir-

99 432 170 468 culi
194 431 345 467 formam
370 432 519 476 propius
553 431 701 466 accedat
725 441 767 465 ac
791 429 936 466 tandem
970 429 1130 475 perfecte
1164 429 1346 466 circularis
1379 433 1570 475 appareat:
1605 430 1893 475 quandoquidem

98 491 259 526 foramen
283 494 452 534 respectu
478 489 605 524 solaris
631 488 884 533 magnitudinis
911 488 1128 524 insensibilis
1154 489 1200 524 sit
1225 490 1468 532 quantitatis.“
1505 490 1558 524 De
1584 489 1780 525 reflexione
1806 490 1894 525 haec

98 549 253 595 profert:
280 553 428 594 propter
454 548 634 583 levitatem
660 549 780 584 radius
806 550 841 583 in
867 549 1093 594 superficiem
1119 549 1251 584 cadens
1285 548 1486 593 expellitur.
1537 548 1671 584 Radius
1697 549 1893 594 perpendi-

98 608 229 644 cularis
254 608 290 642 in
317 618 354 643 se
379 608 497 655 ipsum
523 607 730 652 reflectitur,
758 607 923 652 obliquus
950 607 994 642 ad
1021 607 1207 651 aequalem
1232 607 1475 642 inclinationis
1495 607 1661 651 angulum
1686 606 1893 643 reflectitur.

97 667 203 703 Radii
227 678 247 701 a
273 677 430 702 concavo
461 666 608 711 speculo
642 666 767 701 reflexi
799 667 833 701 in
867 672 1039 710 punctum
1070 670 1297 700 concurrunt.
1348 666 1389 700 ln
1417 665 1623 710 Catoptrica
1654 666 1824 710 pleraque
1851 678 1894 702 ex

97 726 251 761 Euclide
287 735 352 760 seu
378 725 571 762 Vitellione
604 725 788 760 desumsit.
837 724 1020 766 Affirmat‚
1055 723 1207 766 angulos
1241 723 1512 760 inclinationum
1538 735 1617 759 esse
1642 724 1894 760 infractionum

97 784 239 830 angulis
275 784 582 830 proportionales,
618 796 723 828 quam
760 785 934 818 rationem
969 784 1020 818 ita
1057 783 1295 827 demonstrat,
1334 788 1372 818 ut
1397 783 1519 818 orbem
1545 783 1790 819 concludendo
1816 794 1896 819 eum

98 843 250 877 volvisse
283 842 392 879 dicas.
451 842 554 876 Radii
590 853 653 886 per
685 842 902 886 diaphanum
937 842 1124 886 globosum
1164 846 1393 878 transeuntes
1436 843 1542 878 fracti
1575 855 1646 878 non
1680 847 1897 879 concurrunt

97 903 191 936 intra
215 901 371 945 globum,
399 901 428 935 si
455 911 498 935 ex
526 911 595 934 uno
622 905 755 944 puncto
791 904 924 935 exeunt
949 910 1013 935 seu
1038 905 1145 936 antea
1171 901 1334 946 paralleli
1352 901 1505 945 fuerant,
1532 902 1748 936 contrarium
1767 902 1895 945 evenit,

99 960 129 995 si
153 960 243 995 radii
267 959 432 1004 paralleli
466 959 559 993 intra
593 958 736 1003 globum
772 958 990 1004 diaphanum
1027 960 1070 994 ab
1105 970 1146 993 eo
1181 964 1323 994 exeunt.
1374 960 1429 995 De
1460 959 1550 995 iride
1582 960 1679 994 varia
1705 959 1895 994 Vitellione

102 1020 192 1055 duce
218 1019 397 1064 proponit,
424 1031 453 1052 v.
483 1030 513 1053 c.
540 1018 677 1053 solares
703 1018 823 1053 radios
848 1019 884 1052 in
910 1018 1065 1053 roridam
1091 1019 1222 1053 nubem
1249 1017 1417 1053 cadentes
1443 1016 1488 1052 ad
1515 1017 1695 1062 angulum,
1722 1017 1783 1060 qui
1807 1017 1896 1052 recti

98 1079 282 1115 dimidium
309 1084 379 1120 est,
412 1077 570 1121 undique
596 1077 642 1111 ad
669 1077 810 1112 oculum
838 1078 1013 1112 retractos
1046 1077 1172 1112 iridem
1198 1087 1370 1121 generare
1396 1080 1503 1121 atque
1529 1076 1609 1111 ideo
1635 1075 1760 1110 iridem
1786 1075 1896 1110 circu-

98 1138 210 1173 larem
235 1137 357 1173 videri.
407 1137 553 1173 Colores
580 1137 662 1172 oriri
687 1137 877 1181 multiplici
902 1137 1118 1172 refractione
1144 1136 1341 1179 radiorum,
1374 1146 1443 1180 qua
1468 1135 1558 1170 radii
1582 1133 1771 1170 validiores
1797 1133 1896 1169 fiant,

99 1196 261 1240 Quatuor
287 1194 426 1230 colores
461 1196 676 1240 praecipuos
700 1195 800 1230 iridis
828 1195 1036 1238 destingust,
1075 1195 1203 1238 quibus
1230 1194 1404 1229 accedant
1430 1199 1501 1228 tres
1534 1193 1593 1227 alii
1618 1193 1726 1228 medii
1751 1192 1899 1232 colores,

96 1254 199 1298 quasi
216 1253 379 1288 binorum
397 1253 671 1298 praecipuorum
692 1253 945 1288 connexiones.
988 1253 1144 1297 „Organi
1165 1252 1330 1287 visualis“
1352 1258 1568 1288 structuram
1586 1256 1733 1287 auctore
1752 1250 1896 1286 Andrea

95 1312 259 1347 Vessalio
284 1311 511 1346 Bruxellensi
544 1311 724 1346 describit.
773 1312 969 1346 Humorem
1001 1311 1247 1356 crystallinum
1282 1312 1511 1356 praecipuam
1540 1310 1660 1345 sedem
1693 1310 1790 1344 visus
1818 1319 1896 1344 esse

97 1370 298 1412 contendit,
332 1374 368 1405 et
392 1370 563 1413 imagines
599 1375 804 1405 exterorum
830 1369 1051 1413 objectorum
1078 1370 1174 1405 lente
1201 1370 1317 1415 frangi
1342 1375 1377 1405 et
1401 1370 1436 1404 in
1455 1369 1606 1403 retinam
1624 1367 1740 1412 rejici3
1765 1367 1895 1402 lentem

97 1434 216 1465 autem
253 1428 496 1475 crystallinam
535 1434 718 1474 comparat
756 1440 836 1464 cum
874 1429 973 1463 vitris
1006 1429 1303 1473 perspicillorum.
1362 1428 1544 1473 Myopiam
1576 1427 1720 1462 deducit
1745 1437 1766 1460 a
1790 1426 1896 1461 lentis

97 1487 323 1524 convexitate
347 1488 429 1532 plus
450 1499 557 1532 quam
578 1488 688 1532 justa,
716 1498 785 1531 qua
811 1486 900 1521 radii
926 1488 962 1521 in
988 1498 1096 1523 nervo
1121 1488 1216 1523 visus
1243 1492 1314 1521 tam
1342 1497 1453 1531 prope
1479 1489 1706 1530 convergant,
1736 1490 1773 1520 ut
1799 1486 1895 1520 visus

97 1547 270 1582 obscurus
296 1546 376 1591 fiat,
409 1547 470 1590 qui
495 1557 578 1581 vero
604 1545 777 1590 pupillam
804 1545 846 1579 de
872 1546 999 1590 majori
1025 1546 1177 1590 sphaera
1203 1552 1357 1580 sumtum
1388 1545 1561 1588 habeant,
1595 1543 1637 1578 iis
1664 1543 1894 1587 expansiores

94 1605 213 1640 radios
239 1604 285 1639 ad
298 1604 438 1648 longius
458 1603 694 1649 spectandum
714 1604 810 1647 ferrI,
836 1615 1015 1639 concursu
1036 1605 1113 1648 jam
1131 1604 1320 1649 protelato.
1355 1602 1607 1638 Diversitatem
1634 1602 1730 1636 risus
1759 1601 1895 1635 adoles-

96 1663 252 1703 centium
278 1673 320 1697 ac
346 1673 471 1697 senum
497 1663 580 1697 oriri
606 1672 650 1696 ex
674 1662 861 1707 pupillaris
886 1662 1021 1697 formae
1046 1663 1260 1707 mutatione,
1294 1661 1468 1706 siquidem
1500 1661 1536 1694 in
1563 1659 1707 1695 senibus
1739 1659 1895 1693 humoris

97 1721 260 1756 remissio
286 1721 445 1755 remittat
470 1721 631 1755 nonnihil
656 1722 691 1755 in
716 1720 855 1766 pupilla
879 1721 1039 1756 tumoris.
1082 1720 1216 1755 Addita
1241 1724 1325 1755 sunt
1349 1720 1404 1755 his
1431 1718 1738 1764 disquisitionibus
1756 1717 1896 1762 proble-

96 1784 191 1814 mata
217 1780 391 1824 quaedam
417 1778 463 1813 ad
487 1779 751 1824 perspectivam
779 1783 814 1813 et
838 1779 963 1814 iridem
990 1778 1211 1823 spectantia,
1240 1789 1257 1812 e
1277 1778 1405 1822 quibus
1424 1789 1533 1812 unum
1559 1783 1696 1812 tantum
1723 1776 1896 1820 eligimus,

94 1839 131 1873 in
157 1849 228 1882 quo
255 1838 299 1872 de
324 1838 506 1873 coloribus
533 1838 631 1874 iridis
657 1839 726 1874 hoc
753 1839 942 1873 asseritur:
971 1838 1162 1879 „Colorum
1189 1838 1341 1872 varietas
1368 1847 1439 1872 non
1464 1837 1638 1881 provenit,
1666 1836 1734 1870 nisi
1750 1840 1896 1880 propter

93 1896 351 1941 multimodam,
377 1897 596 1941 reciprocam
614 1908 654 1932 ac
672 1897 807 1942 pluries
826 1897 1016 1941 repetitam
1034 1897 1214 1932 radiorum
1234 1896 1553 1941 repercussionem,
1572 1895 1623 1930 uti
1641 1895 1682 1930 fit
1698 1895 1734 1929 in
1752 1893 1895 1938 quibus-

97 1955 178 1989 dam
204 1954 355 1999 guttulis
380 1954 574 1989 herbarum
602 1960 636 1990 et
661 1956 697 1990 in
726 1955 918 2001 diaphanis
944 1956 1066 1990 vitreis
1099 1960 1161 1990 aut
1192 1955 1410 2000 crystallinis
1446 1954 1565 2000 politis
1599 1952 1827 1998 corporibus,
1859 1952 1895 1987 in

95 2016 224 2061 quibus
250 2014 341 2050 radii
366 2014 606 2060 ingredientes
633 2014 858 2059 franguntur,
886 2019 921 2050 et
945 2015 1097 2057 ingressi
1122 2014 1216 2048 ultro
1243 2014 1405 2058 citroque
1438 2013 1480 2047 ab
1506 2011 1709 2047 intrinsecis
1735 2011 1895 2046 faciebus

95 2075 194 2109 missi
218 2086 260 2110 ac
285 2074 427 2110 remissi
451 2073 607 2109 vicissim
634 2082 676 2108 ac
703 2073 846 2117 saepius
874 2073 974 2117 quasi
1002 2085 1022 2107 a
1047 2072 1202 2117 speculis
1228 2072 1475 2107 reflectuntur.
1509 2070 1644 2115 Quodsi
1662 2081 1725 2114 per
1742 2079 1895 2113 pennam

96 2133 284 2168 candidam
309 2133 495 2168 columbae
522 2133 594 2167 sive
621 2132 767 2167 alterius
794 2132 869 2167 avis
896 2131 999 2167 oculo
1027 2131 1229 2176 oppositam
1254 2131 1450 2175 perspicias
1483 2130 1605 2165 lumen
1630 2127 1800 2164 candelae
1825 2137 1897 2162 non

95 2192 146 2226 ita
170 2191 278 2236 longe
302 2192 478 2237 positum,
512 2191 650 2226 videbis
683 2191 776 2226 inter
801 2191 1003 2236 plumarum
1040 2190 1152 2225 lineas
1178 2200 1219 2224 ac
1245 2190 1408 2225 surculos
1440 2189 1520 2224 illos
1551 2199 1691 2224 crucem
1717 2187 1894 2232 quandam

96 2251 185 2285 mira
209 2250 370 2284 colorum
394 2249 583 2295 varietate,
617 2249 741 2294 quales
766 2250 802 2285 in
828 2250 916 2284 iride
943 2254 1045 2294 sunt,
1083 2248 1305 2293 distinctam,
1340 2248 1401 2293 qui
1426 2258 1498 2282 non
1525 2247 1628 2282 aliter
1651 2246 1757 2289 fiunt,
1791 2256 1896 2289 quam

96 2319 161 2354 per
184 2309 300 2343 lucem
324 2308 418 2343 inter
442 2308 634 2343 floccorum
661 2308 878 2344 canaliculos
905 2313 1085 2353 receptam
1104 2318 1145 2342 ac
1163 2306 1435 2351 multiplicatam
1454 2312 1488 2340 et
1508 2305 1707 2340 successive
1734 2302 1896 2338 inceden-

97 2372 169 2402 tem
195 2371 229 2401 et
253 2366 402 2403 alternis
434 2371 716 2412 repercussam.“
746 2388 788 2391 —
816 2367 1066 2411 (Conferantur
1101 2377 1179 2401 cum
1206 2366 1260 2400 his
1288 2376 1346 2409 ea,
1381 2376 1472 2410 quae
1498 2364 1676 2408 Keplerus
1711 2362 1829 2407 prodit
1854 2361 1897 2396 de

98 2425 177 2460 visu
203 2430 239 2459 et
264 2425 491 2469 refractione,
519 2425 586 2461 vol.
612 2426 657 2460 II.
685 2438 720 2471 p.
749 2427 814 2461 176
842 2437 899 2469 ss,
926 2425 992 2460 226
1019 2425 1085 2468 ss.)
1112 2445 1153 2448 —
1179 2425 1261 2459 Non
1287 2424 1484 2459 omittenda
1509 2423 1566 2457 hic
1593 2425 1676 2458 sunt
1699 2419 1897 2464 Maurolyci

100 2483 219 2519 studia
244 2484 374 2527 partim
399 2484 444 2519 ad
469 2484 712 2520 restituendos
739 2490 878 2520 veteres
905 2484 1176 2520 mathematicos
1203 2481 1476 2525 (Theodosium,
1502 2479 1743 2525 Apollonium,
1769 2478 1896 2512 Archi-

98 2543 255 2586 medem)
290 2542 523 2587 pertinentia,
557 2544 687 2587 partim
723 2543 1008 2578 mathematicam
1046 2541 1282 2577 theoreticam
1317 2539 1527 2585 spectantia.
1584 2539 1625 2573 In
1664 2536 1898 2572 Arithmetica

99 2602 207 2644 (1575
232 2599 417 2644 impressa,
443 2600 608 2636 absoluta
633 2606 753 2636 autem
779 2613 811 2637 a.
839 2602 944 2645 1555)
973 2601 1015 2636 de
1041 2600 1199 2635 numeris
1224 2601 1417 2643 praecipue
1443 2595 1715 2642 polygonalibus
1742 2594 1895 2638 disserit,

100 2659 164 2699 „de
191 2657 319 2702 quibus
352 2667 468 2702 neque
499 2658 595 2702 apud
627 2665 771 2694 nostros
807 2669 923 2703 neque
959 2659 1055 2703 apud
1083 2658 1238 2692 Graecos
1264 2658 1352 2692 satis
1385 2655 1529 2699 scripsit
1561 2653 1773 2698 quispiam&
1824 2652 1896 2686 Sub

96 2717 203 2751 finem
227 2715 308 2750 libri
326 2715 351 2750 I.
377 2714 561 2750 literarum
579 2727 663 2751 usus
682 2717 783 2752 nobis
802 2717 965 2760 occurrit,
994 2716 1121 2759 quibus
1140 2715 1265 2751 eadem
1283 2715 1357 2750 fere
1375 2714 1514 2748 ratione
1535 2712 1655 2755 utitur,
1683 2722 1753 2754 qua
1777 2715 1895 2755 poste-

98 2776 209 2810 riores
228 2774 333 2809 Vieta
356 2777 392 2808 et
408 2773 610 2809 HarriotuS.
651 2774 760 2808 Verbi
777 2784 904 2810 causa:
935 2779 1110 2818 „ponatur
1136 2774 1253 2808 unitas
1272 2784 1311 2817 a,
1347 2771 1495 2816 quilibet
1527 2774 1647 2805 autem
1671 2779 1839 2804 numerus
1865 2771 1895 2814 b,

97 2834 174 2879 ipse
192 2837 312 2867 autem
331 2843 348 2868 c
365 2831 501 2866 unitate
521 2831 633 2875 major
652 2842 756 2875 quam
776 2833 805 2867 b.
848 2832 986 2866 Deinde
1005 2834 1024 2867 b
1043 2833 1078 2867 in
1097 2842 1134 2866 se
1153 2831 1259 2866 faciat
1278 2831 1310 2871 d,
1338 2831 1357 2865 b
1377 2829 1412 2864 in
1430 2840 1448 2864 c
1466 2828 1573 2862 faciat
1593 2830 1628 2863 e“
1657 2832 1692 2863 et
1709 2829 1760 2863 sic
1779 2839 1897 2872 porro,

100 2892 212 2927 donec
235 2890 327 2925 haec
353 2889 480 2924 evadat
509 2889 693 2932 aequatio:
723 2896 976 2935 „aggregatum
1002 2903 1046 2926 ex
1071 2902 1106 2925 m
1130 2902 1151 2935 q
1176 2888 1376 2934 quadruplo
1403 2888 1561 2932 ipsorum
1586 2899 1634 2932 ap
1654 2892 1688 2923 et
1714 2898 1758 2922 ex
1783 2888 1896 2932 ipsius

103 2962 122 2986 ο
155 2947 325 2993 sexcuplo
360 2953 415 2983 est
452 2947 631 2983 secundus
658 2947 852 2991 quadratus
878 2949 988 2982 totius
1015 2950 1034 2983 b
1061 2951 1117 2991 0⁶⁸,
1151 2957 1254 2992 quam
1288 2952 1327 2981 ut
1352 2946 1539 2981 usitatiore
1564 2952 1599 2981 et
1623 2946 1760 2981 tritiore
1785 2946 1897 2981 forma

102 3009 154 3042 ita
170 3007 460 3051 interpretamur:
489 3005 522 3049 (b
541 3008 584 3048 —l—
602 3006 651 3049 ο)4
666 3021 710 3035 =
729 3007 765 3041 b⁴
786 3007 826 3049 —l—
847 3005 918 3041 4b³
937 3017 954 3040 c
973 3008 1015 3048 -ff—
1035 3005 1106 3041 ssb²
1125 3006 1161 3039 c²
1180 3006 1220 3047 -ἧ-
1239 3003 1338 3038 4bc³
1357 3006 1398 3047 -l-
1420 3004 1464 3039 c⁴.
1499 3003 1666 3039 Notanda
1684 3015 1824 3048 quoque
1842 3009 1897 3039 est

101 3064 299 3110 Maurolyci
329 3063 519 3108 peculiaris
550 3063 641 3098 ratio
676 3063 828 3099 radicem
862 3063 1073 3108 quadratam
1107 3061 1333 3106 extrahendi,
1367 3062 1404 3098 in
1439 3071 1511 3107 qua
1540 3062 1692 3107 speciem
1719 3060 1896 3105 quandam

102 3123 315 3160 fractionum
339 3123 563 3160 decimalium
589 3122 900 3168 deprehendimus.
1760 3115 1763 3118 ’
