2177 3408
436 204 672 242 Summarium
696 203 879 241 Historiae
903 205 1156 242 Astronomiae
1180 204 1301 242 seculo
1327 205 1424 242 XVI.
1754 205 1836 251 609

46 329 306 365 sexagenarum
332 322 472 368 (1564).
533 322 664 358 Iisdem
698 322 772 358 fere
805 323 990 368 principiis
1022 323 1184 359 innititur
1217 323 1306 360 haec
1342 324 1572 369 „logistica“,
1616 322 1746 368 quibus
1780 333 1840 358 ex-

45 378 135 414 actis
161 380 299 424 aliquot
316 381 440 417 lustris
459 383 605 417 inventa
622 381 787 426 logistica
805 382 1000 418 decimalis.
1039 384 1259 427 („Integrum
1277 383 1432 418 medium
1449 384 1568 419 locum
1595 382 1740 420 obtinet,
1767 381 1840 416 col-

42 436 175 473 lectum
200 440 434 485 sexagenaria
459 439 640 474 additione
672 440 860 475 constituit
885 451 1146 485 sexagenarum
1172 442 1350 488 ordinem,
1387 443 1538 478 divisum
1572 452 1656 476 vero
1691 450 1842 484 sexage-

43 496 144 531 naria
169 496 341 533 divisione
368 498 479 533 efficit
504 498 753 542 scrupulorum
780 499 988 545 ordiiiem.“)
1022 501 1180 546 Regulas
1201 502 1349 536 diversis
1375 501 1623 535 arithmeticae
1650 498 1842 544 generibus

43 553 280 591 inservientes
297 557 456 601 perbelle
473 557 642 601 proponit
659 561 796 601 auctor,
824 558 996 593 desumtis
1022 559 1194 603 exemplis
1215 570 1259 593 ex
1277 559 1505 602 astronomia,
1525 559 1576 593 ita
1593 563 1633 593 ut
1650 558 1742 592 liber
1759 566 1842 592 vere

45 611 154 647 fuerit
190 615 439 659 compendium
464 614 635 650 studiosis
669 616 920 652 astronomiae.
952 637 994 641 —
1023 617 1123 651 Idem
1149 616 1353 652 faciendum
1380 617 1447 651 sibi
1472 617 1661 662 proposuit
1694 620 1843 650 auctore

44 680 132 705 usus
169 665 402 707 Theodorico'
433 673 562 707 Edon
599 673 867 709 Hildericus
904 673 1130 718 Jeverensis,
1165 675 1355 710 Professor
1390 675 1597 710 matheseos
1633 678 1668 708 et
1701 673 1846 719 linguae

45 728 238 764 hebraicae
264 741 330 765 1100
355 741 426 764 11011
453 730 658 774 theologiae
685 731 825 765 Altorfii
845 733 884 775 (ft
908 732 1010 775 15:129)
1037 732 1072 766 in
1098 733 1200 776 libro,
1229 734 1288 777 qui
1316 739 1350 767 et
1376 734 1454 776 ipse
1480 733 1707 767 inscribitur:
1735 732 1842 775 Logi-

47 787 135 822 stice
153 788 403 824 Astronomica
424 790 563 833 (1566).
584 809 624 813 -
643 790 763 824 Minus
786 789 965 824 Theodor.
985 789 1190 833 probandus
1209 797 1264 825 est
1288 791 1323 824 in
1341 801 1456 835 opere,
1482 790 1578 834 quod
1594 790 1709 834 ipsam
1734 794 1848 825 astro-

43 845 198 880 nomiam
223 848 352 882 attinet
377 848 512 891 (Novae
538 848 766 891 quaestiones
801 848 977 891 sphaerae
1010 848 1124 890 1564).
1174 849 1346 891 Legimus
1378 849 1415 883 in
1440 849 1508 882 hoc
1539 848 1650 882 libro:
1690 849 1848 889 „Lumen

48 903 233 939 stellarum
258 905 442 950 proprium
469 909 523 940 est
549 910 585 940 et
609 905 871 940 mutuaticium.
920 905 1017 940 Illud
1044 905 1266 950 splendidius
1301 906 1464 940 redditur
1489 916 1510 940 a
1536 906 1628 940 Solis
1654 905 1786 940 lumine
1811 900 1865 940 in*

50 972 111 998 eas
136 964 329 1001 incidente.
389 964 523 999 Stellae
548 968 737 998 moventur
761 968 861 998 motu
887 974 1034 998 suorum
1069 963 1225 1008 orbium,
1265 964 1394 1007 quibus
1421 963 1561 998 adfixae
1588 966 1716 1007 sunt“,
1751 963 1847 1006 quod

45 1021 134 1055 mira
151 1022 289 1056 ratione
306 1023 482 1066 probatur
499 1021 668 1057 adhibitis
688 1020 826 1065 logicae
840 1022 990 1065 regulis,
1011 1021 1174 1056 similiter
1189 1021 1298 1057 finem
1311 1022 1398 1055 facit
1415 1021 1572 1065 probans
1594 1021 1684 1056 coeli
1701 1026 1848 1064 motum,

47 1079 180 1113 Terrae
205 1080 507 1123 immobilitatem,
543 1080 695 1124 figuram
731 1086 766 1115 et
793 1080 1049 1116 dimensionem
1083 1081 1268 1115 stellarum
1294 1081 1458 1115 fixarum.
1508 1080 1742 1124 Exemplum,
1780 1090 1850 1123 qua

45 1137 184 1173 ratione
209 1138 447 1173 concludendi
471 1143 599 1173 auctor
625 1143 756 1180 utatur,
782 1138 851 1173 hoc
875 1139 1124 1183 proponimus:
1162 1138 1365 1182 „Quidquid
1401 1149 1500 1173 sacra
1538 1140 1716 1182 scriptura
1742 1138 1847 1171 adfir-

51 1201 135 1239 mat,
162 1197 238 1232 sine
264 1197 339 1232 ulla
365 1197 590 1232 dubitatione
616 1203 750 1232 certum
779 1200 843 1232 est.
895 1198 929 1234 S.
950 1199 1129 1242 scriptura
1154 1197 1331 1241 adfirmat,
1358 1196 1505 1231 Terram
1532 1207 1610 1231 esse
1634 1196 1850 1230 immobilem

50 1260 86 1289 et
109 1254 236 1290 fixam:
265 1267 348 1299 ergo
375 1256 487 1291 Terra
511 1257 547 1291 111
572 1256 688 1291 medio
716 1256 838 1291 mundi
863 1256 1016 1300 quiescit
1042 1267 1107 1290 nec
1134 1258 1332 1291 movetul·.“
1389 1255 1454 1288 Cui
1473 1254 1704 1298 superaddit:
1733 1253 1851 1287 omnia

51 1313 172 1356 gravia
198 1315 334 1349 cadunt
359 1315 403 1349 ad
430 1314 657 1359 superficiem
683 1315 817 1349 Terrae
835 1315 1032 1350 secundum
1050 1314 1284 1348 rectissimam
1310 1313 1443 1347 lineam
1462 1313 1496 1347 in
1517 1323 1630 1355 eaque
1651 1312 1850 1355 quiescunt,

49 1376 84 1406 et
108 1372 177 1407 nisi
201 1372 382 1407 soliditate
415 1374 492 1417 eJus
525 1378 747 1415 arcerentur,
781 1374 826 1408 ad
859 1376 1019 1408 centrum
1046 1383 1162 1416 usque
1193 1371 1480 1416 prolaberentur.
1538 1371 1696 1404 Necesse
1728 1373 1849 1402 autem

48 1435 114 1470 031,
144 1430 388 1476 superficiem,
426 1430 471 1465 ad
507 1441 614 1475 quam
640 1441 771 1475 corpus
800 1442 908 1476 grave
935 1431 1131 1466 secundum
1158 1434 1292 1465 rectam
1318 1430 1449 1463 lineam
1475 1429 1589 1473 cadit,
1625 1438 1704 1463 esse
1729 1428 1852 1461 immo-

48 1488 167 1533 bilem,
195 1499 306 1534 ergo.
327 1517 335 1525 .
356 1517 363 1525 .
419 1489 639 1525 Laudandus
666 1495 720 1525 est
740 1490 784 1525 ob
811 1490 976 1526 eximiam
993 1489 1206 1524 industriam
1233 1494 1268 1522 et
1293 1487 1590 1532 perspicuitatem
1617 1485 1851 1528 Josephus

47 1548 87 1581 M
97 1558 116 1581 ο
129 1547 280 1591 letius,
291 1548 429 1582 Patavii
445 1548 703 1583 mathematum
722 1548 905 1592 professor
916 1550 1035 1591 (natus
1048 1549 1238 1582 Messanae
1254 1548 1352 1591 15:331,
1368 1551 1527 1581 mortuus
1539 1545 1678 1578 Patavii
1693 1554 1725 1578 a.
1739 1543 1851 1587 1568).

47 1605 172 1641 Edidit
189 1606 470 1642 Commentarios
488 1608 523 1641 iu
542 1607 799 1652 geographiam
817 1607 1015 1641 Ptolemaei
1035 1607 1165 1650 (1562),
1186 1604 1448 1649 Ephemeridas
1469 1604 1607 1648 (1564);
1636 1613 1727 1636 anno
1747 1601 1850 1637 1580.

53 1664 233 1706 „Tabulas
259 1665 518 1708 Gregorianas“
555 1665 728 1709 repetitas
763 1675 808 1700 ex
843 1665 1067 1710 Prutenicis,
1102 1664 1139 1699 in
1171 1675 1277 1699 usum
1309 1663 1391 1697 novi
1427 1662 1631 1697 Calendarii
1667 1659 1852 1695 Pontificis

48 1723 193 1757 maximi
213 1723 319 1767 jussu
344 1723 586 1767 concinnataS,
621 1723 750 1767 quibus
784 1723 947 1767 adjungit
972 1722 1240 1768 propositiones
1267 1721 1442 1766 quasdam
1469 1721 1512 1756 de
1537 1719 1749 1755 Calendario
1777 1728 1853 1753 cor-

51 1779 210 1824 rigendo.

189 1839 406 1883 Temporum
425 1839 585 1874 ordinem
603 1844 787 1875 servantes
806 1841 920 1875 virum
939 1840 1089 1876 dicimus
1109 1851 1189 1875 011111
1215 1840 1251 1875 111
1269 1839 1522 1875 mathematica
1547 1837 1747 1873 theoretica
1774 1840 1850 1870 tum

52 1897 211 1943 practica
244 1898 338 1932 inter
362 1898 577 1933 celebriores
608 1898 888 1942 numerandum,
916 1899 1175 1934 Cunradnm
1210 1899 1363 1942 Dasyp
1378 1896 1536 1940 odium,
1571 1895 1674 1939 cujus
1709 1896 1854 1928 exstant

53 1957 232 2001 permulta
258 1967 384 2001 opera,
413 1966 504 2000 quae
529 1957 713 2001 pertinent
738 1957 784 1992 ad
810 1958 928 1991 omnia
953 1956 1028 1991 fere
1053 1956 1258 1991 matheseos
1285 1964 1428 1998 genera.
1487 1954 1591 1988 Anno
1613 1952 1702 1988 1567
1720 1951 1853 1996 prodiit

56 2014 314 2057 Compendium
340 2014 583 2059 Geometriae,
618 2015 847 2062 Loyisticae,
881 2015 1142 2051 Astronomiae
1169 2018 1202 2050 et
1229 2013 1483 2058 Geoyraphiae
1518 2019 1646 2054 graece
1680 2015 1714 2044 et
1744 2009 1855 2043 latine

56 2074 310 2118 conscriptum,
336 2073 372 2107 in
398 2083 503 2107 usum
538 2073 750 2109 scholarum.
819 2074 920 2118 Opus
944 2074 1015 2108 1100
1041 2071 1343 2118 quemadmodum
1369 2070 1405 2104 id
1431 2070 1521 2114 agit,
1548 2073 1589 2103 ut
1609 2068 1795 2112 jungenda
1818 2068 1855 2101 in

53 2131 316 2167 mathematicis
343 2131 470 2166 studiis
496 2132 609 2166 latina
635 2136 671 2167 et
696 2142 825 2176 graeca
850 2132 971 2176 lingua
998 2131 1193 2175 legentium
1212 2131 1349 2164 animos
1368 2128 1481 2172 magis
1508 2126 1677 2162 incendat
1703 2126 1747 2160 ad
1774 2137 1854 2169 cog-

54 2190 255 2226 noscendos
271 2194 411 2225 veteres
431 2190 689 2234 colendamque
706 2190 1007 2234 mathematicam,
1036 2190 1087 2224 sic
1113 2192 1239 2224 auctor
1263 2187 1345 2222 libri
1369 2188 1463 2222 idem
1489 2186 1664 2230 spectavit
1690 2185 1794 2219 editis
1819 2184 1856 2218 in

56 2247 261 2284 scholarum
286 2259 389 2283 11311111
415 2249 552 2292 graecis
579 2249 717 2293 aliquot
743 2249 1006 2284 mathematicis
1033 2247 1274 2292 (Theodosio,
1300 2245 1479 2290 Autolyco
1505 2243 1614 2287 1572,
1647 2243 1854 2278 Ptolemaeo

54 2308 164 2351 157&
191 2306 342 2342 Euclide
368 2308 468 2350 1557,
496 2307 599 2351 1564,
625 2308 726 2352 1566,
759 2308 858 2343 1571.
892 2307 1053 2342 Lexicon
1080 2305 1372 2340 mathematicum
1399 2304 1510 2339 edidit
1535 2314 1628 2338 anno
1658 2303 1757 2344 1573,
1784 2313 1854 2345 quo

57 2364 284 2400 definitiones
309 2365 583 2399 mathematicae
610 2376 738 2409 graece
764 2370 800 2401 et
823 2365 950 2409 latine,
986 2376 1058 2399 non
1085 2365 1210 2400 ordine
1237 2363 1476 2407 alphabetico,
1507 2362 1571 2397 sed
1596 2361 1710 2405 logice
1738 2360 1856 2404 dispo-

56 2423 145 2457 sitae
170 2424 283 2466 sunt).
331 2423 430 2457 Idem
455 2422 569 2457 simile
594 2424 679 2467 quid
697 2424 896 2468 pandectis,
924 2423 1053 2467 quibus
1076 2422 1168 2466 juris
1196 2421 1349 2457 consulti
1376 2425 1542 2464 utuntur,
1570 2431 1660 2465 opus
1680 2417 1855 2462 amplissi-

50 2491 158 2524 mum,
180 2480 276 2524 quod
293 2481 495 2515 universam
514 2481 803 2516 mathematicam
822 2481 1131 2525 complecteretur,
1159 2480 1386 2515 conscribere
1404 2480 1439 2513 in
1459 2479 1614 2513 animum
1638 2477 1852 2513 induxeram

56 2549 152 2582 quae
173 2537 271 2571 edita
295 2542 387 2581 311111,
406 2538 586 2582 inscripsit
603 2540 863 2575 Institutiones
888 2544 922 2575 et
946 2540 1167 2575 Pandectas.
1218 2537 1502 2581 (Institutionum
1520 2535 1855 2570 Mathematicarum

56 2597 138 2632 Vol.
172 2597 200 2631 Ι.
234 2597 457 2631 Erotemata.
497 2598 596 2633 1593.
659 2598 853 2642 Appendix
892 2599 1007 2640 1596.)
1049 2599 1133 2642 Ipse
1157 2597 1287 2640 refert,
1320 2606 1386 2630 nec
1418 2605 1489 2629 non
1516 2604 1533 2628 e
1558 2591 1743 2636 privilegio
1771 2592 1856 2625 Cae-

57 2666 159 2690 sareo
185 2655 330 2699 (Spirae
359 2655 464 2698 1570)
493 2656 622 2697 elucet,
649 2657 686 2690 in
710 2662 830 2690 mente
855 2657 925 2700 ipsi
950 2656 1077 2701 fuisse,
1116 2667 1239 2692 omnes
1272 2654 1479 2699 disciplinas
1516 2650 1786 2686 mathematicas
1819 2649 1856 2683 in

57 2725 128 2749 uno
155 2724 305 2758 corpore
328 2713 580 2748 mathematico
615 2714 892 2757 comprehensas
919 2713 1026 2749 edere
1052 2717 1087 2748 et
1104 2719 1266 2749 veterum
1291 2713 1425 2756 scripta
1450 2708 1701 2744 mathematica
1726 2707 1762 2740 in
1787 2707 1856 2740 hoc

58 2782 166 2816 opere
190 2771 302 2806 unire.
351 2771 440 2805 Rem
457 2775 576 2805 autem
600 2780 672 2803 non
698 2770 863 2812 absolvit,
893 2770 993 2811 „aliis
1019 2771 1231 2805 necessariis
1257 2773 1454 2813 occupatus
1481 2766 1649 2809 negotiis,
1677 2763 1856 2798 calamita-

59 2830 158 2865 tibus
183 2840 325 2875 quoque
351 2829 507 2874 agitatus
533 2838 604 2862 non
629 2828 766 2872 paucis,
789 2828 888 2870 justo
916 2828 1096 2871 dignoque
1120 2828 1176 2862 his
1203 2826 1400 2870 disciplinis
1426 2824 1621 2858 destitutus
1646 2821 1856 2866 patrocinio,

61 2898 221 2923 mearum
239 2889 347 2923 etiam
363 2898 483 2922 rerum
508 2886 685 2920 tenuitate
709 2885 914 2929 impeditus,
944 2886 1096 2929 denique
1121 2885 1392 2928 ingravescente
1412 2883 1487 2926 jam
1513 2885 1630 2916 aetate
1655 2880 1752 2916 solus
1779 2879 1857 2914 abs-

63 2957 131 2990 que
157 2946 308 2981 aliorum
333 2955 461 2990 opera,
496 2949 597 2979 tanta
623 2947 768 2986 tamque
801 2943 900 2976 varia
925 2947 961 2977 et
984 2942 1207 2986 multiplicia,
1233 2940 1434 2985 laboribus,
1465 2941 1658 2983 sumtibus,
1684 2937 1858 2973 molestiis

62 3004 186 3048 plena,
219 3013 376 3047 congrua
411 3001 650 3037 delineatione
676 3001 721 3035 ob
757 2999 881 3034 oculos
906 3010 1052 3044 ponere,
1080 3002 1164 3042 apto
1190 2998 1330 3032 delectu
1357 2999 1567 3041 discernere,
1592 3002 1690 3032 recto
1716 3005 1857 3041 quoque

63 3062 188 3096 ordine
215 3061 415 3105 disponere,
440 3059 587 3095 tandem
617 3057 790 3102 perficere
816 3062 852 3092 et
877 3057 912 3091 in
937 3058 1053 3091 lucem
1077 3056 1259 3100 proferre:
1292 3056 1338 3090 ob
1371 3065 1498 3090 causas
1529 3061 1753 3089 enumeratas
1785 3064 1857 3088 11011

63 3119 198 3164 potui.“
241 3119 297 3154 Ea
314 3129 406 3163 quae
423 3118 522 3154 libris
548 3126 637 3160 quos
663 3116 826 3160 diximus,
853 3115 913 3160 qui
939 3114 1082 3159 quidem
1099 3114 1167 3149 soli
1182 3115 1249 3148 hac
1266 3113 1404 3148 ratione
1421 3112 1614 3156 conscripti
1639 3111 1857 3156 prodierunt,

65 3178 202 3222 insunt,
235 3179 389 3213 maxima
413 3188 459 3212 ex
490 3181 592 3221 parte
624 3174 849 3210 definitiones
880 3178 1020 3209 tantum
1045 3172 1228 3215 exhibent,
1253 3171 1393 3207 omissis
1419 3175 1531 3215 certe,
1567 3170 1596 3204 si
1621 3179 1712 3215 quae
1737 3169 1859 3204 insunt

136 3236 379 3275 KepleriROpera
397 3236 480 3263 VIII.
1541 3227 1585 3264 40
