2157 3398
263 150 346 196 588
672 144 908 182 summarium
933 144 1116 181 Historiae
1140 144 1390 181 Astronomiae
1416 143 1538 180 seculo
1561 144 1657 181 XVL

261 268 525 311 Ptolemaeum,
560 268 600 299 ut
630 275 699 299 non
731 266 870 298 tantum
902 263 1098 299 sententias
1131 268 1166 298 et
1196 273 1271 297 rem
1303 263 1434 308 ipsam,
1469 264 1532 298 sed
1563 264 1672 299 verba
1704 276 1848 309 quoque
1881 268 2051 303 memoria

263 326 438 370 tenuerit,
466 333 616 368 cumque
639 322 795 365 videret,
820 321 956 357 nullam
983 326 1126 356 exstare
1152 323 1372 357 commodam
1398 321 1594 368 εἰςαγωγην,
1620 323 1687 358 etsi
1711 323 1746 357 in
1772 325 1941 369 Epitoma
1965 327 2052 361 satis

263 388 460 429 occupatus
486 388 593 426 esset,
619 386 738 416 tamen
764 392 836 416 non
860 382 976 426 piguit
1002 391 1079 415 eum
1105 381 1194 415 haec
1214 392 1354 425 quoque
1374 382 1574 416 rudimenta
1593 381 1635 416 de
1653 381 1879 426 planetarum
1896 385 2052 419 motibus

263 441 487 478 conscribere
513 440 556 475 ad
582 439 825 484 promovenda
860 439 978 474 studia
1012 439 1267 483 astronomica,
1304 450 1346 474 ac
1380 439 1490 474 edidit
1524 439 1592 475 hoc
1626 440 1874 484 compendium
1906 442 2050 477 biennio

263 505 347 536 ante
373 511 476 535 suum
502 498 646 533 obitum.
699 497 955 541 Complectitur
988 497 1202 541 praecipuos
1237 497 1336 532 locos
1362 502 1397 532 et
1429 509 1584 533 summas
1621 498 1922 544 disputationum,
1959 511 2050 545 quae

261 563 344 594 suut
377 557 472 602 apud
505 555 749 590 Ptolemaeum
776 555 819 589 de
853 555 1007 590 motibus
1043 555 1238 598 stellarum,
1270 566 1399 599 magno
1438 556 1572 600 judicio
1609 566 1650 590 ac
1681 556 1875 601 prudenter
1907 558 2051 594 electas.

264 618 380 651 Docet
404 615 462 649 hic
486 613 641 657 libelluS,
670 613 766 656 quod
793 614 865 647 sint
888 618 961 648 tres
988 613 1160 657 partiales
1187 613 1290 647 orbes
1316 613 1489 658 sphaerae
1509 615 1613 659 Solis,
1641 626 1789 659 quorum
1816 617 1953 651 medius
1979 618 2051 652 cxi-

262 678 332 708 stat
358 671 578 707 eccentricus
612 674 647 704 et
673 681 802 715 corpus
830 670 922 706 Solis
957 671 1207 706 circumvehat.
1257 672 1346 705 item
1371 671 1466 715 quod
1492 672 1526 706 in
1562 673 1630 706 hoc
1666 674 1751 708 orbe
1779 678 1964 709 moveatur
1989 675 2050 710 Sol

261 732 468 775 aequaliter,
495 731 531 765 in
555 730 702 765 zodiaco
721 736 840 764 autem
866 730 1111 774 inaequaliter,
1139 734 1173 764 et
1199 740 1277 765 esse
1303 729 1410 773 hujus
1436 731 1625 765 eccentrici
1650 732 1745 766 orbis
1771 732 1916 776 aliquod
1941 745 2051 777 punc-

261 796 335 826 tum
360 788 653 833 remotissimum,
691 789 837 832 aliquod
870 788 1070 832 proximum
1096 789 1234 832 Terris,
1267 788 1302 822 in
1335 788 1464 832 quibus
1498 788 1596 822 nulla
1629 789 1769 824 eveniat
1794 791 1961 833 aequatio
1987 802 2051 826 seu

261 847 451 882 discrimen
476 847 549 881 veri
575 857 616 882 ac
643 847 748 882 medii
773 853 891 882 motus
919 846 1029 890 Solis,
1064 858 1141 881 cum
1167 846 1201 880 in
1228 847 1355 881 ceteris
1380 847 1468 882 locis
1495 849 1683 884 eccentrici
1710 849 1852 884 omnino
1879 850 1925 885 sit
1950 855 2051 886 uten-

263 908 345 943 dum
371 906 598 950 aequatione⁴
650 906 851 941 Constituto
877 906 1078 940 eccentrico
1105 906 1190 940 orbe
1223 909 1349 949 postea
1374 906 1544 951 physicae
1570 907 1727 941 rationes
1753 912 1903 951 cogunt,
1938 908 2049 942 eidem

264 970 455 1001 annectere
482 964 570 1000 duos
596 965 685 999 alios
712 966 827 1008 orbos,
854 966 1002 1000 alterum
1029 975 1153 1010 supra,
1180 965 1331 999 alterum
1357 964 1469 1009 infra,
1496 965 1695 1008 inaequalis
1722 965 1976 1009 spissitudinis,
2002 965 2053 999 sic

261 1030 300 1059 ut
325 1024 446 1059 totalis
473 1024 626 1068 sphaera
651 1024 784 1058 mundo
811 1024 873 1058 fiat
900 1023 1135 1065 concentrica,
1162 1034 1205 1057 ne
1232 1027 1293 1057 aut
1318 1033 1464 1057 necesse
1490 1023 1535 1057 sit
1553 1034 1686 1066 ponere
1710 1034 1882 1069 vacuum„
1899 1027 1961 1058 aut
1977 1034 2052 1058 cor-

260 1094 349 1128 pora
375 1082 543 1118 coelestia
569 1082 718 1117 invicem
744 1082 869 1117 scindi.
915 1082 1012 1116 Haec
1039 1082 1081 1116 de
1106 1081 1312 1125 pluralitate
1338 1081 1474 1117 orbium
1501 1081 1605 1116 facile
1631 1081 1914 1116 accommodabit
1946 1082 2052 1116 etiam

263 1141 444 1175 studiosus
471 1138 515 1173 ad
540 1140 698 1183 reliquos
725 1140 899 1183 planetas.
950 1140 1086 1174 Auctor
1111 1141 1224 1183 prima
1257 1143 1360 1184 parte
1390 1139 1504 1173 libelli
1536 1139 1659 1174 ordine
1690 1140 1799 1174 tradit
1830 1139 2051 1184 singulorum

261 1199 487 1243 planetarum
505 1203 622 1232 motus
640 1197 853 1242 periodicos,
880 1198 938 1242 qui
958 1198 1047 1232 fiunt
1066 1198 1261 1233 secundum
1278 1197 1535 1241 longitudinem
1554 1198 1663 1232 totius
1682 1197 1828 1233 zodiaci,
1871 1200 1912 1233 Iu
1930 1202 2050 1242 poste-

258 1256 344 1291 riori
378 1259 495 1290 autem
527 1260 628 1299 parte
662 1257 815 1299 primum
847 1255 952 1290 docet
986 1256 1082 1289 varia
1108 1271 1318 1299 φαιτνομωα,
1357 1266 1449 1299 quae
1475 1260 1622 1300 propter
1646 1255 1866 1300 hypotheses
1892 1259 2052 1290 motuum

259 1312 519 1358 periodicorum
545 1317 580 1347 et
605 1313 759 1357 orbium,
785 1319 824 1348 ut
851 1314 1105 1358 epicyclorum,
1141 1324 1180 1348 se
1206 1315 1337 1348 nostris
1364 1314 1473 1348 oculis
1500 1314 1569 1349 alia
1593 1314 1662 1349 alio
1695 1318 1857 1358 tempore
1884 1313 2050 1350 offerunt.

260 1372 327 1406 Hic
352 1370 508 1415 pertexit
533 1371 783 1405 elementarem
815 1371 1012 1406 doctrinam
1040 1371 1082 1405 de
1107 1372 1316 1417 eclipsibus,
1351 1372 1478 1406 deinde
1503 1372 1593 1406 texit
1614 1372 1799 1406 historiam
1826 1372 1869 1406 de
1894 1371 2051 1406 motibus

259 1430 488 1473 planetarum
513 1427 548 1462 in
572 1428 809 1465 latitudinem.
852 1431 907 1464 Ad
935 1436 1131 1465 extremum
1156 1435 1354 1474 pertractat
1381 1430 1496 1464 octavi
1523 1430 1617 1463 orbis
1644 1430 1765 1465 ambos
1791 1434 1909 1464 motus
1932 1428 2052 1478 simul,

261 1486 388 1530 quibus
419 1485 585 1520 videlicet
618 1487 732 1521 cietur
765 1492 800 1521 et
825 1487 861 1522 in
886 1487 1144 1531 longitudinem
1181 1493 1216 1522 et
1250 1488 1509 1523 latitudinem&
1557 1487 1779 1522 Reinholdus
1805 1487 1942 1522 addidit
1966 1487 2052 1522 Pur-

259 1544 376 1579 bachii
394 1544 510 1578 textui
527 1544 787 1589 annotationes,
813 1545 942 1589 quibus
965 1545 1081 1580 lucem
1102 1546 1252 1581 affundit
1270 1547 1323 1587 iis,
1349 1557 1440 1590 quae
1460 1546 1667 1581 obscuriora
1692 1546 1752 1581 1116
1778 1545 1933 1589 reliquit,
1959 1545 2053 1580 unde

257 1602 401 1647 factum,
424 1607 464 1638 ut
481 1602 650 1638 theoricis
675 1603 866 1638 Purbachii
885 1604 1084 1639 Reinholdo
1111 1604 1368 1648 interpretante
1394 1615 1457 1649 per
1481 1608 1595 1639 totum
1620 1606 1695 1640 fere
1721 1604 1880 1640 seculum
1907 1604 2054 1649 quicun-

261 1673 328 1706 que
363 1662 407 1696 ad
433 1663 684 1697 astronomiam
710 1662 964 1698 incumbebant
1014 1665 1146 1708 optimo
1180 1664 1312 1698 auxilio
1345 1668 1548 1707 uterentur,
1582 1662 1756 1706 illumque
1791 1663 1895 1708 quasi
1919 1662 2053 1697 fontem

260 1720 470 1764 repetierint
494 1720 648 1764 plurimi,
675 1721 736 1764 qui
761 1721 822 1755 illa
848 1725 966 1756 aetate
991 1722 1092 1757 libris
1121 1723 1224 1757 editis
1251 1722 1504 1757 astronomiam
1530 1721 1726 1757 docendam
1745 1724 1992 1765 susceperunt.
2012 1740 2052 1746 —

258 1778 314 1812 Ex
339 1788 468 1823 magna
492 1789 575 1813 vero
601 1779 872 1814 annotationum
898 1791 918 1814 a
937 1780 1137 1814 Reinholdo
1164 1780 1363 1814 additarum
1390 1780 1590 1825 frequentia
1608 1780 1742 1814 referre
1758 1779 1872 1814 visum
1891 1782 1947 1813 est
1966 1788 2053 1822 eam,

260 1847 329 1880 qua
354 1836 446 1871 forte
472 1837 650 1881 Keplerus
677 1837 721 1872 ad
749 1837 924 1881 ellipticos
958 1837 1183 1882 planetarum
1219 1840 1322 1873 orbes
1347 1840 1541 1882 perductus
1569 1844 1633 1874 est.
1675 1839 1729 1873 De
1753 1838 1908 1872 motibus
1929 1837 2053 1871 Lunae

260 1905 368 1939 agens
394 1896 484 1930 haec
511 1895 596 1931 dicit
620 1897 861 1931 Reinholdus:
893 1896 975 1935 „Ex
1001 1908 1043 1931 ea
1063 1899 1313 1942 proportione,
1340 1908 1446 1942 qnam
1471 1896 1605 1933 habent
1629 1898 1788 1942 duplices
1806 1898 1908 1932 orbes
1924 1896 2055 1931 Ininae

261 1954 310 1989 acl
334 1958 470 1989 motum
496 1954 610 1998 Solis,
647 1955 875 1999 manifestum
903 1959 969 1996 est,
1008 1959 1167 1990 centrum
1193 1957 1341 2001 cpicycli
1366 1956 1494 1990 Lunae
1519 1957 1714 1991 describere
1738 1957 1895 2001 fiquram
1921 1954 2056 1989 ovalem

260 2012 412 2056 sinyalis
437 2012 616 2047 iriensibus
635 2013 844 2056 periodicis.
892 2013 992 2048 Nam
1011 2017 1166 2058 propter
1196 2019 1331 2049 nictum
1357 2015 1591 2058 deferentium
1616 2025 1742 2059 auqem
1768 2014 1954 2049 eccentrici
1977 2024 2054 2047 cen-

262 2074 357 2105 trum
382 2071 530 2115 epicycli
560 2072 712 2116 siizyiilis
737 2071 1052 2115 conjunctionibus
1083 2076 1116 2107 et
1142 2073 1431 2117 oppositionibus
1462 2073 1554 2107 redit
1588 2073 1636 2107 aa
1670 2083 1834 2118 apoyeon
1859 2072 2055 2113 eccentrici,

260 2128 353 2163 sicat
377 2128 417 2162 in
439 2129 591 2173 yeminis
608 2129 846 2173 quadraturis
862 2130 911 2164 ad
930 2131 1129 2175 perz‘yaeon
1155 2130 1307 2173 ejusdem
1328 2131 1520 2166 eccentrici.
1562 2131 1663 2165 Hinc
1678 2130 1878 2165 necessario
1903 2129 2059 2173 efficitur

259 2187 379 2231 fiyara
403 2187 530 2229 ovalis,
566 2188 604 2221 icl
630 2191 680 2222 est
705 2188 790 2222 talis
815 2189 1034 2233 superficies,
1068 2190 1184 2233 qualis
1209 2193 1260 2223 est
1278 2188 1540 2233 propemodum
1566 2189 1624 2223 ovi
1642 2199 1711 2233 per
1735 2188 1891 2222 medium
1915 2187 2060 2222 dissecti

261 2245 455 2280 secandum
480 2246 676 2291 lonyiorem
697 2251 850 2290 partem.
895 2246 1051 2280 Similem
1079 2246 1245 2281 describit
1271 2247 1421 2291 figuram
1439 2246 1650 2289 Mercurius,
1677 2251 1836 2280 ceterum
1854 2245 1946 2280 inter
1963 2244 2057 2279 hanc

262 2306 298 2335 et
323 2301 419 2336 illam
444 2302 513 2336 hoc
538 2302 703 2347 interest,
743 2304 858 2347 „quod
884 2304 919 2337 in
944 2304 1047 2338 Luna
1072 2304 1179 2338 medii
1204 2309 1321 2338 motus
1349 2303 1440 2338 Solis
1467 2303 1562 2338 linea
1593 2314 1662 2339 non
1698 2308 1751 2338 est
1777 2305 1983 2350 immobilis,
2016 2310 2056 2339 ut

261 2371 332 2394 aux
358 2361 543 2405 aequantis
570 2363 754 2406 Mercurii,
782 2362 844 2397 sed
869 2363 1003 2398 mensis
1030 2364 1146 2406 spatio
1171 2363 1398 2407 progreditur
1423 2373 1486 2406 per
1510 2363 1687 2408 integrum
1720 2363 1793 2397 fere
1820 2363 1970 2407 signum,
1997 2374 2056 2398 an—

261 2429 353 2453 nuus
372 2423 490 2453 autem
509 2423 625 2454 motus
643 2421 802 2465 perigaei
821 2422 1006 2465 aequantis
1024 2421 1195 2456 Mercurii
1213 2431 1283 2455 non
1302 2425 1422 2464 potest
1440 2431 1545 2455 sensu
1564 2421 1746 2466 pericipi.“
1776 2422 1875 2465 Quae
1895 2421 2056 2465 quamvis

263 2477 378 2511 aliena
402 2478 474 2512 sint
499 2489 519 2511 a
544 2483 662 2512 mente
688 2479 853 2522 Kepleri,
889 2479 949 2522 qui
974 2478 1100 2513 Martis
1132 2483 1266 2513 motum
1301 2479 1542 2513 eccentricum
1579 2479 1768 2515 conciliare
1801 2480 1971 2515 studebat
1995 2480 2055 2513 ob-

265 2536 526 2571 servationibus
553 2537 788 2582 Tychonicis,
822 2547 914 2581 quae
940 2536 1019 2570 aliis
1045 2536 1132 2570 locis
1159 2537 1310 2571 Martem
1338 2548 1357 2570 a
1381 2541 1499 2571 motus
1527 2538 1579 2571 sui
1607 2541 1729 2572 centro
1758 2537 1943 2580 elongare,
1977 2536 2056 2571 aliis

261 2595 312 2629 illi
331 2596 620 2640 appropinquare
645 2596 869 2641 videbantur,
894 2596 1004 2630 nihilo
1023 2595 1139 2629 minus
1158 2599 1276 2629 tamen
1294 2595 1487 2630 Reinholdi
1513 2595 1693 2630 sententia
1719 2595 1852 2630 eminus
1879 2595 2058 2630 consentit

264 2653 456 2697 hypothesi
480 2654 729 2699 Keplerianae,
757 2654 856 2688 initio
881 2653 1170 2688 lucubrationum
1194 2663 1338 2688 suarum
1367 2657 1579 2696 conceptae,
1612 2653 1728 2697 qualis
1754 2663 1797 2687 ex
1824 2652 1985 2697 epistolis
2011 2652 2056 2687 ad

263 2709 464 2744 Fabricium
491 2712 581 2746 datis
608 2712 684 2755 (III.
712 2714 769 2755 77)
795 2711 922 2755 elucet,
949 2712 1031 2746 dum
1060 2711 1214 2755 scripsit,
1240 2711 1361 2746 orbem
1378 2711 1506 2746 Martis
1534 2711 1637 2755 quasi
1656 2713 1791 2747 ovalem
1811 2722 1874 2747 sea
1887 2711 2056 2755 facialem

265 2767 330 2801 sibi
356 2768 509 2811 prodire.

402 2825 505 2859 Anno
532 2827 630 2863 1549.
656 2828 902 2872 Wittebergae
928 2828 1060 2873 prodiit
1084 2829 1286 2864 Ptolemaei
1310 2829 1585 2866 mathematicae
1611 2829 1889 2866 constructionis
1913 2830 2002 2865 liber
2018 2831 2053 2875 I,

261 2894 388 2929 yraece
412 2888 445 2918 et
470 2885 580 2919 latine
605 2886 729 2920 eclz'tus.
778 2887 937 2922 Additae
962 2888 1220 2932 eoeplicationes
1246 2888 1383 2932 aliquot
1408 2889 1568 2923 locorum
1593 2889 1638 2923 ab
1664 2888 1711 2923 E.
1729 2887 1912 2923 Reinholt.
1949 2888 2053 2923 Anno

265 2941 355 2997 2550
378 2940 526 2974 ibidem:
564 2941 723 2977 Joannis
757 2945 798 2978 cle
823 2943 939 2979 Sacro
964 2945 1083 2980 anto
1115 2955 1204 2990 opus
1236 2945 1278 2980 cle
1312 2945 1493 2989 Sphaera,
1529 2951 1678 2981 curante
1715 2945 1938 2990 Reinholdo‚
1974 2958 2054 2982 cnm

261 2998 494 3042 praefatione
512 2999 558 3032 M
563 2999 831 3036 elanchthon
846 3003 892 3045 is,
920 3003 1057 3038 additis
1076 3003 1273 3038 Reinholdi
1296 3007 1337 3036 90
1355 3002 1583 3048 thematibus,
1610 3015 1701 3049 qnae
1718 3005 1902 3039 continent
1918 3006 2053 3041 metho-

265 3056 383 3091 dicam
406 3057 660 3091 tractationem
696 3057 737 3091 de
761 3059 947 3094 horizonte
972 3061 1150 3096 rationali
1173 3066 1206 3096 et
1230 3062 1408 3104 sensibili,
1441 3061 1551 3106 deque
1583 3062 1783 3096 mutatione
1807 3060 2054 3098 horizontiam

265 3117 298 3150 et
322 3113 621 3159 meridianorum,
652 3115 780 3160 quibas
814 3117 958 3162 adJ'ecta
990 3122 1075 3154 sant
1101 3119 1264 3164 paucula
1297 3119 1339 3155 de
1369 3119 1519 3155 umbris.
1575 3119 1678 3154 Anno
1716 3119 1813 3155 1554.
1849 3119 2050 3165 Tubingae:
