2126 3388
239 142 321 189 684
912 142 995 180 Vita
1018 141 1167 179 Joannis
1191 143 1348 189 Kepleri.

237 272 315 296 nes
346 259 514 305 Papius
545 258 624 303 (cfr.
657 258 727 294 vol.
753 259 798 294 ΙΙ.
827 260 905 304 36),
940 259 1042 294 initio
1078 260 1162 295 anni
1196 261 1284 297 1595
1320 261 1464 297 scholae
1496 260 1700 306 praefectus
1738 265 1792 297 est
1824 262 2020 298 Joannes

236 319 403 364 Regius
430 317 704 362 (Dantiscanus,
740 317 862 354 Gratio
893 317 981 353 abiit
1017 328 1110 352 anno
1144 318 1234 353 1598
1260 318 1468 353 Mulhusam
1502 319 1656 363 indeque
1689 319 1926 364 Thorunium,
1961 321 2022 356 ubi

239 381 356 411 rector
381 375 583 410 scholarum
610 380 645 408 et
670 380 795 419 pastor
819 381 981 410 mortuus
1008 380 1062 409 est
1087 385 1179 410 anno
1201 376 1312 417 1605).
1362 376 1416 410 De
1442 375 1684 412 simultatibus
1710 388 1789 412 cum
1807 378 1919 423 Regio
1944 378 2021 422 ipse

238 429 414 472 Keplerus
440 428 527 461 haec
552 427 681 462 refert:
719 425 865 463 Nactus
897 437 981 462 sum
1012 425 1162 463 hostem
1184 425 1399 464 Rectorem.
1442 426 1570 463 Causa
1601 426 1691 473 odii,
1725 427 1828 475 quod
1861 427 2020 465 videbar

238 487 362 533 ipsum
394 489 435 520 ut
466 483 732 531 magistratum
775 495 850 521 non
882 485 976 521 satis
1017 483 1205 521 honorare
1238 489 1275 521 et
1306 485 1425 533 ipsius
1458 484 1602 533 placita
1634 484 1819 522 refellere.
1881 485 2018 533 Itaque

236 544 371 579 mirum
401 542 438 577 in
471 540 627 578 modum
658 552 717 578 me
750 543 974 589 exagitavit.
1037 542 1117 590 Ego
1150 553 1172 578 a
1203 547 1335 579 mutuo
1365 542 1520 590 quidem
1551 542 1652 579 sacto
1684 545 1918 591 temperavi,
1951 542 2019 581 sed

239 606 364 637 tamen
395 600 540 648 passim
572 598 820 636 offensionem
862 603 899 637 et
930 599 1090 648 injurias
1132 610 1208 636 non
1249 601 1396 638 reticui.
1457 598 1721 651 Min-miumr)
1759 600 2020 638 adversarium

237 657 400 706 suscepi,
424 657 526 705 quia,
562 661 649 694 ante
681 668 766 694 cum
799 657 872 705 ipsi
904 657 1192 704 benefecissem,
1225 659 1344 694 sumsi
1375 657 1468 694 mihi
1499 658 1712 696 libertatem
1745 659 1869 707 ipsum
1891 670 2020 707 repre-

233 715 434 762 liendendi,
468 715 577 763 quasi
610 714 648 751 id
675 715 760 762 jure
793 726 958 763 possem.
1019 715 1255 753 Secretarius
1288 714 1474 752 Ordinum
1497 715 1714 764 Speidelius
1755 717 1891 754 rectori
1933 728 2018 754 cum

236 772 415 820 crederet,
448 784 571 811 meam
604 772 794 810 fortunam
824 772 1059 811 labefactare
1092 774 1218 822 coepit
1249 774 1319 810 sub
1351 775 1580 812 auctoritate
1613 773 1810 811 Ordinum.

370 839 496 874 Plures
519 842 661 873 exstant
693 838 761 873 hoc
794 849 885 873 anno
913 839 1084 883 epistolae
1110 837 1255 882 chleri
1280 839 1324 874 ad
1351 839 1578 874 Maestlinum
1606 840 1728 881 datae,
1763 850 1781 874 e
1808 840 1937 884 quibus
1965 851 2016 881 ea,

232 908 323 941 quae
348 896 391 931 ad
417 898 524 931 vitam
541 897 686 940 Kepleri
712 897 901 941 pertinent,
927 897 986 932 hic
1010 897 1216 941 repetimus.
1260 897 1315 931 Ad
1341 897 1463 932 literas
1481 897 1673 938 Maestlini⁷
1701 907 1792 940 quas
1818 897 1862 931 ad
1889 908 2017 933 annum

242 956 324 992 1594
350 956 596 1000 exhibuimus,
631 956 720 990 haec
751 955 938 1000 respondit
963 955 1156 999 Keplerus:

369 1016 649 1055 Felicissimum
681 1029 821 1054 annum
854 1017 1094 1065 salutemque
1117 1016 1366 1065 temporalem
1399 1021 1436 1054 et
1466 1015 1703 1065 spiritualem
1735 1017 1772 1053 in
1805 1015 1903 1055 Chro
1936 1018 1978 1055 P.

371 1075 564 1123 Quantum
598 1080 635 1113 et
666 1087 772 1124 spem
804 1079 842 1112 et
874 1079 965 1112 vota
996 1086 1082 1112 mea
1113 1079 1277 1123 superet,
1312 1073 1414 1123 quod
1446 1073 1576 1112 literas
1598 1087 1620 1111 a
1644 1073 1897 1123 Praeceptorc
1920 1088 2017 1125 meo,

233 1137 317 1171 viro
349 1134 573 1180 clarissimo,
607 1135 750 1182 accepi,
783 1145 858 1170 non
891 1145 1048 1182 possum
1080 1134 1174 1170 satis
1206 1133 1352 1181 aperire
1384 1133 1705 1181 manifestumque
1738 1132 1874 1170 facere.
1923 1134 2018 1173 Nam

232 1198 381 1240 tempus
413 1196 451 1229 et
490 1193 610 1229 otium
652 1202 763 1229 omne
806 1190 952 1239 pridem
993 1191 1200 1239 occupavit
1240 1191 1458 1228 necessaria
1496 1190 1687 1228 scribendi
1727 1190 1917 1238 officium,
1949 1204 2018 1231 nec

231 1262 327 1298 opus
360 1261 444 1287 esse
476 1251 651 1287 existimo
685 1250 753 1287 tibi
785 1248 916 1287 lectori
948 1260 1074 1297 aequo
1108 1254 1145 1286 et
1175 1248 1451 1285 humanissimo
1484 1248 1542 1285 his
1566 1249 1769 1286 verborum
1802 1249 2015 1288 lenociniis.

232 1308 385 1345 Gratias
417 1319 490 1356 ago
523 1309 710 1345 maximas
741 1318 809 1356 pro
842 1318 899 1354 eo,
933 1307 1035 1355 quod
1068 1306 1302 1355 exemplaria
1333 1318 1419 1344 meo
1451 1307 1605 1344 nomine
1638 1306 1686 1344 ab
1709 1306 1758 1345 H.
1783 1306 1867 1344 Tua
1889 1307 2017 1345 distri-

230 1367 323 1403 buta
354 1377 437 1404 esse
470 1364 656 1414 intelligo.
719 1364 949 1413 Quanquam
981 1364 1092 1403 aliter
1123 1365 1322 1402 institutus
1354 1369 1435 1402 erat
1466 1364 1701 1411 tabellarius,
1734 1369 1776 1401 ut
1807 1365 1953 1404 scilicet
1985 1369 2016 1404 is

229 1424 278 1462 H.
311 1424 419 1461 Tuae
452 1428 573 1461 totum
605 1423 833 1461 fasciculum
866 1423 1062 1460 exhiberet
1093 1427 1364 1471 patereturque
1396 1423 1585 1471 selegere,
1619 1422 1721 1471 quod
1754 1422 1803 1460 ad
1835 1427 1872 1461 te
1904 1435 2015 1473 spec-

230 1486 348 1530 taret;
381 1481 518 1519 deinde
550 1486 703 1531 rogaret
734 1482 771 1517 in
793 1481 842 1518 H.
866 1481 975 1518 Tuae
1007 1480 1180 1526 aedibus,
1212 1481 1277 1518 ubi
1310 1480 1549 1529 stipendiarii
1581 1485 1618 1518 et
1650 1482 1765 1518 ceteri
1786 1481 2014 1530 habitarent,

230 1539 463 1588 exemplaria
494 1537 675 1587 (ἐκεφαλα
709 1540 873 1585 nemini,
915 1539 989 1575 nisi
1022 1539 1086 1587 qui
1119 1540 1280 1587 primam
1318 1540 1500 1587 paginam
1532 1542 1773 1585 monstraret,
1806 1539 2013 1579 exhiberet.

230 1598 372 1635 ‘Verum
404 1597 506 1634 illius
538 1597 798 1646 negligentiae
829 1602 1074 1646 prospectum
1106 1601 1164 1633 est
1195 1601 1260 1634 tua
1293 1607 1383 1634 cura
1415 1602 1452 1634 et
1483 1596 1715 1644 sedulitate,
1749 1597 1851 1645 quod
1884 1603 1924 1634 ut
1954 1599 2015 1635 ni-

229 1657 346 1693 mium
379 1660 436 1693 est
467 1656 503 1691 in
538 1655 715 1704 discipuli
748 1656 916 1701 negotio,
951 1657 1004 1692 ita
1035 1655 1157 1692 fateor
1188 1666 1338 1692 omnem
1360 1656 1507 1702 gratiae
1540 1654 1761 1692 referendae
1793 1654 2013 1694 facultatem

228 1725 418 1762 superare.
463 1712 573 1751 Certe
605 1715 636 1751 si
660 1712 840 1761 impedire
874 1713 946 1750 hoc
978 1714 1201 1762 potuissem,
1235 1724 1431 1761 nunquam
1463 1712 1543 1749 fieri
1566 1713 1837 1761 permisissem.
1883 1713 2012 1762 Ipsum

229 1771 381 1820 quidem
415 1770 685 1809 Calendarium
718 1770 845 1809 adhuc
877 1777 1020 1808 certum
1055 1776 1123 1808 est.
1176 1771 1313 1819 Frigus
1346 1770 1561 1807 inauditum
1593 1776 1651 1808 est
1682 1770 1741 1808 his
1772 1772 1810 1807 in
1842 1773 2013 1820 regioni-

228 1831 312 1869 bus.
372 1829 575 1878 Agasones
606 1831 645 1866 in
676 1828 841 1877 Alpibus
873 1829 1028 1877 plurimi
1060 1829 1199 1876 frigore
1231 1833 1403 1877 pereunt,
1437 1828 1605 1877 quidam,
1639 1833 1679 1865 ut
1710 1840 1778 1878 pro
1801 1834 1902 1867 certo
1923 1841 2012 1868 nar-

227 1893 348 1935 ratur,
380 1892 586 1937 postquam
619 1886 774 1925 domum
806 1887 1022 1935 appulerint
1069 1898 1203 1923 nasum
1236 1892 1277 1923 ut.
1309 1898 1461 1924 niueum
1502 1891 1724 1935 emungunt.
1786 1887 2012 1926 Putrescunt

227 1957 363 1995 nempe
396 1947 489 1994 ipsis
521 1946 710 1989 membra,
755 1945 893 1993 frigore
926 1950 1040 1983 tacta.
1106 1944 1151 1981 Et
1182 1944 1308 1982 Turca
1340 1944 1400 1981 his
1433 1943 1579 1991 diebus,
1614 1945 1754 1993 quibus
1783 1944 1913 1983 literas
1946 1958 2011 1984 ac-

228 2005 323 2052 cepi,
357 2003 537 2040 videlicet
569 2003 748 2041 Calendis
778 2001 976 2040 Januariis
1008 2007 1054 2040 st.
1078 2013 1115 2040 n.
1149 2014 1298 2039 omnem
1331 2002 1536 2048 regionem,
1571 2014 1669 2050 quae
1701 2002 1799 2040 infra
1820 2003 2011 2042 Viennam

227 2067 296 2108 est,
329 2061 579 2099 Neostadium
611 2072 735 2109 usque
766 2060 954 2098 incendiis
987 2061 1176 2107 vastavit,
1203 2061 1402 2109 mancipia
1435 2065 1472 2098 et
1502 2059 1666 2109 praedas
1698 2061 1843 2109 abegit.
1904 2061 2011 2100 Haec

229 2119 293 2156 illa
324 2120 415 2167 suga
446 2123 523 2165 est,
565 2130 679 2166 quam
711 2118 835 2156 hicme
866 2130 912 2156 ne
944 2118 1011 2156 fiat
1043 2117 1269 2166 deprecatus
1301 2130 1398 2156 sum.
1462 2118 1519 2156 De
1551 2118 1651 2168 stylo
1693 2130 1784 2156 vero
1815 2120 1909 2156 satis
1942 2132 2010 2158 ex-

228 2179 360 2214 cusavi
391 2176 440 2214 ad
474 2177 521 2215 D.
544 2177 589 2215 D.
623 2176 911 2214 Hafereffcrum.
965 2177 1023 2213 De
1057 2178 1201 2214 viatico
1235 2175 1386 2223 gaudeo
1423 2175 1482 2213 vel
1513 2175 1667 2213 tandem
1698 2176 1790 2213 mihi
1822 2183 2008 2216 exemtam

229 2247 311 2272 esse
345 2246 486 2281 curam,
520 2246 618 2282 quae
650 2245 709 2271 me
741 2235 907 2282 pessime
938 2234 1120 2273 habebat.
1173 2234 1257 2271 Non
1289 2245 1446 2282 possum
1479 2233 1574 2271 serre
1594 2239 1887 2283 praeceptorum
1909 2236 2009 2283 odia,

229 2304 390 2341 quorum
424 2304 467 2329 ex
502 2292 635 2329 favore
677 2292 782 2329 salus
822 2304 908 2330 mea
952 2292 1106 2341 pendet.
1165 2288 1323 2344 (Curam
1357 2291 1488 2339 injecit
1528 2291 1619 2329 mibi
1652 2291 1808 2339 quidam
1840 2305 2010 2332 meorum

226 2350 428 2397 sodalium,
461 2350 570 2398 cujus
594 2349 727 2387 literae
751 2355 896 2386 mature
919 2351 1104 2398 scriptae,
1137 2349 1203 2386 sed
1226 2349 1332 2387 tarde
1354 2348 1562 2386 admodum
1589 2356 1677 2387 sunt
1696 2349 1901 2397 redditae.)
1951 2352 2009 2390 De

226 2408 292 2445 illo
315 2419 405 2445 vero
428 2406 606 2445 malefido
630 2408 868 2444 internuncio
892 2407 969 2444 alio
993 2412 1180 2456 tempore,
1215 2418 1299 2444 cum
1332 2406 1484 2444 domum
1509 2419 1661 2455 venero,
1695 2407 1848 2448 videbo.
1892 2410 1938 2447 D.
1960 2410 2007 2447 D.

227 2465 557 2504 Hafereffero
591 2465 716 2503 scribo
749 2465 935 2502 hactenus
967 2465 1112 2513 etjam
1146 2466 1346 2513 septimam
1378 2467 1559 2514 paginam
1593 2465 1757 2503 absolvi.
1812 2466 1887 2504 Sed
1920 2469 2011 2516 quia

227 2524 262 2561 id
295 2523 422 2561 adhuc
454 2522 573 2568 deest,
607 2521 708 2571 quod
742 2524 984 2570 potissimum
1016 2524 1136 2571 ipsius
1169 2524 1378 2571 cognitioni
1412 2523 1595 2572 subjicio,
1629 2525 1861 2572 exspectabo
1893 2526 2010 2563 aliam

226 2583 479 2620 occasionem.
541 2581 588 2617 D.
620 2580 673 2616 M.
697 2580 901 2618 Miillero
935 2580 1026 2629 quid
1058 2581 1207 2627 faciam,
1240 2582 1383 2618 nescio.
1435 2582 1580 2618 Forsan
1605 2593 1718 2629 aegre
1749 2581 1843 2620 feret
1874 2588 1941 2621 aut
1971 2585 2008 2620 in

226 2641 282 2677 sui
322 2642 556 2677 contemtum
594 2639 735 2686 rapiet,
779 2638 881 2686 quod
915 2637 1184 2676 Calendarium
1224 2639 1296 2687 ipsi
1339 2650 1414 2676 non
1447 2641 1552 2684 misi,
1599 2640 1663 2687 qui
1701 2650 1776 2676 non
1808 2641 1934 2678 minus
1965 2653 2010 2680 ac

227 2699 341 2735 ceteri
381 2697 429 2735 ad
472 2697 574 2734 hunc
604 2696 729 2733 locum
763 2708 823 2734 me
854 2697 1061 2745 promovit.
1124 2695 1199 2734 Sed
1233 2698 1286 2734 ita
1317 2696 1456 2743 habet,
1501 2703 1541 2734 ut
1574 2696 1649 2734 dixi
1690 2698 2009 2746 praecedentibus

226 2755 354 2792 literis.
417 2754 599 2792 Sufficere
642 2753 873 2792 videbantur
903 2754 1066 2803 singulis
1104 2753 1282 2791 domibus
1325 2755 1490 2803 singula.
1553 2755 1634 2793 Nec
1666 2766 1750 2792 eum
1781 2757 1820 2792 in
1852 2767 2009 2795 numero

226 2824 395 2850 meorum
433 2812 624 2849 sodalium
664 2811 811 2858 habeo,
855 2814 914 2849 cui
946 2812 1037 2850 rude
1070 2813 1266 2861 exemplar
1302 2813 1511 2859 mitterem,
1556 2824 1641 2850 cum
1680 2815 1814 2850 ceteris
1846 2812 2009 2853 dominis

228 2871 539 2918 praeceptoribus
570 2870 691 2918 ligata
723 2870 951 2918 obtulerim3
983 2870 1112 2907 forsan
1144 2882 1180 2910 n,
1214 2875 1251 2908 et
1280 2869 1354 2907 hoc
1385 2872 1422 2907 in
1455 2869 1595 2907 malam
1618 2875 1764 2919 partem
1786 2874 2009 2921 accepisset.

228 2927 336 2964 Nunc
367 2930 420 2965 ita
452 2932 713 2976 comparatum
745 2933 814 2975 est,
847 2932 888 2965 ut
919 2932 956 2966 et
986 2928 1190 2966 ridiculum
1210 2929 1379 2965 futurum
1406 2929 1455 2966 sit
1485 2940 1634 2976 munus,
1667 2931 1703 2965 et
1726 2927 1880 2968 difficile
1903 2942 2009 2968 com-

364 3050 390 3090 *)
417 3052 452 3081 In
475 3053 634 3082 relatione
661 3053 700 3082 de
726 3054 906 3092 Gymnasio
933 3054 1100 3086 Gratiensi
1133 3054 1210 3084 anui
1238 3053 1326 3084 1866
1359 3056 1465 3083 rector
1495 3054 1539 3086 D.
1566 3053 1711 3084 Peinlich
1744 3058 1889 3086 recenset
1923 3057 2008 3086 inter

226 3100 447 3136 praeceptores
482 3099 614 3129 scholae
638 3107 725 3129 anno
752 3101 840 3132 1595
866 3101 1031 3132 Simonem
1056 3100 1228 3139 Mutrium,
1254 3099 1618 3140 Wiirttembergensem.
