2126 3388
246 142 329 185 ’718
941 139 1023 175 Vita
1046 138 1198 175 «Ioannis
1222 140 1380 186 Kepleri.

243 262 419 310 promisi,
460 259 560 298 velle
598 269 659 296 me
699 259 799 297 intra
841 259 1037 297 octiduum
1074 271 1215 298 arcana
1260 261 1388 298 omnia
1429 258 1646 296 absolvere.
1706 258 1859 297 Profeci
1900 264 2031 297 autem

244 324 403 365 tantum,
435 323 477 355 ut
508 317 672 354 eccentri
704 317 1022 366 inaequalitatem
1052 317 1294 356 mediocriter
1324 317 1515 355 salvarem
1537 317 1629 363 (nisi
1655 316 1761 366 quod
1782 329 1859 354 una
1889 318 2032 355 funda-

243 377 467 415 mentalium
500 375 815 413 observationum
849 379 900 413 20
924 376 1080 412 minutis
1111 377 1252 414 vitiose
1284 376 1355 412 fuit
1386 373 1574 425 assumta)
1606 380 1644 412 et
1674 375 1922 413 minuendam
1944 387 2029 413 esse

244 435 344 472 Solis
385 434 705 472 eccentricitatem
747 433 940 471 callerem.
982 454 1037 461 —
1068 437 1201 472 Porro:
1245 434 1349 471 Inter
1389 434 1611 481 potissimas
1657 444 1796 470 causas
1837 434 2031 471 invisendi

244 492 437 542 Tychonis
469 491 540 527 fuit
571 496 609 528 et
639 491 747 537 haec,
780 496 822 528 ut
852 492 1021 529 veriores
1054 493 1379 531 eceentricitatum
1408 492 1677 540 proportiones
1709 503 1756 529 ex
1786 493 1871 540 ipso
1904 491 2032 529 disce-

243 562 332 587 rem.
397 549 538 586 Verum
571 548 706 598 Tycho
750 550 902 598 copiam
941 561 1072 587 earum
1108 550 1202 588 mihi
1239 561 1317 587 non
1359 549 1469 596 fecit,
1513 550 1586 586 nisi
1618 555 1804 597 quantum
1837 549 1962 587 obiter
1993 555 2031 587 et

243 607 347 645 aliud
379 619 498 656 agens
530 608 627 644 inter
659 608 899 645 coenandum
928 608 1008 656 jam
1043 607 1088 645 de
1121 619 1296 657 apogaeo
1328 607 1457 656 hujus,
1485 606 1567 655 jam
1601 607 1647 644 de
1680 607 1784 644 illius
1816 607 1928 645 nodis
1949 618 2033 645 me-

243 666 365 704 minit.
418 664 494 703 Sed
526 676 611 702 cum
633 665 792 711 videret,
825 677 909 703 esse
931 666 1024 702 mihi
1047 668 1244 714 ingenium
1276 666 1416 711 audax,
1450 667 1663 703 rectissime
1694 666 1859 703 sortasse
1881 677 2031 703 mecum

244 735 358 772 agere
390 735 430 760 se
463 724 720 770 existimabat,
754 723 912 761 indultis
945 724 994 760 ad
1025 736 1152 762 meum
1184 725 1348 762 lubitum
1382 724 1722 761 observationibus
1754 725 1847 772 ipsis
1880 723 2031 761 Martis.

244 782 288 818 In
321 781 395 818 hoc
426 786 577 829 tempus
610 783 697 818 trivi
728 794 800 820 nec
832 781 878 819 de
911 781 1072 819 aliorum
1105 783 1347 831 planetarum
1379 781 1716 819 observationibus
1748 781 1801 818 sui
1824 781 2030 819 sollicitus:

244 840 447 888 sperabam
479 839 651 888 quotidie
684 842 828 878 exitum
859 841 897 875 in
929 840 1079 878 theoria
1110 841 1260 885 Martis,
1293 845 1381 888 post
1411 840 1508 877 alias
1531 850 1686 888 quoque
1717 839 1955 881 habuissem.
1980 861 2030 867 -—-

246 899 280 934 A
311 897 434 935 Nonis
465 898 665 935 Februarii
708 909 831 947 usque
873 897 922 936 ad
954 898 1035 935 Cal.
1067 898 1196 945 Junii,
1241 899 1271 936 si
1305 905 1380 935 tres
1423 899 1571 935 circiter
1602 899 1838 946 septimanas
1871 900 2030 945 eximas,

245 957 428 993 continuo
468 967 553 993 cum
585 956 769 1005 Tychone
809 958 926 1004 inque
969 958 1147 994 convictu
1188 957 1271 1004 ejus
1314 957 1405 995 vixi,
1467 956 1707 993 invitaverat
1744 957 1776 992 is
1807 967 1867 993 me
1912 955 2033 994 altera

242 1015 327 1051 vice
359 1025 544 1062 perquam
577 1014 755 1052 humanis
787 1014 834 1051 ad
868 1026 928 1051 me
950 1017 1101 1063 scriptis
1125 1015 1256 1053 literis.
1311 1014 1386 1052 Sed
1412 1026 1477 1052 eas
1499 1025 1571 1062 ego
1594 1014 1724 1051 literas
1747 1014 1808 1051 die
1834 1018 1897 1052 10.
1922 1013 2033 1052 Junii

244 1072 396 1109 demum
428 1067 604 1109 Viennae
646 1074 684 1108 in
725 1071 850 1110 reditu
884 1074 1027 1121 accepi.
1090 1072 1154 1111 Sic
1187 1084 1277 1121 ergo
1310 1084 1385 1109 non
1424 1078 1572 1110 tantum
1605 1078 1737 1121 gratus
1769 1072 1836 1110 sed
1868 1084 2033 1122 exspec-

241 1135 346 1168 tatus
379 1131 494 1167 etiam
527 1132 599 1167 suit
630 1130 822 1168 adventus
861 1142 981 1168 meus.
1044 1130 1092 1167 Et
1124 1131 1170 1169 de
1203 1131 1394 1168 sumtibus
1433 1142 1612 1168 accessus
1653 1131 1728 1167 mei
1761 1136 1917 1168 cautum
1950 1142 2033 1168 esse

240 1187 377 1235 voluit,
411 1189 443 1225 si
476 1187 699 1233 voluissem,
733 1193 770 1226 et
801 1188 847 1226 de
879 1189 1024 1226 viatico
1057 1188 1105 1225 ad
1137 1190 1301 1227 reditum
1324 1190 1541 1227 necessario
1563 1188 1756 1226 Viennam
1788 1200 1909 1236 usque
1941 1201 2034 1237 pro-

239 1248 377 1295 spexit.
440 1245 599 1284 Summa
630 1257 722 1284 vero
754 1248 994 1284 tractationis
1025 1252 1180 1285 nostrae
1211 1249 1283 1285 suit
1314 1247 1422 1294 haec,
1455 1253 1498 1284 ut
1527 1252 1751 1295 procuraret
1781 1247 1874 1284 mihi
1897 1246 2033 1297 Tycho

239 1305 371 1342 literas
411 1304 609 1351 Caesaris,
655 1305 797 1353 quibus
840 1309 877 1342 et
919 1316 1078 1342 vocarer
1119 1307 1157 1342 in
1198 1306 1395 1343 biennium
1442 1306 1479 1342 in
1521 1305 1749 1342 Bohemiam
1793 1305 2034 1342 maturandis

240 1363 436 1412 Tychonis
469 1363 718 1413 editionibus,
751 1368 788 1400 et
819 1362 939 1400 nihilo
971 1364 1098 1400 minus
1130 1364 1313 1401 salarium
1344 1375 1471 1402 meum
1504 1364 1542 1399 in
1574 1363 1703 1413 Styria
1735 1364 1909 1401 obtinere
1940 1375 2035 1412 pos-

239 1433 339 1468 sem3
381 1421 647 1470 suppeditaret
684 1426 722 1458 et
761 1426 910 1458 sumtus
950 1422 1076 1458 itineri
1116 1423 1353 1460 necessarios
1400 1421 1448 1459 ad
1490 1421 1676 1459 familiam
1716 1421 2032 1459 transferendam.

243 1478 391 1526 Quibus
423 1492 445 1516 a
477 1491 536 1516 me
568 1480 776 1528 propositis
810 1481 965 1528 insuper
997 1479 1151 1527 adjecit,
1185 1485 1404 1518 curaturum
1437 1491 1490 1527 se,
1524 1486 1566 1516 ut
1596 1481 1795 1516 minimum
1833 1484 1912 1517 100
1946 1480 2035 1517 tha-

237 1537 339 1574 leros
372 1538 571 1586 accipiam.
625 1537 719 1574 Post
751 1537 901 1586 aliquot
921 1539 1110 1576 mensium
1135 1540 1468 1577 conversationem
1500 1549 1678 1577 reversus
1703 1537 1879 1576 Gratium
1911 1549 2034 1588 nego-

240 1596 334 1632 tium
366 1595 503 1644 reliqui
537 1595 759 1645 pendulum.

375 1661 481 1696 Brevi
506 1666 697 1705 postquam
723 1661 902 1705 Keplerus
938 1661 982 1695 ad
1008 1661 1217 1707 Tychonem
1250 1663 1459 1697 Benaticam
1490 1662 1706 1697 transiverat
1741 1667 1776 1697 et
1809 1662 1958 1707 propius
1983 1662 2034 1697 in-

239 1719 371 1763 spectis
396 1719 575 1763 Tychonis
607 1719 750 1763 ingenio
785 1723 820 1753 et
852 1720 1023 1760 moribus,
1059 1731 1127 1756 nec
1159 1731 1230 1754 non
1263 1731 1334 1764 qua
1367 1721 1506 1755 ratione
1539 1720 1653 1755 habiti
1684 1720 1819 1755 fuerint
1850 1721 2036 1756 domestici

237 1778 348 1822 illius,
382 1778 554 1813 consultis
586 1778 678 1812 forte
710 1777 910 1812 fautoribus
943 1778 1157 1812 Hoffmanno
1193 1782 1229 1812 et
1261 1778 1479 1822 Coraducio,
1521 1789 1587 1813 nec
1628 1789 1699 1813 non
1731 1779 1870 1813 medico
1905 1778 2036 1814 celebri

237 1836 421 1876 Jessenio,
458 1835 688 1880 conscripsit,
726 1841 765 1870 ut
791 1846 829 1870 se
855 1840 889 1870 et
914 1835 1083 1870 familiam
1110 1837 1153 1871 ab
1188 1835 1283 1870 omni
1310 1836 1522 1871 detrimento
1548 1841 1663 1872 tutum
1688 1840 1909 1882 praestaret,
1942 1837 2036 1871 hanc

238 1893 575 1930 Deliberationem
608 1893 654 1930 de
684 1905 800 1931 mora
822 1892 1052 1939 Bohemz'ca,
1080 1905 1187 1939 quam
1213 1895 1319 1929 etiam
1345 1896 1469 1930 amicis
1494 1896 1531 1929 in
1558 1895 1675 1939 Styria
1707 1894 1898 1939 legendam
1924 1898 1960 1929 et
1984 1894 2035 1929 di-

234 1953 464 1997 judicandam
490 1953 637 1988 tradidit
664 1954 706 1996 (v.
734 1966 757 1987 s.
784 1967 818 1997 p.
848 1957 938 1996 71⁶2).

377 2014 679 2052 Deliberationis
712 2026 819 2052 meae
853 2016 981 2064 capita
1013 2019 1102 2052 sunt
1133 2015 1253 2052 varia.
1314 2013 1498 2061 Primum,
1532 2020 1574 2052 ut
1605 2026 1747 2052 annum
1780 2026 1897 2052 unum
1918 2018 2034 2063 atque

241 2071 401 2109 alterum
441 2073 479 2109 in
513 2072 701 2110 Bohemia
732 2084 856 2111 morer
896 2078 933 2111 et
973 2081 1153 2111 eventum
1197 2084 1321 2110 rerum
1355 2074 1393 2108 in
1426 2072 1555 2122 Styria
1596 2075 1743 2110 eminus
1785 2073 2031 2122 contempler,

243 2129 459 2167 consultum
490 2131 605 2168 rebus
637 2131 731 2168 meis
763 2131 939 2180 adeoque
972 2137 1009 2169 et
1040 2131 1177 2169 studiis
1211 2143 1294 2168 esse
1316 2130 1482 2178 videtur,
1514 2132 1680 2169 maxime
1712 2132 1743 2168 si
1769 2131 1874 2180 quod
1895 2131 2032 2180 Tycho

241 2187 443 2237 pollicetur
465 2189 627 2226 obtineri
650 2194 778 2237 queat,
812 2194 853 2226 ut
875 2189 1057 2226 salarium
1089 2189 1306 2238 Styriacum
1339 2188 1458 2225 nihilo
1490 2190 1615 2226 secius
1640 2191 1895 2228 continuetur.
1948 2189 2034 2226 Hac

245 2248 448 2284 occasione
480 2251 630 2295 tempus
662 2247 755 2284 mihi
778 2247 1100 2296 suppeditaretur,
1133 2247 1320 2285 liberandi
1343 2246 1455 2284 fidem
1478 2259 1602 2284 meam
1634 2249 1672 2284 in
1695 2249 1884 2296 promisso
1917 2252 2031 2285 aut'o-

244 2309 346 2341 mate
380 2304 537 2342 coelesti
565 2310 602 2347 (I.
628 2311 670 2342 73
697 2313 763 2347 ss.)‚
795 2317 948 2354 possem
981 2306 1170 2354 paulatim
1202 2307 1451 2351 innotescere,
1484 2311 1526 2342 ut
1549 2306 1796 2354 postmodum
1820 2307 1857 2342 in
1881 2317 2032 2344 omnem

244 2367 424 2400 eventum
457 2361 503 2399 de
536 2362 756 2400 conditione
789 2365 920 2412 aliqua
951 2364 1044 2400 mihi
1081 2374 1156 2401 non
1197 2362 1350 2400 difficile
1391 2369 1492 2401 esset
1523 2366 1753 2413 prospicere.
1815 2364 1963 2402 Forsan
1996 2370 2033 2401 et

246 2419 288 2457 C.
321 2419 373 2456 Mi
404 2421 681 2458 innotescerem
713 2421 1050 2470 conditionemque
1084 2422 1395 2459 honestissimam
1428 2421 1671 2471 adipiscerer.
1714 2422 1757 2459 In
1779 2422 1918 2459 studiis
1938 2423 2033 2459 meis

242 2478 316 2516 hoc
345 2480 499 2515 nomine
531 2479 764 2528 proficerem,
800 2479 901 2528 quod
924 2479 1173 2528 particulares
1197 2479 1469 2528 dispositiones
1492 2481 1640 2517 orbium
1672 2479 1908 2527 coelestium,
1940 2479 2034 2517 mihi

243 2535 291 2574 ad
324 2548 410 2574 mea
440 2538 599 2574 inventa
628 2537 860 2586 percolenda
891 2540 988 2575 scitu
1021 2538 1256 2576 necessarias
1281 2537 1422 2586 diuque
1446 2537 1695 2585 desideratas,
1729 2550 1911 2576 successu
1932 2545 2033 2575 tem-

241 2596 344 2643 poris
376 2594 625 2632 addiscerem.
677 2595 931 2645 speraveram
964 2596 1130 2644 quidem,
1164 2607 1223 2633 me
1255 2597 1330 2632 ista
1357 2596 1459 2644 apud
1482 2597 1529 2634 D.
1553 2597 1775 2646 Tychonem
1794 2597 1876 2645 jam
1896 2602 2034 2645 parata

243 2655 499 2699 inventurum,
533 2653 599 2690 sed
631 2653 754 2702 major
784 2665 843 2691 res
876 2658 944 2701 est,
980 2666 1093 2702 quam
1126 2659 1168 2691 ut
1199 2658 1277 2691 tam
1308 2654 1436 2700 facile,
1469 2658 1547 2691 tam
1580 2656 1689 2693 brevi
1721 2660 1891 2704 tempore
1925 2654 2032 2692 deci-

244 2710 365 2748 datur.
428 2711 562 2761 Tycho
595 2712 887 2749 observationes
919 2712 1037 2750 habet
1069 2714 1247 2762 optimas,
1282 2723 1382 2761 quae
1414 2714 1532 2750 instar
1563 2714 1747 2750 materiae
1779 2712 1938 2749 suntad
1960 2712 2034 2749 hoc

247 2768 462 2806 aedificium
505 2770 796 2817 exstruendum,
839 2770 958 2807 habet
1000 2776 1036 2808 et
1077 2772 1272 2820 operarios
1316 2776 1353 2808 et
1396 2771 1582 2819 quicquid
1626 2771 1834 2809 desiderari
1877 2772 2032 2808 omnino

245 2832 385 2875 potest.
445 2825 555 2865 Unus
596 2827 652 2864 illi
686 2828 793 2866 deest
824 2828 1078 2873 architectus,
1121 2830 1186 2877 qui
1218 2829 1276 2865 his
1309 2829 1486 2865 omnibus
1514 2830 1627 2877 Juxta
1657 2841 1698 2867 se
1730 2833 1872 2865 utatur.
1934 2828 2033 2866 Nam

249 2886 319 2921 etsi
352 2886 546 2933 ingenium
577 2886 614 2922 in
647 2888 730 2936 ipso
764 2885 1027 2924 felicissimum
1061 2892 1097 2924 et
1128 2887 1241 2937 plane
1273 2886 1613 2924 architectonicum
1635 2892 1705 2934 est,
1737 2888 1872 2935 ingens
1903 2891 2032 2925 tamen

249 2943 417 2980 varietas
451 2948 489 2981 et
520 2945 558 2980 in
589 2944 751 2993 singulis
783 2944 1081 2994 profundissime
1120 2945 1244 2983 latens
1283 2946 1426 2983 veritas
1457 2944 1657 2994 hucusque
1698 2944 2033 2993 diligentissimum

247 2998 470 3048 Tychonem
503 3001 688 3047 detinuit,
730 3014 815 3040 cum
841 3003 924 3051 jam
955 3008 1133 3041 senectus
1165 3003 1220 3039 illi
1252 3002 1430 3051 obrepat,
1474 3004 1666 3052 ingenium
1699 3007 1737 3040 et
1769 3014 1900 3040 omnes
1931 3004 2033 3040 vires

248 3067 435 3095 enervans
469 3064 536 3096 aut
565 3071 640 3097 non
663 3061 805 3098 multos
827 3066 914 3111 post
935 3072 1056 3099 annos
1089 3065 1328 3106 enervatura,
1361 3060 1458 3098 adeo
1481 3067 1523 3098 ut
1544 3060 1748 3099 difficulter
1776 3061 1883 3098 solus
1905 3061 2033 3098 omnia

245 3113 394 3153 efficere
424 3118 559 3166 possit.
623 3117 760 3167 Itaque
792 3119 824 3155 si
855 3118 928 3157 fine
959 3121 1035 3158 mei
1065 3120 1211 3158 itineris
1250 3112 1340 3155 nolo
1374 3120 1540 3168 privari,
1580 3118 1741 3156 duorum
1782 3119 1945 3158 alterum
1976 3123 2034 3157 est
