2177 3408
468 191 708 228 Summarium
733 190 914 227 Historiae
940 189 1193 226 Astronomiae
1219 189 1340 225 seculo
1365 189 1462 226 XVI.
1783 186 1867 232 643

71 319 143 354 quo
169 300 314 353 collegit
332 308 456 354 Tycho
484 319 536 355 ea,
563 318 654 353 quae
680 318 761 343 cum
785 306 1012 350 Landgravio
1033 305 1222 342 Guilielmo
1248 309 1284 340 et
1311 305 1389 350 ejus
1415 308 1621 341 astronomo
1639 302 1868 340 Rothmanno

69 368 114 402 ab
139 377 232 402 anno
259 367 349 402 1585
374 367 410 402 in
436 378 569 402 annum
596 367 684 402 159ss
720 376 784 410 per
813 365 936 400 literas
970 365 1053 409 egit.
1103 363 1203 407 Quae
1231 364 1274 398 dc
1307 364 1468 398 secunda
1501 362 1735 409 epistolarum
1766 367 1870 407 parte

70 425 182 460 refert
206 425 405 470 Keplerus,
439 426 607 469 leguntur
630 424 699 459 vol.
725 424 752 459 I.
779 435 814 469 p.
846 424 922 459 191.
970 423 1109 459 Multus
1143 427 1197 458 est
1223 422 1346 466 Tyeho
1379 422 1416 457 in
1451 422 1508 458 his
1546 421 1707 468 epistolis
1731 423 1769 457 in
1794 421 1869 457 lau-

73 482 191 518 danda
217 493 281 518 sua
308 483 351 518 de
377 483 511 518 mundo
537 483 692 528 ratione,
727 482 811 518 dum
836 482 1088 517 Rothmannus
1117 481 1353 526 Copernicum
1379 480 1539 516 defendit
1562 486 1598 516 et
1622 481 1871 527 Landgravius

71 540 340 586 observationes
374 552 456 577 suas
488 541 523 576 in
549 541 649 577 coelo
675 545 838 577 recenset
864 545 898 576 et
924 551 944 575 a
970 540 1141 585 Tychone
1167 538 1354 575 consilium
1379 539 1471 584 petit
1496 540 1539 574 de
1565 539 1796 576 conficiendis
1820 541 1873 576 in-

71 600 280 635 strumentis
314 600 576 635 astronomicis.
624 600 747 645 Tycho
787 599 917 644 quibus
944 600 1190 644 Copernicana
1222 599 1362 633 laboret
1393 598 1485 633 ratio
1511 599 1708 640 erroribus,
1743 598 1873 642 quibus

72 669 138 693 sua
162 662 323 702 praestet
347 658 536 693 virtutibus
564 658 826 703 demonstrans,
853 660 983 694 iterum
1006 658 1207 701 iterumque
1226 657 1493 692 Rothmannum
1519 657 1663 700 ablegat
1682 656 1727 692 ad
1755 659 1873 700 „locu-

72 717 204 762 pletius
231 720 355 762 opusss',
382 717 477 762 quod
504 729 683 761 nunquam
713 717 918 752 absolutum
945 722 1008 752 cst.
1061 717 1328 758 „Occasionem
1357 717 1490 760 inquit,
1516 717 1582 752 has
1607 718 1764 752 rationes
1791 729 1874 753 con-

73 775 237 810 struendi
272 786 344 810 non
376 776 532 810 dcsumsi
560 787 603 809 ex
629 775 781 810 inversis
811 775 1081 820 Copernicanis,
1120 786 1240 809 verum
1275 786 1354 809 cum
1387 775 1718 810 animadvertissem
1751 777 1874 813 subtili

73 838 107 868 et
133 837 299 868 accurata
321 833 581 875 observatione,
606 834 819 877 praesertim
846 845 939 868 anno
958 834 1014 868 82.
1034 833 1168 875 habita,
1196 833 1350 868 Martem
1377 834 1629 877 acronychium
1649 835 1767 870 Terris
1792 846 1873 879 pro-

73 892 211 936 piorem
237 891 313 926 fieri
338 893 417 936 ipso
437 891 519 927 Sole
539 896 574 926 et
600 893 644 927 ob
663 892 699 926 id
716 891 956 927 Ptolemaicas
983 891 1043 926 diu
1062 897 1227 935 receptas
1246 891 1467 938 hypotheses
1487 897 1650 926 constare
1670 905 1739 928 non
1756 906 1874 940 posse,

75 955 233 985 cometas
268 950 417 994 insuper
452 950 565 985 motui
591 951 723 985 Terrae
756 961 874 984 annuo
911 961 983 984 non
1009 949 1109 984 reddi
1136 949 1329 994 obnoxios,
1366 951 1526 994 quamvis
1550 951 1646 986 haud
1672 953 1707 987 in
1734 959 1873 988 tantum

75 1008 219 1053 distent,
246 1013 284 1043 ut
310 1008 417 1054 plane
443 1008 473 1043 is
500 1013 703 1052 evanescat,
729 1009 822 1043 sicut
839 1009 875 1042 in
899 1008 981 1043 fixis
999 1008 1039 1042 fit
1058 1008 1247 1053 sideribus,
1275 1009 1555 1053 Copernicanam
1577 1021 1718 1054 quoque
1738 1022 1874 1047 assum-

74 1066 209 1101 tionem
234 1067 495 1103 collabascere:
522 1078 592 1102 non
619 1067 779 1102 restabat
805 1067 875 1102 alia
900 1067 957 1102 via
982 1067 1143 1102 salvandi
1170 1067 1400 1111 apparentias
1428 1068 1620 1111 coelestes,
1654 1080 1761 1112 quam
1787 1069 1875 1103 haec

79 1125 167 1170 ipsa,
194 1136 287 1169 quae
312 1135 427 1170 nuper
453 1136 473 1160 a
498 1136 553 1159 me
578 1125 720 1169 prolata
745 1128 835 1161 est.“
887 1125 952 1159 His
979 1125 1143 1169 adjungit
1170 1126 1293 1170 Tycho
1321 1126 1583 1160 enarrationem
1611 1137 1750 1170 eorum,
1785 1138 1875 1171 quae

76 1183 282 1218 Raimarum
316 1184 448 1219 Ursum
474 1184 656 1228 attingunt
682 1194 846 1228 quaeque
871 1183 1058 1218 retulimus
1090 1184 1159 1219 vol.
1187 1185 1214 1219 I.
1240 1196 1274 1228 p.
1300 1185 1369 1220 226
1388 1196 1434 1220 SS.
1484 1185 1585 1229 Quae
1619 1186 1726 1229 objici
1759 1186 1876 1220 solent

77 1242 275 1286 (Topernico
301 1244 442 1287 repetit,
470 1243 600 1286 quihus
626 1246 750 1278 censet
777 1242 965 1286 Copernici
991 1243 1204 1276 sententiam
1230 1242 1375 1286 penitus
1401 1243 1593 1278 refutatam
1620 1253 1708 1285 esse,
1735 1250 1770 1278 et
1796 1256 1876 1279 cum

75 1311 192 1344 neque
217 1301 438 1336 Ptolemaica
463 1311 580 1346 neque
607 1301 853 1345 Copernicana
878 1300 969 1334 ratio
996 1300 1137 1336 veritati
1163 1306 1348 1345 congruat,
1375 1312 1475 1336 suam
1503 1302 1677 1336 rationem
1703 1313 1780 1337 eam
1799 1313 1878 1337 esse

75 1359 302 1404 pronunciat,
331 1370 422 1405 quae
448 1360 483 1394 in
508 1359 649 1395 illarum
674 1360 793 1395 locum
819 1359 999 1394 succedat.
1049 1360 1299 1394 Rothmannus
1326 1365 1447 1396 autem
1471 1361 1561 1396 haec
1587 1366 1712 1396 contra
1738 1361 1875 1405 Tycho-

77 1429 158 1452 nem
192 1418 339 1454 asserit:
380 1418 505 1462 „Quod
539 1419 582 1453 de
616 1418 934 1462 supputationibus
969 1417 1095 1463 affers,
1132 1418 1278 1452 Terram
1312 1429 1353 1452 ea
1379 1419 1579 1453 rationein
1612 1430 1684 1453 uno
1719 1420 1877 1455 secundo

76 1477 248 1521 temporis
274 1476 443 1521 scrupulo
469 1476 604 1511 revolvi
631 1476 761 1512 debere
787 1476 1055 1520 sesquicentum
1073 1486 1215 1520 passuS,
1244 1487 1376 1520 quaeso
1402 1482 1522 1512 utrum
1541 1478 1746 1512 censebitur
1763 1478 1878 1513 credi-

75 1533 182 1568 bilius
209 1538 244 1569 et
269 1535 468 1579 sapientiae
495 1540 658 1579 naturae,
685 1545 776 1579 quae
803 1545 945 1578 semper
969 1545 1034 1579 per
1058 1535 1230 1579 pauciora
1249 1536 1332 1579 agit,
1361 1537 1643 1580 convenientius,
1669 1548 1714 1571 an
1741 1542 1780 1571 ut
1805 1547 1878 1571 ses-

79 1592 286 1636 quicentum
311 1603 459 1638 passuS,
488 1604 531 1628 an
558 1604 642 1629 vero
668 1598 708 1628 ut
732 1597 786 1627 tot
811 1592 922 1627 millia
947 1604 1018 1627 non
1043 1603 1217 1637 passuum
1243 1594 1307 1628 sed
1332 1594 1534 1629 milliarium
1560 1595 1596 1629 in
1622 1606 1694 1630 uno
1719 1595 1878 1629 seeundo

79 1649 275 1685 conficiat?
315 1652 446 1686 Annon
473 1651 508 1685 id
527 1651 839 1686 vehementissime
866 1662 946 1686 cum
973 1650 1067 1685 dicta
1085 1656 1235 1685 naturae
1262 1651 1440 1695 sapientia
1457 1652 1642 1696 pugnabit,
1669 1653 1698 1687 si
1718 1659 1877 1688 assumto

80 1709 171 1744 coeli
196 1713 296 1743 motu
320 1719 386 1753 per
412 1709 568 1744 omnium
595 1710 782 1745 stellarum
808 1714 843 1744 et
868 1710 1095 1754 planetarum
1122 1709 1301 1753 diversos,
1327 1709 1661 1745 vehementissimos
1687 1715 1878 1754 menteque

79 1766 238 1802 hnmana
269 1768 651 1813 incomprehensibiles
685 1779 813 1804 cursus
847 1768 992 1803 efficere
1029 1772 1198 1812 cogetur,
1233 1767 1329 1811 quod
1361 1772 1505 1812 poterat
1536 1770 1574 1804 in
1606 1780 1676 1804 uno
1708 1770 1878 1805 facillime

83 1826 298 1869 praestare?
339 1828 467 1860 Annon
495 1831 530 1861 et
554 1826 634 1870 hoc,
664 1826 760 1871 quod
787 1837 829 1861 ea
853 1827 993 1862 ratione
1019 1825 1174 1870 planetis
1201 1826 1336 1870 duplex
1363 1831 1398 1860 et
1424 1827 1492 1861 sibi
1517 1827 1718 1862 contrarius
1742 1828 1879 1863 inesset

79 1884 193 1919 centri
217 1885 364 1919 motus?
389 1885 520 1920 Nescio
547 1885 665 1927 etiam,
692 1897 738 1920 an
762 1884 835 1919 fixa
861 1885 979 1919 sidera
1003 1885 1040 1918 in
1066 1889 1165 1920 tanta
1191 1890 1309 1919 motus
1334 1886 1548 1929 pernicitate
1573 1890 1645 1920 tam
1672 1892 1880 1922 constanter

79 1953 162 1977 suas
188 1943 233 1978 ab
259 1943 409 1978 invicem
437 1944 626 1978 distantias
645 1943 826 1979 custodire
844 1946 1027 1988 possentf*
1071 1943 1230 1978 Tertium
1257 1944 1390 1979 Terrae
1415 1949 1561 1989 motum,
1589 1945 1728 1988 qualem
1749 1946 1878 1990 Coper-

80 2001 183 2035 nicus
210 2001 393 2046 exhibeat,
422 2001 634 2044 „admodum
661 2001 854 2036 obscurum
879 2011 946 2036 nec
971 2000 1079 2036 facile
1102 2001 1377 2046 perceptibilem
1403 2006 1502 2038 esse“
1532 2003 1728 2039 contendit.
1772 2004 1879 2038 Suffi-

80 2069 160 2094 cere
186 2059 271 2093 dicit
297 2064 434 2094 motum
459 2060 625 2094 diurnum
651 2064 687 2094 et
712 2070 880 2094 annuum.
914 2059 1029 2094 Axem
1058 2060 1190 2094 Terrae
1216 2071 1287 2094 non
1313 2070 1394 2095 vere
1417 2060 1572 2103 reflecti,
1600 2072 1753 2105 eumque
1778 2067 1878 2097 motu

81 2127 200 2152 annuo
226 2118 277 2152 ita
302 2117 530 2163 circumduci,
558 2124 598 2153 ut
625 2128 766 2163 semper
793 2118 859 2153 sibi
884 2118 953 2162 ipsi
979 2118 1176 2162 parallelus
1201 2124 1346 2153 maneat
1369 2123 1406 2154 et
1428 2130 1552 2155 versus
1581 2120 1731 2155 eandem
1756 2120 1879 2155 mundi

80 2180 218 2220 partem
245 2181 396 2220 spectet,
423 2187 514 2221 quae
540 2188 624 2222 pars
652 2177 755 2220 quasi
781 2187 889 2211 unum
915 2181 1089 2221 punctum
1126 2176 1171 2211 sit
1200 2181 1348 2221 propter
1378 2177 1592 2221 parvitatem
1624 2177 1720 2212 orbis
1747 2179 1879 2213 Terrae

87 2235 208 2279 annui,
235 2234 295 2279 qui
321 2240 548 2279 comparatus
575 2246 655 2269 cum
682 2234 771 2269 coeli
799 2235 976 2278 sphaerae
1001 2234 1242 2270 immensitate
1266 2245 1414 2280 prorsus
1441 2240 1640 2270 evanescat.

218 2294 300 2339 His,
321 2304 413 2338 quae
440 2304 484 2328 ex
510 2293 664 2338 epistola
690 2293 911 2328 Rothmanni
937 2303 1029 2327 anno
1059 2294 1148 2329 1590
1174 2294 1258 2328 data
1285 2293 1533 2338 desumsimus,
1560 2294 1807 2338 subjungimus
1827 2305 1878 2338 ea,

81 2361 173 2395 quae
198 2351 341 2386 biennio
368 2355 451 2386 ante
470 2352 633 2397 Tychoni
660 2351 875 2395 scripserat:
906 2351 1130 2393 „Introducit
1146 2352 1237 2387 haec
1254 2351 1393 2386 inversa
1413 2352 1600 2396 Copernici
1625 2352 1715 2386 ratio
1734 2372 1773 2375 —
1795 2353 1880 2387 dicit

88 2408 315 2443 Braheanam
344 2429 380 2434 —
409 2409 654 2444 confusionem
679 2409 712 2443 in
740 2409 914 2452 sphaeras
942 2409 1180 2454 planetarum.
1230 2410 1309 2444 Etsi
1343 2410 1436 2443 enim
1454 2409 1560 2444 *nulla
1585 2420 1775 2454 corporum
1801 2422 1880 2445 coe·
1919 2402 1923 2405 ¹

85 2466 228 2501 lestium
253 2467 358 2502 illisio
383 2468 467 2503 inde
493 2468 594 2512 sequi
619 2472 751 2512 potest,
778 2471 817 2502 ut
844 2477 1017 2502 excusare
1044 2467 1181 2510 niteris,
1209 2471 1328 2502 tamen
1349 2467 1447 2502 nulla
1466 2467 1699 2512 sphaerarum
1718 2478 1800 2501 vera
1818 2473 1880 2502 aut

85 2524 322 2560 determinata
348 2526 528 2561 distinctio
554 2531 691 2569 manet,
724 2525 788 2560 sed
822 2535 945 2560 omnes
971 2525 1064 2559 inter
1089 2536 1127 2560 se
1155 2524 1433 2560 confunduntur.
1482 2526 1530 2560 At
1557 2525 1745 2569 Copernici
1769 2524 1879 2568 hypo-

83 2583 197 2618 thesis
224 2594 329 2618 suum
361 2583 554 2627 unicuique
590 2583 758 2628 planetae
784 2588 820 2617 et
845 2583 1121 2617 determinatum
1147 2583 1304 2627 spatium
1330 2582 1512 2627 attribuit,
1549 2593 1566 2617 e
1593 2594 1662 2627 quo
1689 2588 1787 2616 motu
1814 2594 1878 2617 suo

85 2641 207 2686 egredi
238 2652 308 2676 non
340 2641 467 2686 possit.
525 2642 601 2676 Scis
635 2647 772 2685 autem,
807 2642 921 2676 Deum
954 2651 1025 2674 non
1059 2639 1281 2675 confusionis
1319 2640 1382 2675 sed
1415 2640 1549 2674 ordinis
1583 2646 1767 2674 auctorem
1800 2651 1880 2675 esse

84 2706 322 2744 naturamque
346 2699 398 2734 ita
422 2698 636 2743 condidisse,
663 2704 703 2732 ut
729 2709 750 2732 a
775 2698 986 2733 confusione
1013 2699 1217 2734 abhorreat.
1251 2698 1352 2733 Haec
1376 2697 1486 2741 igitur
1503 2702 1538 2731 et
1556 2697 1626 2731 alia
1643 2697 1753 2731 multa
1773 2698 1880 2732 etiam

84 2763 194 2804 atque
219 2759 325 2794 etiam
350 2757 601 2802 considerans,
634 2756 731 2791 aliud
765 2757 924 2791 invenire
955 2767 1027 2791 non
1057 2767 1226 2801 possum,
1259 2766 1366 2799 quam
1397 2754 1532 2789 nullam
1564 2759 1709 2798 praeter
1740 2756 1879 2790 unicam

87 2817 274 2862 Copernici
304 2816 523 2861 hypothesin
555 2826 674 2850 veram
709 2824 799 2849 esse.
943 2814 1175 2860 Hypotheses
1208 2814 1470 2857 Copernicaeas
1508 2816 1627 2846 autem
1659 2811 1879 2848 discentibus

86 2886 158 2910 non
182 2874 437 2920 proponendas
463 2884 542 2909 esse
571 2874 712 2918 judico,
747 2886 827 2910 cum
853 2885 895 2908 ea
920 2875 979 2908 vix
1005 2876 1050 2910 ab
1076 2873 1273 2909 artificibus
1298 2873 1561 2917 percipiantur,
1593 2877 1633 2906 ut
1657 2882 1723 2907 nec
1746 2873 1879 2913 Maest-

86 2933 181 2968 linus
206 2933 350 2978 quidem
376 2937 510 2968 motum
536 2932 735 2967 librationis
760 2938 857 2967 recte
882 2931 1060 2976 intelligit.
1104 2932 1333 2975 Quapropter
1357 2930 1434 2974 ipse
1460 2940 1603 2974 quoque
1627 2931 1661 2964 in
1680 2931 1880 2969 Elementis

88 2992 176 3027 meis
212 2990 460 3026 astronomicis
494 2990 712 3026 eccentricos
743 2991 779 3025 in
814 2995 936 3026 centro
972 2989 1122 3024 mobiles
1148 2993 1184 3023 et
1210 2987 1388 3032 epicyclos
1415 2988 1601 3032 substitui,
1636 2995 1675 3023 ut
1701 2989 1879 3027 discentes

89 3060 165 3084 rem
190 3059 232 3084 eo
256 3047 398 3084 facilius
422 3047 622 3092 intelligere
647 3052 812 3098 possent,
838 3058 884 3082 ne
908 3052 1027 3083 tamen
1054 3046 1217 3081 deessem
1242 3046 1456 3091 ingeniosis,
1491 3045 1536 3081 ad
1560 3046 1668 3082 finem
1694 3049 1880 3094 Copernici

89 3107 326 3142 inversionem
350 3105 519 3151 subjeci.“

226 3165 302 3200 Has
320 3164 597 3210 disceptationes
616 3165 876 3210 Rothmannus,
903 3175 982 3200 cum
1001 3174 1094 3200 anno
1114 3163 1203 3200 1590
1221 3162 1428 3210 Tychonem
1443 3162 1635 3209 invisisset,
1661 3174 1780 3203 coram
1797 3175 1878 3203 con‹

1533 3220 1605 3256 42*
