2126 3388
930 212 1027 250 1612.

1780 218 1864 264 &m

75 324 271 362 Lincium.“
323 324 580 369 Imperatorem
606 327 796 362 Matthiam
826 328 863 363 in
896 328 1119 374 praefatione
1150 329 1195 364 ad
1228 330 1446 376 Ephemerin
1480 333 1563 368 anni
1591 334 1678 369 1617
1703 334 1754 369 sic
1779 335 1867 371 allo-

74 383 197 428 quitur
221 383 417 427 Keplerus:

72 496 164 530 Fata
189 496 304 532 Deum
330 505 446 539 curae7
474 495 559 529 mihi
585 496 724 531 coelum
750 501 834 531 vota
859 498 1049 533 ministret.

73 543 294 587 Quamquam
320 543 424 579 etiam
451 542 607 577 Isacides
634 544 706 577 voti
732 545 798 579 sub
824 544 976 588 imagine
1002 547 1094 582 natis

71 590 243 624 Fatorum
269 591 396 625 seriem
423 595 458 625 et
482 589 677 633 longinqua
703 601 834 625 arcana
859 593 1001 636 retexit,

70 636 235 672 Affirmet
258 647 338 672 mea
363 640 446 676 vota
471 636 579 671 Deus.
631 637 854 682 Consurgere
881 649 987 674 cerno

71 682 198 726 Adque
225 694 368 718 sacrum
394 683 536 727 Imperii
563 682 734 726 paulatim
761 684 931 720 accedere
959 687 1099 723 culmen

71 730 208 764 Titanis
235 730 332 765 claro
359 730 494 765 cinctos
519 729 650 764 Orione
677 741 824 773 cursus3

71 777 339 820 Oppositosque
364 778 440 811 Deo
467 776 587 811 vultus
611 776 767 811 Junonis
794 777 838 811 ad
865 789 1019 822 unguem

68 823 231 858 Luminis
256 823 434 858 infernum
459 824 584 867 plenos
612 822 829 857 descendere
856 824 899 858 ad
927 836 1039 860 axem.

207 870 351 905 Scilicet
377 871 551 913 obsequio
577 869 750 912 Maiestas
777 870 875 904 salva
899 872 1118 908 Monarehae

67 917 194 952 Mutua
221 916 399 951 diffundet
425 917 611 960 subjectae
638 917 823 951 commoda
848 917 962 961 plebi;

69 964 250 998 Clarescet
277 963 353 998 Rex
380 964 532 1007 Imperio
558 962 786 1007 populusque
812 965 1005 1007 sequendo,

67 1011 179 1045 Totus
205 1010 410 1054 compositis
437 1011 584 1054 plaudet
609 1010 842 1044 concentibus
871 1010 988 1055 Orbis,

66 1057 189 1091 Firma
214 1056 421 1092 salutiferae
447 1057 665 1091 constabunt
690 1056 836 1091 foedera
862 1057 973 1101 pacis⁷

65 1103 214 1138 Justitia
235 1104 410 1148 jungente
436 1114 573 1147 manus,
600 1103 684 1136 dum
709 1103 853 1147 Jupiter
869 1105 895 1148 ¹)
922 1109 1048 1140 auctor

67 1150 181 1184 Corde
208 1149 349 1184 leonino
377 1152 490 1194 surgit
515 1152 704 1184 comitatus
729 1150 775 1184 ab
803 1155 893 1190 ortu,

66 1196 191 1232 Sextili
217 1197 392 1240 aspiciens
402 1198 432 1241 2)

202 1244 277 1278 Nec
301 1254 357 1278 me
383 1255 490 1280 coeca
516 1244 631 1279 latent
657 1242 755 1277 dirae
781 1244 932 1288 vestigia
957 1244 1112 1280 fraudis:

63 1290 290 1335 Inseruitque
316 1301 451 1335 manus,
479 1289 662 1335 quadiatis
674 1290 704 1333 ⁴)
731 1290 851 1324 sideia
875 1291 958 1334 pilis

63 1337 104 1371 In
130 1336 270 1372 dixersa
294 1337 440 1372 trahens
467 1338 712 1382 populumque
739 1347 759 1370 a
783 1337 882 1381 Rege
909 1343 1142 1382 sequestrans

62 1383 235 1418 Leucadii
259 1384 348 1418 livor
374 1384 486 1419 Senis.
510 1385 792 1438 oppositumque
818 1388 953 1421 tuetur.
968 1391 998 1429 ³)

63 1428 201 1464 Occidit
224 1431 284 1465 ille
308 1436 438 1475 tamen,
462 1431 649 1476 primoque
674 1431 814 1464 inititur
840 1436 920 1465 ortu

60 1476 204 1519 Jupiter
228 1477 301 1512 alta
326 1483 468 1521 petens:
494 1478 700 1512 Vanescent
723 1477 886 1520 protinus
914 1482 1010 1512 artes

59 1523 284 1568 Lethiferae;
307 1524 408 1567 jacta
434 1529 499 1559 est.
527 1525 681 1568 spatium
708 1530 744 1558 at
771 1535 842 1558 non
867 1525 1011 1567 trajicit,
1036 1526 1162 1572 hasta3

59 1570 199 1605 Evadet
223 1571 339 1615 pietas
361 1571 556 1615 jurataque
578 1571 662 1615 jura
686 1570 878 1606 valescent.

197 1617 369 1653 Affundet
394 1618 562 1652 blandum
590 1617 725 1661 coeptis
754 1618 891 1661 Regina
916 1617 1084 1662 favmem,

59 1664 252 1699 Caesareos
280 1665 453 1700 decorans
481 1665 619 1708 aditus3
646 1665 743 1699 velut
768 1675 878 1698 aurea
905 1665 1030 1709 Cypris

56 1711 151 1745 Ante
177 1711 276 1745 Jovis
300 1711 439 1754 rutilos,
466 1712 612 1755 propior
637 1711 780 1754 sensim,
807 1711 966 1746 ambulat
990 1713 1104 1757 ignes.

194 1757 286 1801 Quid
313 1769 396 1792 vero
423 1767 526 1802 pater
549 1758 692 1797 irarum,
721 1757 912 1802 caedisque
939 1766 1120 1804 cruentae,

0 1831 1 1834 η
56 1804 149 1847 Quid
176 1804 330 1839 Gradive
355 1806 488 1848 paras?
540 1805 611 1839 Cur
638 1806 761 1839 stricta
788 1805 936 1847 cuspide
963 1805 1080 1841 divum

0 1848 1 1857 ¹
55 1853 141 1886 ('um
168 1851 273 1885 docto
300 1852 407 1886 ruber
433 1862 580 1886 exerces
607 1852 807 1895 Interprete
832 1851 956 1886 rixas?

54 1898 125 1932 Cur
148 1898 242 1942 fugit
266 1897 326 1932 ille
353 1899 474 1934 retro‘?
515 1898 644 1933 Veniet
670 1898 869 1933 Germanus
896 1899 939 1932 ad
965 1900 1088 1934 arma?

52 1945 252 1989 Mutuaque
276 1945 448 1980 adversae
473 1945 676 1990 pensabunt
699 1945 846 1980 vulnera
871 1946 1019 1989 partes?

53 1992 164 2026 Credo
193 1991 359 2034 equidem
383 1993 475 2026 male
501 1992 709 2035 compositis
736 1998 944 2036 turgescere
971 1993 1088 2028 causis

51 2039 194 2072 Semina
221 2038 408 2083 bellorum,
435 2039 610 2083 Zephyris
637 2038 827 2072 animanda
851 2040 1016 2074 reversis.

49 2086 131 2120 Non
156 2090 274 2120 tamen
300 2085 391 2120 haec
411 2085 550 2129 justum
577 2085 704 2119 ferient
728 2086 952 2120 incommoda
978 2087 1122 2130 Regem,

48 2132 128 2166 Non
155 2132 338 2175 populum,
367 2133 476 2167 officii
501 2142 712 2173 memorem,
739 2142 804 2166 nec
829 2132 937 2175 longa
961 2133 1072 2168 furori

47 2179 237 2220 Materies3
264 2179 357 2219 fugit
381 2179 425 2213 ad
452 2179 580 2214 solium
606 2179 816 2222 perterritus
841 2179 992 2214 Hermes

49 2226 271 2269 Caesarium3
298 2225 571 2266 Mavors'nigro
598 2226 825 2260 damnabitur
851 2226 955 2265 Orco,

47 2272 152 2316 Eque
179 2272 282 2306 domo
310 2271 433 2317 Stygia
458 2272 594 2318 gelidas
621 2272 815 2307 descendet
838 2272 874 2307 in
900 2273 1027 2308 undas.

464 381 508 419 In
549 395 689 432 magna
726 395 850 422 rerum
891 387 1073 433 angustia
1112 385 1247 425 scdulo
1291 390 1461 439 perrexi,

459 1198 606 1232 fratrem
632 1196 725 1240 hinc,
753 1197 845 1230 trino
872 1197 954 1231 inde
981 1208 1138 1232 sororem
1153 1200 1197 1244 3).

1514 389 1636 428 donec
1675 389 1865 440 Majestas

1311 687 1414 731 Qin
1442 690 1484 724 X.

1316 782 1500 826 &OD

1322 828 1503 872 Dian

1311 1107 1334 1150 Ι)
1362 1106 1406 1150 21-
1432 1118 1510 1142 cum
1530 1110 1636 1145 corde
1656 1111 1696 1157 g)
1724 1112 1759 1146 in
1777 1112 1857 1148 XII.

1304 1153 1482 1208 significat
1506 1156 1681 1193 Arabibus
1707 1158 1859 1194 salutem

1306 1210 1350 1233 ex
1374 1200 1536 1236 inimicis

1312 1248 1336 1301 ῗ)
1363 1251 1417 1291 >e
1445 1248 1488 1291 a
1518 1252 1556 1290 Θ

1305 1294 1342 1361 Σ)
1509 1295 1553 1339 ΉΓ

1304 1362 1331 1407 4¹
1500 1346 1539 1383 Θ

1309 1390 1334 1477 5))
1428 1435 1440 1469 i
1489 1393 1568 1472 5231.

1360 1297 1413 1475 &UOD

1431 1298 1477 1428 ww&

1444 1446 1464 1469 l:

1377 1580 1413 1611 et
1446 1578 1476 1617 Ξ)
1507 1575 1668 1612 defluens
1695 1589 1715 1613 a
1746 1582 1781 1618 D
1815 1578 1845 1621 ἲ)

1376 1623 1411 1656 in
1438 1622 1492 1661 ἐξ·

1422 1718 1441 1751 3
1459 1718 1502 1809 {Q
1521 1719 1566 1753 ad
1579 1717 1601 1752 J
1605 1728 1705 1752 ovem
1718 1716 1850 1753 adiens.

1457 1869 1475 1893 0

1312 2051 1338 2089 μζ
1376 2042 1491 2080 inb<

1294 2092 1339 2134 Δ
1374 2095 1404 2133 2)
1421 2091 1568 2135 platico.

1306 2138 1331 2181 ξ
1366 2148 1387 2171 a
1417 2143 1450 2177 1]
1482 2141 1511 2179 <J
1543 2140 1588 2174 ad
1616 2143 1655 2181 Θ
1684 2139 1820 2175 defluit.

1292 2231 1321 2270 0*
1349 2231 1384 2265 in
1410 2232 1503 2266 VIII.
1531 2232 1635 2268 domo
1659 2233 1797 2269 mortis,

897 2326 1124 2362 Humillimae
1151 2328 1350 2364 devotionis
1376 2330 1631 2366 documentum
1656 2342 1677 2366 a
1701 2332 1840 2367 Joanue

962 2374 1131 2418 Keplero,
1157 2376 1361 2418 Maiestatis
1387 2388 1473 2412 suae
1498 2379 1770 2415 Mathematico.

186 2468 226 2500 D.
254 2466 388 2498 Hassler
412 2468 446 2498 in
472 2468 674 2500 bibliotheca
699 2469 848 2500 Ulmensi
881 2470 941 2500 hoc
967 2470 1103 2511 Kepleri
1128 2472 1248 2510 poema
1281 2472 1500 2513 deprehendit
1533 2475 1697 2516 nobisque
1720 2474 1839 2506 libera-

44 2512 120 2544 liter
146 2515 319 2545 concessit:

611 2558 703 2593 'Dic
730 2559 972 2593 anniversario
1000 2560 1034 2594 S.
1062 2560 1240 2595 Matthiae

750 2607 790 2638 A.
816 2605 851 2640 C.
876 2606 925 2640 M.
953 2607 1026 2641 DC.
1053 2606 1129 2640 XII¹

664 2652 837 2685 Memoria
862 2653 993 2687 natalis
1018 2653 1215 2687 felicissimi

439 2697 664 2731 Serenissimi
690 2697 1006 2742 Potentissimique
1032 2699 1208 2743 Principis
1235 2705 1270 2735 et
1294 2702 1437 2737 Domini

552 2743 695 2777 Domini
719 2744 895 2778 Matthiae
920 2745 966 2779 ΙΙ.
992 2746 1101 2788 Regis
1125 2746 1331 2790 Hungariae

766 2795 802 2825 et
824 2790 1016 2825 Bohemiae
1043 2797 1108 2826 etc.

687 2882 802 2917 Nixus
827 2883 1006 2926 egentium
1031 2884 1181 2919 nomine.

412 2941 536 2974 Panno
561 2939 625 2973 tibi
652 2944 798 2984 accepta
822 2940 992 2983 imposuit
1016 2952 1081 2985 pro
1106 2952 1195 2985 pace
1221 2943 1407 2988 Coronam,

525 2987 647 3020 Mente
671 2990 734 3021 tua
760 2996 908 3021 concors
934 2987 1090 3030 Austria‚
1115 2987 1211 3022 ficta
1235 2993 1298 3024 tua
1323 2995 1386 3024 est.

411 3033 585 3068 Hostibus
611 3033 769 3077 expulsis
795 3032 1004 3072 mercedem.
1030 3039 1172 3078 sceptra
1197 3035 1320 3077 tulisti,

529 3080 628 3122 Quae
653 3090 731 3114 cum
756 3080 994 3114 Marcomanis
1020 3084 1115 3115 terra
1139 3081 1298 3116 Bohema
1321 3083 1451 3118 tremit.

409 3126 513 3161 Nunc
540 3136 682 3170 quoque
710 3126 894 3161 Caesareis
920 3132 1071 3161 centeno
1096 3138 1117 3162 a
1141 3138 1263 3163 mense
1289 3129 1459 3166 ministris

523 3171 654 3211 Debita
679 3173 709 3208 si
735 3172 874 3209 dederis
899 3174 1076 3217 praemia:
1104 3174 1237 3210 Caesar
1261 3176 1342 3212 eris.
