2177 3408
105 853 264 924 Quam
329 852 692 915 astronomiae
758 853 1013 915 colendae
1081 852 1460 930 docendaeque
1519 854 1780 919 rationem
1841 875 1902 918 ex

211 947 389 1008 seculo
432 947 542 1008 XVl.
584 945 844 1009 traditam
887 946 1155 1024 acceperit
1196 949 1465 1026 Keplerus,
1509 954 1804 1013 enarra-tur.

241 1180 422 1224 Quantum
447 1181 482 1215 in
509 1183 646 1217 artibus
673 1187 708 1217 et
732 1181 843 1217 literis
861 1182 1033 1225 augendis
1060 1183 1122 1219 uni
1141 1182 1281 1218 cuidam
1308 1183 1385 1218 viro
1410 1183 1644 1219 tribuendum
1669 1184 1732 1229 sit,
1759 1185 1789 1220 si
1815 1184 1906 1220 alios

102 1238 155 1273 illi
180 1238 236 1274 vel
263 1243 384 1274 aetate
409 1240 592 1284 proximos
618 1239 674 1274 vel
705 1240 891 1285 aequales,
927 1241 987 1284 qui
1013 1241 1107 1276 idem
1131 1241 1316 1276 literarum
1342 1252 1455 1285 genus
1482 1243 1689 1287 coluerunt,
1724 1254 1906 1288 compara-

102 1297 214 1341 veris,
246 1297 389 1333 facilius
424 1298 625 1343 apparebit.
679 1298 793 1342 Quam
826 1299 871 1334 ob
902 1309 977 1334 rem
1009 1304 1044 1335 et
1076 1300 1164 1336 utile
1196 1303 1231 1335 et
1251 1300 1453 1344 jucundum
1478 1300 1555 1336 fore
1576 1301 1837 1346 judicavimus,
1876 1303 1906 1337 si

103 1355 252 1401 Kepleri
276 1355 313 1390 in
337 1356 579 1401 provehendis
604 1356 719 1393 literis
744 1357 871 1393 laudes
896 1357 1124 1404 illustraturi,
1151 1368 1257 1402 quam
1282 1358 1345 1393 ille
1364 1358 1644 1404 deprehenderit
1668 1359 1907 1395 astronomiae

102 1414 336 1460 aliarumque,
364 1425 456 1459 quae
482 1415 603 1460 aliqua
627 1416 893 1451 necessitudine
919 1415 1019 1451 illam
1044 1416 1244 1461 attingunt,
1272 1416 1543 1461 disciplinarum
1568 1417 1763 1460 rationem,
1792 1422 1910 1453 osten-

105 1472 272 1508 derimus.
322 1471 422 1508 Haec
447 1478 567 1509 autem
603 1474 664 1519 qui
688 1474 810 1519 legent
833 1479 875 1510 ut
900 1479 1034 1519 quanta
1069 1475 1291 1510 incrementa
1324 1476 1461 1519 ceperit
1493 1475 1562 1511 hoc
1586 1475 1772 1511 literarum
1797 1485 1910 1520 genus

104 1535 312 1576 quantaque
345 1531 476 1567 decora
508 1532 573 1567 viri
607 1532 726 1568 studia
756 1532 818 1568 illa
857 1533 1015 1569 colentes
1054 1534 1262 1579 pepererint
1297 1533 1461 1577 Judicare
1495 1533 1625 1575 sciant,
1663 1534 1838 1579 quidquid
1873 1535 1910 1568 in

102 1589 307 1626 evolvendis
332 1589 428 1626 illius
454 1591 585 1626 aetatis
610 1591 711 1627 libris
736 1596 934 1627 memoratu
963 1592 1108 1636 dignum
1125 1592 1240 1627 visum
1267 1596 1334 1637 est,
1361 1602 1425 1627 nos
1451 1592 1539 1636 ipsis
1559 1593 1773 1637 scriptorum
1791 1594 1910 1629 verbis

103 1648 307 1693 reddemuS,
332 1649 580 1694 incorruptum
606 1654 642 1686 et
666 1649 818 1685 liberum
845 1651 1021 1686 servaturi
1046 1661 1179 1695 eorum,
1206 1650 1268 1695 qui
1294 1651 1534 1686 astronomiae
1558 1650 1744 1686 historiam
1762 1662 1912 1695 cognos-

105 1708 255 1743 cendam
289 1707 358 1742 sibi
389 1712 614 1750 sumserunt,
647 1707 836 1752 judicium.
864 1730 906 1733 —
932 1709 1034 1744 Hanc
1059 1709 1170 1755 igitur
1195 1708 1286 1743 viam
1313 1709 1486 1753 ingressi,
1520 1712 1559 1744 ut
1584 1720 1656 1744 non
1681 1720 1789 1744 unum
1815 1710 1909 1755 Kep-

102 1766 233 1810 lerum,
260 1765 324 1801 sed
349 1765 437 1801 alios
464 1776 607 1810 quoque
638 1766 818 1802 adiremus
844 1768 1057 1812 scriptores,
1095 1770 1318 1812 quantopere
1343 1767 1522 1812 Keplerus
1559 1768 1601 1803 de
1634 1767 1704 1803 hoc
1728 1768 1911 1804 literarum

102 1834 232 1868 genere
257 1824 428 1859 meruerit
452 1825 619 1868 virosque
644 1829 764 1860 aetate
790 1825 994 1871 superiores
1021 1826 1276 1870 antecesserit,
1304 1826 1446 1871 quantis
1473 1826 1628 1870 denique
1653 1827 1911 1862 astronomiam

101 1882 330 1918 incrementis
363 1882 519 1926 auxerit,
555 1882 710 1918 dilucide
743 1882 960 1927 explanasse
992 1883 1097 1919 nobis
1129 1884 1302 1921 videmur.
1363 1884 1500 1919 Eadem
1526 1884 1583 1919 via
1617 1884 1825 1919 incedentes
1852 1886 1913 1930 qui

102 1945 226 1977 nostra
250 1940 420 1985 legerint,
452 1941 588 1985 majore
617 1951 724 1985 quam
748 1941 855 1986 vulgo
890 1941 1040 1978 credunt
1078 1943 1250 1987 virorum,
1278 1943 1339 1987 qui
1371 1942 1495 1978 literas
1522 1942 1700 1986 auxerint,
1735 1947 1912 1987 proventu

103 1999 264 2035 seculum
288 1999 386 2035 XVI.
410 1998 587 2042 floruisse,
615 2000 871 2035 astronomiam
898 2011 918 2035 a
944 2000 1145 2036 Purbachio
1170 2001 1254 2037 inde
1280 2006 1317 2036 et
1342 2001 1627 2046 Regiomontano
1654 2001 1699 2036 ad
1718 2001 1914 2045 Keplerum

103 2068 219 2103 usque
251 2068 321 2092 uno
355 2061 481 2092 tenore
514 2062 721 2102 provectam
757 2068 853 2102 esse,
887 2069 945 2093 res
971 2069 991 2093 a
1017 2058 1176 2104 Keplero
1209 2059 1387 2105 detectas,
1426 2060 1556 2104 quibus
1591 2070 1683 2104 quae
1717 2060 1824 2095 hodie
1857 2065 1914 2095 est

103 2116 322 2152 astronomia
346 2115 487 2158 nititur,
513 2116 582 2151 nisi
607 2116 659 2151 vir
682 2116 744 2152 ille
769 2117 928 2162 vestigiis
955 2121 1101 2153 secutus
1125 2122 1221 2154 esset
1246 2118 1340 2153 viros
1366 2122 1528 2163 tempore
1552 2118 1767 2163 superiores,
1794 2118 1913 2163 detegi

106 2185 178 2209 non
201 2174 364 2219 potuisse
389 2173 604 2218 intelligent.

242 2232 500 2277 Complectitur
527 2237 645 2267 autem
676 2233 766 2269 haec
794 2234 973 2269 enarratio
1002 2238 1143 2279 tempus
1174 2234 1218 2270 ab
1237 2245 1330 2269 anno
1357 2234 1447 2270 ‘1543
1473 2234 1519 2270 ad
1536 2233 1643 2270 finem
1665 2245 1780 2279 usque
1800 2235 1912 2270 seculi

103 2291 204 2333 XVI,
229 2296 269 2327 ut
294 2292 448 2337 repetita
472 2303 493 2328 a
522 2292 720 2336 Copernico
755 2293 800 2328 ad
837 2293 1083 2328 Proclromum
1113 2291 1262 2336 Kepleri
1296 2292 1503 2328 descendat.
1553 2292 1603 2327 Et
1627 2296 1914 2328 astronomorum

107 2349 249 2392 quidem
278 2359 365 2394 prae
392 2349 522 2385 ceteris
553 2351 733 2385 mentione
765 2350 900 2394 injecta.
931 2351 1039 2385 etiam
1071 2349 1361 2385 mathematicam
1388 2355 1425 2385 et
1458 2351 1693 2386 theoreticam
1720 2355 1756 2386 et
1780 2351 1910 2396 practi-

106 2417 194 2452 cam,
221 2411 393 2451 quantum
416 2406 462 2442 ad
488 2409 743 2443 astronomiam
768 2408 873 2454 valet,
900 2419 966 2444 nec
992 2420 1063 2444 non
1089 2409 1334 2454 astrologiam,
1360 2409 1396 2443 in
1422 2420 1493 2454 qua
1517 2409 1662 2454 plurimi
1687 2409 1784 2444 illius
1812 2414 1908 2444 aeta-

106 2464 152 2499 tis
178 2466 374 2501 astronomi
399 2477 545 2511 operam
571 2467 801 2512 studiumque
828 2471 1045 2513 posuerunt,
1073 2467 1219 2512 paucis,
1245 2467 1306 2503 ubi
1332 2477 1425 2512 opus
1450 2469 1518 2503 erit
1542 2468 1650 2510 facto,
1679 2468 1910 2511 attingemus.

106 2523 155 2558 Ut
184 2532 268 2558 vero
300 2523 535 2560 illustriorum
569 2525 783 2570 scriptorum
817 2536 926 2570 opera
959 2526 1168 2570 diligentius
1200 2525 1444 2571 excutientur,
1486 2526 1537 2561 ita.
1571 2526 1719 2561 aliorum
1769 2534 1912 2568 quoque

106 2581 242 2626 scripta
278 2580 538 2627 laudabuntur,
577 2594 674 2628 cum,
715 2594 807 2628 quae
840 2585 958 2619 minus
991 2588 1158 2620 accurate
1196 2594 1271 2619 rem
1308 2584 1582 2619 aestimantibus
1617 2583 1705 2617 nihil
1742 2583 1912 2616 momenti

107 2638 227 2673 facere
256 2638 437 2682 videntur,
478 2640 576 2675 haud
607 2640 657 2675 ita
688 2651 769 2676 raro
794 2652 852 2677 res
883 2642 919 2677 in
951 2642 1186 2687 amplioribus
1219 2643 1388 2688 operibus
1423 2643 1572 2677 omissas
1598 2641 1759 2676 minusve
1787 2640 1911 2684 expla-

105 2700 209 2731 natas
233 2695 426 2733 illustrent.
472 2696 688 2743 Temporum
722 2703 842 2734 autem
874 2700 999 2736 ordine
1035 2711 1142 2745 quam
1173 2701 1307 2746 poterit
1339 2700 1493 2735 maxime
1523 2702 1684 2741 servato,
1710 2698 1778 2733 nisi
1804 2697 1912 2732 rebus

106 2754 220 2799 magis
244 2754 281 2790 in
306 2765 377 2791 uno
404 2760 600 2800 conspectu
624 2757 753 2802 positis
779 2768 868 2803 opus
894 2758 1015 2802 fuerit,
1039 2770 1112 2794 non
1137 2757 1361 2795 recedemus.

245 2955 562 2999 Astronomorum,
589 2965 680 3000 quos
705 2954 832 2990 habuit
856 2956 1040 3001 praevios,
1075 2955 1243 3001 operibus
1270 2956 1373 3001 quasi
1397 2956 1638 2992 fundamentis
1665 2966 1751 2992 usus
1779 2957 1909 3001 Coper-

108 3013 210 3048 nicus
236 3023 326 3058 opus
352 3013 441 3049 illud
466 3014 585 3058 exegit
609 3024 691 3049 aere
716 3015 921 3059 perennius,
947 3025 1017 3059 quo
1044 3014 1234 3049 emendata
1258 3019 1295 3050 et
1312 3019 1475 3050 correcta
1491 3019 1652 3050 veterum
1679 3015 1907 3058 astronomia,

110 3080 202 3114 quae
228 3074 514 3108 astronomorum
541 3077 623 3107 ante
649 3083 730 3108 eum
756 3071 893 3107 offusae
918 3076 1021 3108 erant
1045 3072 1171 3108 animis
1190 3073 1360 3110 discussit
1383 3074 1563 3109 tenebras.
1608 3073 1676 3116 Qui
1700 3073 1771 3119 ipsi
1788 3073 1909 3108 melio-

108 3128 207 3165 ribus
244 3129 374 3173 quihus
409 3130 516 3167 hodie
546 3131 741 3167 astronomi
774 3130 934 3176 gaudent
966 3131 1130 3177 auxiliis,
1167 3135 1203 3167 et
1227 3142 1320 3176 quae
1345 3132 1455 3169 'coelo
1482 3131 1732 3176 sideribusque
1759 3142 1909 3176 cognos-

1557 3190 1601 3225 37
1615 3191 1632 3209 ¹·
