2177 3408
527 171 764 210 Summarium
787 171 970 208 Historiae
994 168 1247 209 Astronomiae
1272 169 1393 208 seculo
1418 170 1512 208 XVI.
1849 169 1931 215 653

137 290 280 327 demum
299 291 459 336 Octobri,
485 301 602 336 neque
620 291 700 335 alio,
727 291 788 336 qui
813 290 933 335 aptior
956 290 1020 326 tali
1046 290 1293 326 reformationi
1319 294 1415 326 esset
1432 292 1524 326 anno
1543 289 1657 334 (1580,
1678 288 1734 333 84,
1753 287 1810 333 88,
1831 288 1934 332 1600)

129 349 298 384 emissum
330 358 426 393 esse3
463 360 546 384 nam
580 349 611 383 si
635 349 704 384 hoc
738 347 873 383 factum
905 353 1016 393 esset,
1054 347 1316 393 „periclitatum
1353 347 1483 383 fuisset
1514 352 1630 384 totum
1655 356 1764 392 opuS,
1801 345 1932 390 partim

132 407 229 451 quod
262 408 438 453 principio
473 408 556 443 anni
581 408 638 443 82.
664 408 803 452 pascha
833 408 1030 451 plenilunio
1058 405 1312 443 celebrandum
1345 405 1492 448 fuisset,
1525 405 1655 450 partim
1690 404 1804 449 quod,
1841 403 1870 438 si
1896 404 1932 437 in

129 466 350 510 posteriores
377 477 491 502 annos
515 466 721 501 bissextiles
748 466 894 502 dilatum
921 466 1062 508 fuisset,
1087 464 1290 510 periculum
1310 463 1446 508 fuisset,
1473 475 1516 499 ne
1534 465 1671 499 interea
1688 463 1797 507 hujus
1819 462 1934 497 calen-

134 524 224 559 darii
248 524 395 560 nullitas
421 525 644 570 patefieret.“
687 525 837 560 Refutat
862 524 1017 568 denique
1048 524 1262 560 Maestlinus
1288 528 1362 557 tres
1389 523 1583 558 calendarii
1608 522 1691 557 novi
1717 521 1934 565 defensores,

132 593 347 628 anonymum
375 583 555 628 quendam
581 586 710 627 (Warer
735 584 882 627 Bericht,
909 588 1056 617 warumb
1085 587 1141 617 das
1172 585 1229 617 Alt
1254 585 1411 617 R'omisch
1431 584 1593 616 Calender
1619 584 1726 615 dieser
1742 583 1815 613 Zeit
1839 582 1934 612 noth-

133 644 264 682 wendig
290 645 455 685 gebessert
483 644 627 678 worden.
678 644 810 684 Meyntz
838 645 960 688 1584),
999 643 1082 686 „qui
1107 652 1174 678 nec
1205 641 1335 677 veteris
1363 641 1559 676 calendarii
1593 640 1734 684 lapsus,
1761 649 1827 674 nec
1854 637 1936 672 novi

135 699 424 735 reformationem
452 701 672 746 intelligat3‘²
698 702 872 736 ,Ioannem
901 702 1020 736 Rasch
1048 704 1118 744 (der
1142 714 1213 734 new
1241 702 1412 735 Calender.
1441 702 1573 732 Monaci
1602 701 1702 742 1586)
1729 703 1765 732 et
1789 696 1846 732 Jo.
1866 696 1935 730 Bu-

139 768 274 800 saeum,
300 758 477 794 Jesuitam
504 760 795 804 Moguntiacum,
824 760 882 803 qui
913 759 1173 801 „incertissima
1196 770 1261 804 per
1286 758 1478 793 incertiora
1502 756 1643 801 probat,
1672 766 1764 800 quae
1792 755 1936 790 demon-

142 818 316 851 stratione
342 822 449 861 egent
473 829 538 862 pro
566 817 740 852 confessis
766 819 892 862 sumit,
921 829 1013 862 quae
1040 828 1058 851 a
1086 817 1220 853 nostris
1245 817 1448 851 sexcenties
1475 826 1519 851 ex
1546 825 1646 850 sacra
1672 814 1850 858 scriptura
1876 813 1936 847 ab-

139 873 235 908 unde
260 874 415 910 refutata
441 881 535 920 sunt,
561 887 626 921 pro
653 876 865 912 indubitatis
890 877 1000 911 habet
1026 881 1094 914 etc.
1125 897 1165 901 —-

274 936 379 969 Anno
403 934 505 969 1588.
534 934 645 968 edidit
670 934 883 970 Maestlinus
910 935 1050 980 librum,
1077 946 1182 980 quem
1208 935 1413 979 inscripsit:
1440 933 1615 977 Defensio
1633 932 1784 967 alte-rius
1802 930 1937 966 exami-

134 995 192 1029 nis
217 993 390 1029 adversus
414 993 572 1029 Antonii
594 994 787 1029 Possem'ni
809 994 1057 1039 ineptissimas
1082 995 1269 1039 elusiones,
1296 993 1427 1039 quibus
1450 992 1537 1036 ipse,
1565 990 1649 1025 dum
1679 999 1830 1025 examen
1846 988 1938 1023 illud

136 1055 309 1087 eaetenuat
334 1055 367 1086 et
392 1052 584 1087 calumniis
609 1052 737 1094 carpit,
764 1062 839 1087 non
864 1052 980 1086 solum
1004 1052 1226 1096 imperitiam
1253 1055 1286 1086 et
1309 1050 1508 1086 vanitatem
1529 1058 1633 1083 suam
1653 1046 1791 1091 prodit,
1818 1056 1939 1080 verum

138 1111 245 1145 etiam
271 1110 370 1152 (licet
395 1110 531 1145 invitus
556 1113 589 1145 et
612 1120 689 1144 non
705 1110 885 1154 cogitans)
911 1120 1044 1145 novam
1064 1110 1282 1155 Greyoriani
1298 1108 1502 1145 calendarii
1519 1107 1807 1142 emendationem
1824 1105 1939 1149 mayis

137 1170 328 1213 confundit
353 1173 386 1204 et
408 1169 577 1212 funditus
602 1169 736 1204 evertit.
782 1169 925 1203 Retinet
942 1168 1157 1203 Maestlinus
1184 1179 1236 1212 ea,
1264 1178 1356 1211 quae
1375 1171 1481 1201 antea
1506 1164 1817 1209 pronunciaverat,
1844 1162 1937 1196 affir-

138 1232 223 1271 mat,
251 1238 382 1261 novum
408 1226 650 1261 calendarium
679 1225 867 1261 colluviem
894 1237 974 1261 esse
1001 1227 1157 1262 omnium
1184 1236 1344 1261 errorum
1369 1224 1491 1269 potius
1517 1234 1625 1268 quam
1649 1221 1938 1257 reformationem

141 1285 343 1321 dicendum.
393 1285 634 1329 Aequinoctia
666 1285 851 1320 contendit
883 1295 1109 1330 nequaquam
1143 1284 1343 1329 aequaliter
1374 1282 1590 1327 anticipare3
1625 1281 1693 1316 etsi
1719 1281 1811 1316 enim
1837 1280 1939 1315 annis

137 1346 204 1380 134
232 1350 331 1379 motu
356 1343 478 1379 medio
505 1355 575 1378 uno
602 1343 658 1378 die
683 1343 898 1388 ascendant,
930 1354 1014 1378 vero
1040 1345 1161 1377 tamen
1185 1346 1286 1377 motu
1312 1340 1490 1376 interdum
1517 1340 1585 1376 304
1612 1350 1726 1375 annos
1752 1338 1940 1384 postulari,

141 1403 322 1438 interdum
347 1403 390 1437 84
417 1412 529 1436 annos
556 1401 734 1447 sufficere,
762 1402 858 1446 quod
884 1403 918 1436 in
945 1412 1037 1436 novo
1065 1401 1269 1436 calendario
1303 1411 1382 1435 cum
1409 1410 1481 1434 non
1508 1398 1734 1442 observetur,
1762 1396 1941 1443 quomodo

139 1462 214 1496 dies
251 1457 467 1505 aequinoctii
501 1461 535 1495 in
571 1461 626 1495 die
654 1461 709 1496 21.
734 1461 857 1496 Martii
881 1466 1059 1506 perpetuo
1084 1460 1232 1495 retineri
1257 1459 1399 1503 possit‘?
1443 1457 1721 1502 Aequinoctium
1746 1456 1839 1491 inter
1865 1455 1941 1491 dies

138 1520 194 1556 21.
222 1523 257 1554 et
283 1519 340 1556 27.
366 1519 487 1554 Martii
520 1524 729 1555 eventurum
763 1529 853 1554 esse.
902 1519 1062 1563 Epactas
1094 1529 1173 1553 cum
1208 1518 1309 1552 coelo
1342 1516 1523 1552 rarissime
1558 1516 1777 1560 consentire,
1813 1514 1876 1549 sed
1901 1519 1940 1547 ut

141 1577 338 1621 plurimum
355 1578 398 1612 ab
418 1588 459 1612 eo
478 1578 604 1612 mirum
624 1582 796 1622 quantum
815 1576 997 1620 aberrare,
1025 1576 1289 1611 noviluniorum
1315 1575 1390 1611 dies
1417 1586 1438 1610 a
1463 1575 1562 1610 coelo
1588 1579 1661 1610 tam
1687 1573 1813 1609 mediis
1833 1583 1940 1618 quam

141 1635 234 1669 veris
263 1636 419 1670 motibus
444 1640 484 1670 ut
507 1636 698 1680 plurimum
723 1646 794 1670 uno
821 1635 889 1676 die,
916 1645 1024 1679 saepe
1050 1634 1158 1670 biduo
1185 1634 1320 1669 distare
1346 1637 1413 1670 etc.

281 1694 415 1729 Contra
441 1699 710 1739 oppugnatores
736 1694 819 1729 novi
844 1693 1055 1736 calendarii,
1082 1693 1277 1738 praecipue
1302 1703 1387 1728 vero
1415 1695 1540 1728 contra
1562 1691 1795 1727 Maestlinum
1822 1690 1940 1725 defen-

139 1753 275 1787 sionem
302 1752 497 1788 calendarii
517 1753 728 1798 Gregoriani
747 1752 950 1797 suscepisse
977 1752 1133 1787 Christ
1146 1752 1361 1796 ophorum
1389 1751 1595 1787 Clavium
1624 1751 1775 1786 diximus
1793 1748 1862 1785 vol.
1881 1749 1940 1783 IV.

138 1821 174 1854 p.
201 1812 220 1845 ἴ)
246 1821 273 1845 S.
324 1810 401 1845 Illis
427 1821 518 1855 quae
544 1811 565 1844 l.
594 1822 624 1846 0.
650 1810 832 1856 leguntur,
858 1811 948 1846 haec
975 1810 1240 1855 subjungimus.

280 1868 382 1909 „Non
407 1869 535 1910 solum,
563 1868 679 1912 inquit
706 1869 848 1904 Clavius
877 1869 926 1913 (in
958 1869 1179 1913 „Apologia“
1208 1869 1261 1904 ed.
1289 1880 1382 1904 anno
1405 1869 1526 1913 1585),
1553 1868 1739 1903 calumniis
1760 1866 1942 1903 Maestlini

142 1925 273 1960 satisfit
300 1937 407 1970 quam
432 1927 729 1969 cumulatissime,
758 1937 880 1962 verum
906 1927 1012 1962 etiam
1039 1927 1204 1961 omnibus
1232 1926 1329 1970 aliis,
1365 1926 1425 1971 qui
1450 1937 1580 1961 novum
1607 1927 1675 1962 hoc
1701 1925 1942 1961 calendarium

143 1983 347 2028 improbare
373 1996 628 2030 nonnunquam
654 1986 790 2031 solent,
819 1986 1001 2021 silentium
1026 1986 1234 2031 imponitur.
1284 1985 1403 2020 Ceteri
1427 1990 1564 2027 autem,
1594 1985 1655 2029 qui
1676 1984 1751 2029 jam
1776 1984 1836 2019 diu
1860 1983 1943 2018 novi

146 2043 342 2078 calendarii
367 2045 542 2079 rationem
568 2045 773 2089 diligentius
811 2055 1030 2090 cognoscere
1055 2049 1249 2089 expetunt,
1285 2044 1420 2078 habent
1445 2043 1655 2087 aliquando,
1682 2043 1778 2078 unde
1803 2042 1943 2077 uberio-

140 2112 215 2136 rem
247 2102 324 2145 ejus
357 2093 599 2147 cognitionem
633 2107 771 2148 petant.
830 2103 922 2138 Sunt
953 2102 1096 2147 quidem
1132 2102 1250 2137 omnia
1285 2102 1521 2136 fundamenta
1555 2102 1713 2136 restituti
1749 2099 1943 2135 calendarii

143 2160 389 2204 copiosissime
415 2162 595 2206 explicata
619 2163 655 2197 in
680 2163 770 2197 libro
797 2171 912 2196 novae
937 2161 1085 2196 rationis
1110 2160 1327 2195 restituendi
1353 2159 1555 2195 Calendarii
1579 2159 1742 2200 Romani,
1770 2157 1832 2193 sed
1859 2158 1941 2201 quia

142 2218 232 2252 liber
256 2218 317 2253 ille
343 2224 420 2254 tum
445 2220 490 2255 ob
516 2222 803 2265 intempestivam
822 2226 971 2256 mortem
991 2220 1155 2265 Gregorii
1172 2219 1269 2261 XIII,
1297 2223 1372 2253 tum
1400 2220 1444 2253 ob
1471 2217 1542 2252 alia
1558 2217 1822 2262 impedimenta,
1848 2225 1942 2260 quae

145 2279 243 2313 varia
267 2280 496 2324 exstiterunt,
522 2279 679 2315 nondum
706 2280 742 2314 in
767 2279 883 2314 lucem
901 2269 1034 2323 prodiit
1051 2280 1188 2321 (prodiit
1208 2280 1337 2310 demum
1356 2289 1441 2310 anno
1463 2280 1573 2315 1603),
1601 2276 1715 2311 visum
1741 2279 1807 2316 est,
1834 2283 1940 2318 quam

143 2336 299 2371 maxima
325 2336 402 2371 fieri
426 2342 548 2382 potest
571 2337 757 2379 brevitate,
784 2347 964 2382 exponere
989 2337 1024 2371 in
1050 2337 1119 2371 hoc
1144 2347 1319 2381 responso
1346 2345 1404 2378 ea,
1434 2335 1510 2370 sine
1536 2334 1666 2378 quibus
1693 2332 1860 2368 satisfieri
1885 2343 1940 2366 ca-

147 2393 390 2430 villationibus
415 2395 599 2430 Maestlini
624 2396 729 2440 plene
754 2407 826 2431 non
851 2398 1005 2440 potest.“

106 2448 152 2474 ’ἣ
284 2453 434 2488 Duobus
458 2453 558 2490 libris
584 2454 738 2489 absolvit
764 2454 907 2489 Clavius
933 2464 1025 2498 rem,
1061 2453 1175 2498 primo
1203 2463 1255 2498 ea,
1281 2463 1374 2497 quae
1399 2452 1445 2487 ad
1471 2451 1739 2495 aequinoctium
1766 2454 1942 2494 spectant,

146 2510 349 2555 explicans,
383 2511 540 2546 secundo
574 2512 712 2556 reliqua
738 2513 878 2556 (epacta
905 2515 986 2555 etc.)
1018 2516 1192 2546 tractans.
1241 2511 1379 2545 Notatu
1412 2510 1575 2554 digniora
1599 2508 1688 2543 haec
1721 2508 1794 2543 fere
1821 2517 1942 2542 occur-

145 2573 244 2603 runt:
275 2568 504 2603 Consuetudo
530 2574 673 2604 vetusta
699 2569 873 2605 ecclesiae
898 2569 1098 2604 catholicae
1123 2569 1158 2603 in
1185 2568 1321 2613 pascha
1347 2567 1560 2603 celebranda
1596 2571 1730 2601 motum
1756 2566 1880 2600 Lunae
1906 2570 1942 2598 et

146 2626 239 2661 Solis
267 2625 479 2661 observandi
502 2638 619 2671 neque
646 2632 739 2662 stato
767 2638 908 2673 semper
933 2628 989 2663 die
1016 2627 1241 2670 celebrandi,
1276 2626 1375 2661 nullo
1400 2625 1505 2660 modo
1533 2626 1609 2659 sine
1635 2623 1730 2668 gravi
1757 2633 1866 2658 causa
1890 2623 1941 2656 in-

146 2683 334 2729 fringenda
359 2684 499 2718 videtur
525 2685 725 2729 („quamvis
752 2686 905 2720 ecclesia
929 2686 964 2720 id
991 2696 1055 2720 suo
1070 2685 1151 2730 jure
1170 2690 1274 2720 utens
1292 2683 1402 2718 libere
1420 2683 1537 2717 facere
1556 2683 1732 2726 posset“).
1775 2681 1942 2715 Ecclesia

148 2753 168 2777 a
193 2742 415 2777 ‚Iudaeorum
440 2752 539 2776 more
563 2743 599 2776 in
623 2743 693 2777 hoc
719 2743 896 2786 discessit,
925 2745 1020 2788 quod
1045 2744 1182 2788 pascha
1206 2754 1278 2778 non
1303 2743 1338 2776 in
1364 2743 1444 2786 ipsa
1468 2741 1565 2775 XIV.
1589 2741 1691 2775 Luna
1717 2739 1821 2785 primi
1846 2750 1942 2775 men-

151 2800 212 2843 sis,
246 2799 309 2834 sed
334 2800 371 2834 in
396 2799 590 2844 dominica,
617 2810 709 2843 quae
733 2801 827 2835 XIV.
855 2802 993 2835 Lunam
1018 2800 1123 2845 primi
1150 2800 1282 2835 mensis
1307 2800 1470 2844 proxime
1496 2798 1742 2842 consequitur,
1770 2797 1943 2833 celebrari

147 2858 266 2902 jussit.
317 2858 467 2902 Quoties
493 2858 568 2893 dies
585 2858 680 2892 XIV.
701 2859 827 2893 Lunae
850 2859 955 2902 primi
978 2859 1110 2893 mensis
1135 2858 1229 2892 idem
1254 2858 1291 2892 in
1316 2856 1529 2891 dominicam
1548 2855 1652 2899 cadit,
1679 2856 1940 2891 solemnitatem

149 2917 306 2960 paschae
337 2916 524 2952 transferri
550 2916 655 2961 jubet
686 2917 722 2951 in
748 2921 957 2961 sequentem
983 2917 1076 2951 diem
1111 2915 1341 2957 dominicam,
1378 2915 1416 2949 in
1450 2924 1556 2958 quam
1581 2915 1684 2949 Luna
1710 2915 1805 2951 XVI.
1836 2916 1942 2960 primi

150 2975 282 3009 mensis
308 2975 443 3019 incidit,
469 2985 514 3009 ne
539 2975 595 3009 die
621 2974 798 3009 dominica
818 2973 984 3017 jejunare
1009 2984 1178 3017 cogamur
1203 2984 1282 3007 cum
1307 2972 1501 3008 haereticis
1517 2972 1739 3008 Manichaeis
1765 2981 1827 3009 aut
1844 2986 1888 3009 ne
1906 2976 1940 3010 in

152 3033 256 3067 Luna
272 3034 372 3068 XIII.
394 3033 571 3077 jejunium
598 3031 908 3076 quadragesimale
925 3031 1096 3067 solvatur.
1124 3030 1332 3075 (Eusebius,
1357 3030 1582 3075 Ambrosius„
1609 3031 1717 3076 Beda,
1745 3032 1830 3067 Pius
1847 3043 1942 3077 papa

153 3096 189 3126 et
213 3097 358 3137 martyr,
384 3093 506 3128 Victor
530 3091 697 3136 variaque
721 3090 871 3126 concilia
896 3090 1056 3125 existunt
1080 3089 1188 3134 hujus
1214 3088 1398 3134 praecepti
1413 3089 1554 3133 testes.)
1599 3089 1780 3134 „Constat,
1806 3090 1942 3134 pascha

155 3160 296 3197 semper
321 3150 498 3187 celebrari
522 3160 630 3196 posse
656 3161 698 3186 ac
723 3150 854 3186 debere
877 3149 914 3186 in
939 3149 1058 3193 aliquo
1084 3148 1220 3184 dierum
1248 3158 1270 3184 a
1294 3147 1349 3184 22.
1374 3146 1497 3183 Martii
1521 3157 1637 3192 usque
1663 3147 1708 3183 ad
1732 3149 1789 3185 25.
1808 3147 1941 3192 Aprilis
