2126 3388
227 148 310 193 752
904 148 989 183 Vita
1011 146 1164 183 Joannis
1187 146 1347 192 Kepleri.

364 267 472 305 Haec
503 266 632 304 omnia
662 266 819 315 negotia
854 265 1229 315 multiplicabuntur,
1273 265 1364 302 fient
1396 265 1524 302 omnia
1563 262 1778 301 difficiliora
1817 262 2010 312 expeditu,

229 327 261 363 si
292 326 420 374 Praga
451 324 677 362 discessero.
738 324 923 361 Miserum
954 335 1034 371 me,
1077 325 1137 361 cui
1177 324 1273 361 hacc
1311 323 1401 360 olim
1442 323 1537 359 satis
1568 320 1772 371 splendida
1805 321 1885 369 jam
1916 320 2012 357 nulli

229 389 318 420 sunt
351 383 448 428 usui,
481 393 596 431 quam
628 386 671 418 ut
701 381 954 419 difficiliorem
985 381 1148 419 reddant
1179 381 1444 419 oeconomiam
1477 385 1596 428 utque
1617 390 1775 417 uxorem
1807 383 1845 416 et
1865 379 2013 429 privig-

229 454 315 479 nam
347 440 453 476 lauta
484 440 574 477 olim
604 440 643 475 in
673 451 714 477 re
745 440 980 476 sumtuosius
1013 439 1127 478 alam.

365 497 474 534 Haec
504 498 648 546 itaque,
680 502 723 534 ut
753 498 862 534 initio
895 496 985 544 dixi,
1018 497 1068 534 ad
1099 496 1339 534 formandum
1361 496 1564 534 consilium
1588 495 1777 544 pertinere
1801 505 1886 531 sum
1906 494 2012 532 arbi-

231 560 363 593 tratus.
425 555 609 605 Tempus,
640 559 683 591 ut
713 554 762 592 ad
794 554 1050 605 pulcherrima
1080 560 1211 592 nostra
1242 554 1372 592 studia
1401 565 1614 592 sermonem
1645 553 1882 590 transferam.

365 615 430 649 His
455 615 555 649 addit
581 614 777 659 Keplerus:
811 612 1047 662 Opticam
1076 624 1152 650 non
1175 612 1286 650 aliter
1316 612 1503 658 tractabo,
1535 612 1609 648 nisi
1639 615 1830 659 quatenus
1852 610 1900 648 ad
1922 609 2017 648 doc-

231 672 367 708 trinam
390 671 590 720 eclipsium
610 670 785 719 adeoque
808 671 856 708 ad
879 670 982 708 solas
1003 672 1080 708 fere
1105 671 1313 708 dlamctros
1336 669 1582 707 luminarium
1602 669 1758 708 faciunt.
1799 668 1897 706 Nam
1919 669 2018 706 inter

230 731 352 780 prima
382 729 632 767 fundamenta
663 731 831 777 cognitio
862 728 959 766 haec
991 730 1162 767 refertur.
1196 730 1313 774 (Quae
1340 736 1539 774 sequuntur
1564 730 1732 774 legantur
1756 729 1824 763 ml.
1842 729 1889 765 II.
1907 741 1942 773 p.
1961 730 2017 773 78,

233 790 325 825 sicut
352 799 404 830 ea,
432 799 524 833 quae
548 789 585 823 in
609 789 664 823 his
689 789 803 824 literis
837 789 947 824 refert
971 790 1149 833 Keplerus
1183 789 1247 831 „de
1272 789 1506 833 pneumaticis
1540 794 1575 824 et
1606 789 1772 824 machina.
1796 787 2019 833 hydraulica,

231 847 416 882 retulimus
443 857 552 891 supra
576 858 610 891 p.
629 847 724 891 749).
766 847 858 882 Hinc
883 847 957 882 abit
980 847 1159 891 Keplerus
1183 847 1228 881 ad
1257 847 1497 892 „magnetica“
1530 852 1565 881 et
1590 846 1723 881 multus
1749 850 1805 881 est
1830 846 1865 879 in
1890 844 2020 880 descri-

234 905 350 940 bendo
379 915 486 950 opere
513 905 717 939 Gilberti
743 904 785 939 de
809 909 985 948 magnete,
1013 905 1107 949 quod
1134 909 1236 947 „ante
1261 904 1442 939 biennium
1466 904 1502 938 in
1527 903 1617 938 febri
1635 914 1700 939 sua
1718 907 1913 948 quartana“
1933 902 2022 946 legit

235 963 313 1005 (cfr.
339 962 410 996 vol.
437 963 502 998 III.
529 973 564 1006 p.
591 963 658 997 44:⁷3
685 964 746 1006 ss.)
795 963 921 998 Finem
944 963 1030 998 facit
1054 963 1225 1008 longioris
1251 963 1359 1006 hujus
1394 961 1568 1006 epistolae
1600 961 1655 996 his
1687 962 1821 996 verbis:
1853 959 1913 997 De
1934 969 2020 996 meo

234 1024 338 1055 statu
369 1018 464 1055 nibil
497 1017 661 1067 amplius
694 1020 878 1065 occurrit,
911 1029 1025 1067 quam
1058 1018 1161 1067 quod
1192 1029 1325 1068 spero,
1369 1029 1429 1055 me
1471 1018 1577 1055 brevi
1614 1018 1951 1067 commigraturum
1982 1017 2021 1052 in

234 1075 363 1113 locum
395 1076 595 1113 editiorem
627 1081 664 1113 et
696 1076 1034 1114 observationibus
1075 1076 1330 1114 commodum.
1391 1075 1501 1113 Haec
1541 1077 1744 1124 occupatio
1775 1087 1835 1113 me
1866 1077 1905 1111 in
1939 1073 2022 1123 Op-

234 1135 319 1171 ticis
351 1133 546 1184 impediet.
593 1133 708 1171 Mitto
740 1140 778 1173 et
807 1134 882 1172 hoc
912 1135 1229 1183 rejectamentum
1268 1133 1481 1171 studiorum
1512 1144 1685 1170 meorum
1717 1135 2023 1179 (Prognosticum),

237 1191 434 1241 indignum
466 1191 600 1240 Magn.
633 1191 736 1239 Tua,
781 1192 848 1230 sed
887 1193 1115 1231 mittendum
1146 1198 1292 1239 tamen,
1335 1203 1382 1229 ne
1414 1197 1450 1229 te
1481 1196 1560 1229 tam
1590 1191 1797 1229 sollicitum
1837 1190 1884 1229 de
1928 1191 2023 1228 meis

236 1250 372 1288 studiis
405 1250 617 1299 quidquam
649 1261 780 1288 eorum
810 1250 945 1288 lateat.

375 1316 630 1351 Herwartus
654 1316 840 1361 respondit
866 1317 917 1360 (d.
938 1317 991 1352 18.
1010 1317 1134 1360 Febr.)
1161 1316 1295 1360 gratias
1321 1325 1431 1359 agens
1456 1326 1521 1359 pro
1547 1316 1756 1350 transmisso
1778 1315 2023 1359 Prognostico.

236 1373 361 1408 Monet
385 1372 589 1418 Keplerum,
614 1378 654 1408 ut
680 1385 771 1418 opus
797 1374 840 1409 de
865 1377 982 1410 Marte
1007 1375 1121 1418 primo
1149 1383 1291 1417 quoque
1316 1377 1477 1417 tempore
1501 1373 1664 1417 perficiat
1691 1373 1776 1416 „das
1794 1374 1871 1409 sich
1897 1373 2024 1408 einmal

237 1432 301 1466 mit
324 1431 419 1465 Nutz
446 1435 481 1465 et
507 1442 586 1466 cum
611 1431 777 1475 profectu
803 1432 893 1466 wohl
919 1432 1006 1466 wird
1032 1431 1143 1466 sehen
1168 1431 1289 1466 lassen
1313 1431 1385 1465 vnd
1410 1432 1483 1465 Ime
1510 1431 1588 1466 dem
1607 1433 1724 1466 Herrn
1750 1432 1854 1467 einen
1880 1432 2027 1467 solchen

237 1491 374 1525 Namen
399 1489 561 1533 macheu,
589 1489 671 1524 dass
696 1499 777 1523 man
803 1491 980 1524 nunmehr
1004 1501 1072 1524 von
1097 1490 1171 1524 lme
1198 1489 1360 1533 dasjenig
1385 1501 1429 1524 zu
1456 1495 1645 1533 gomi-ten,
1674 1500 1712 1525 so
1737 1501 1820 1525 man
1844 1501 1913 1525 von
1937 1500 2028 1535 wey-

239 1550 324 1584 ]and
349 1549 471 1594 Tycho
497 1549 617 1584 Brahe
642 1549 796 1584 verhofft
821 1548 989 1592 gehabt“.
1019 1568 1062 1573 —
1087 1549 1154 1583 Die
1180 1549 1236 1584 24.
1263 1548 1367 1582 Febr.
1394 1547 1487 1582 redit
1508 1548 1716 1583 Herwartus
1753 1548 1798 1583 ad
1822 1549 2028 1592 Prognosti-

239 1619 319 1643 cum
345 1609 425 1651 (.,so
450 1608 596 1651 ich,gar
621 1619 707 1652 geru
732 1608 889 1651 gelesen,
916 1607 1072 1641 etlichen
1098 1605 1355 1648 communicirt,
1383 1605 1453 1640 vnd
1481 1605 1524 1640 ob
1550 1605 1608 1640 ich
1635 1605 1738 1647 wohl,
1765 1605 1822 1640 die
1838 1605 2030 1640 Wahrheit

239 1679 284 1701 zu
309 1667 468 1710 melden,
502 1666 566 1701 auf
597 1666 825 1711 dergleichen
851 1665 965 1708 wenig
989 1665 1103 1707 halte,
1130 1664 1195 1699 hat
1220 1674 1257 1699 es
1285 1663 1378 1699 doch
1402 1663 1547 1698 bishero
1581 1664 1729 1699 starckh
1754 1662 2029 1708 zugetroffen“],

241 1725 348 1760 dubia
374 1724 550 1768 quaedam
575 1725 764 1768 proferens
791 1724 834 1759 de
851 1723 1031 1758 historicis
1050 1722 1275 1767 quibusdam,
1302 1733 1394 1767 quae
1411 1722 1590 1767 Keplerus
1607 1722 1849 1757 immiscuerat
1874 1723 1952 1766 (cfr.
1968 1722 2031 1756 IV.

240 1794 276 1827 p.
305 1783 378 1827 89).
433 1784 487 1818 De
519 1782 626 1818 rebus
662 1782 775 1817 Gratii
806 1781 1020 1826 peragendis
1052 1780 1161 1816 refert
1192 1781 1418 1816 Herwartus:
1468 1781 1542 1823 „Zu
1577 1781 1685 1815 Gretz
1715 1780 1818 1815 weiss
1849 1779 1906 1814 ich
1937 1778 2032 1813 mich

236 1841 311 1885 jezt
335 1841 458 1876 keiner
482 1841 549 1875 mir
574 1840 770 1875 sonderbar
795 1840 1018 1884 Bekannten,
1046 1839 1102 1874 die
1127 1840 1180 1873 Im
1204 1840 1241 1874 in
1267 1839 1390 1874 seinen
1408 1838 1553 1884 negotia
1570 1838 1709 1882 privata
1726 1843 1858 1873 nutzen
1883 1838 2031 1881 konten,

241 1910 286 1933 zu
311 1899 487 1942 erinnern,
514 1909 640 1933 ausser
665 1899 747 1933 dass
773 1899 839 1932 mir
865 1897 929 1932 der
953 1898 1045 1932 Herr
1062 1898 1289 1932 Bernhardin
1307 1909 1376 1932 von
1394 1897 1639 1940 Herberstein,
1664 1897 1740 1930 Irer
1756 1895 1905 1931 Durchl.
1925 1895 2031 1930 Stall-

243 1956 388 1991 maister
411 1956 583 1991 bekannt.
634 1957 688 1990 Da
713 1957 771 1991 ich
797 1956 876 1990 dem
903 1956 1020 1990 Herrn
1047 1955 1158 1990 durch
1185 1955 1309 1989 diesen
1333 1954 1432 1989 khan
1457 1954 1617 1988 nutzlich
1643 1953 1869 1996 erscheinen,
1906 1953 1969 1987 hat
1995 1962 2032 1986 er

242 2014 335 2048 mich
372 2013 479 2058 willig
510 2014 580 2049 vnd
617 2015 761 2059 genaigt
765 2041 911 2050 ......
962 2013 1143 2058 Tychonis
1168 2013 1285 2047 Brahe
1317 2013 1556 2048 instrumenta
1590 2013 1655 2047 wie
1684 2012 1778 2046 mich
1809 2011 1972 2046 bedi'mkt
1996 2011 2033 2045 in

243 2076 430 2116 utramque
463 2082 583 2106 aurem
616 2072 808 2107 dormiunt.
857 2072 920 2106 Ich
951 2071 1020 2106 hab
1059 2082 1137 2106 cum
1169 2071 1212 2106 D.
1239 2071 1393 2106 Pistorio
1429 2071 1543 2106 (lavon
1579 2070 1719 2115 geredt3
1754 2080 1857 2104 wann
1891 2069 1946 2103 nit
1977 2068 2033 2103 die

245 2134 372 2173 gantze
397 2129 609 2174 disposition
635 2129 715 2164 dem
732 2130 850 2165 Herrn
875 2130 1095 2172 vntergeben
1112 2134 1211 2172 wtirt,
1237 2129 1314 2164 halt
1337 2129 1395 2162 ich
1420 2128 1478 2162 fur
1502 2129 1596 2162 mein
1613 2127 1717 2161 Thail
1743 2127 1861 2162 nichts
1887 2127 2032 2170 darvon,

246 2189 315 2224 vnd
340 2190 426 2224 wird
452 2190 545 2224 ohne
568 2189 714 2224 zweifl‘el
740 2189 803 2223 der
827 2187 933 2223 effect
958 2187 1027 2221 den
1051 2186 1220 2231 expensis
1245 2187 1298 2220 nit
1324 2186 1622 2230 correspondiren
1639 2186 1709 2221 vnd
1728 2196 1792 2231 per
1810 2195 2034 2229 consequens

250 2248 436 2292 anemach
461 2258 518 2282 res
543 2248 623 2292 ipsa
646 2247 879 2282 labascieren.

387 2306 445 2339 Ex
469 2305 703 2349 responsione
728 2304 919 2349 Kepleri
945 2306 1055 2348 [quae
1080 2314 1151 2338 non
1176 2303 1315 2346 integra
1340 2305 1516 2346 superest,
1544 2302 1628 2336 data
1646 2312 1677 2336 c.
1702 2311 1859 2336 mensem
1878 2299 2034 2344 Majum)

247 2361 336 2397 haec
361 2363 408 2396 ad
433 2362 541 2397 vitam
568 2362 769 2407 pertinent:
797 2389 804 2398 .
832 2390 839 2398 .
864 2388 873 2397 .
908 2359 969 2396 Ad
999 2359 1129 2396 literas
1162 2358 1268 2405 duas,
1304 2369 1400 2406 quas
1431 2357 1481 2395 ad
1511 2369 1570 2394 me
1604 2357 1760 2404 dedisti,
1801 2368 1877 2406 quo
1909 2359 2035 2394 minus

251 2418 438 2455 hactenus
469 2417 752 2466 responderim,
785 2429 903 2455 causa
933 2417 1003 2454 fnit
1034 2419 1196 2465 primum
1228 2418 1424 2465 negotium
1457 2415 1719 2462 domesticum,
1756 2414 1846 2452 dum
1877 2426 2037 2453 uxorem

249 2478 288 2513 in
309 2475 477 2525 styriam
500 2477 632 2513 emitto
656 2481 693 2513 et
715 2477 874 2522 instruo,
908 2474 1046 2512 deinde
1067 2474 1278 2523 (adjectae)
1311 2474 1384 2511 hae
1416 2473 1572 2512 tabulae
1604 2474 1758 2511 lunares
1784 2475 1860 2519 (cfr.
1879 2475 1948 2510 vol.
1967 2474 2035 2510 III.

251 2547 288 2580 p.
313 2536 376 2570 (591
408 2536 583 2580 ss.)....
643 2533 688 2570 In
729 2535 824 2570 meis
866 2534 1032 2581 negotiis
1075 2533 1294 2570 domesticis
1333 2543 1391 2569 res
1430 2533 1485 2569 ita
1523 2532 1656 2569 habet:
1700 2531 1886 2569 haeredes
1929 2531 2039 2567 uxori

251 2602 360 2629 meae
393 2591 493 2628 diem
526 2590 704 2629 divisioni
738 2591 914 2628 dixerunt
946 2590 983 2628 S.
1018 2589 1187 2638 Georgii.
1249 2590 1339 2627 Misi
1372 2601 1529 2628 uxorem
1560 2591 1809 2637 instructam,
1841 2599 2039 2626 commen-

253 2649 382 2687 datam
411 2650 500 2687 filiis
533 2649 720 2687 Caesaris.
782 2648 873 2687 Jam
904 2650 942 2685 in
974 2660 1018 2686 co
1050 2660 1110 2686 res
1143 2649 1321 2695 vertitur,
1354 2652 1396 2685 ut
1427 2659 1472 2686 ea
1505 2647 1788 2685 commendatio
1818 2648 1852 2684 si
1883 2647 1932 2683 ab
1963 2646 2038 2683 ali-

255 2718 330 2755 quo
364 2708 457 2744 mihi
487 2708 641 2745 favente
672 2708 913 2756 suscipiatur,
947 2708 1011 2755 qui
1044 2706 1226 2755 quicquid
1259 2708 1297 2743 in
1329 2718 1453 2744 meam
1485 2707 1650 2754 gratiam
1680 2706 1783 2752 facit,
1815 2704 1855 2741 id
1886 2705 1945 2741 his
1966 2705 2039 2740 im-

255 2771 389 2814 putare
422 2765 529 2805 velit.
592 2766 688 2803 Cum
730 2767 859 2814 itaque
895 2764 1101 2802 modernus
1134 2764 1396 2802 Cancellarius
1430 2775 1476 2801 ex
1507 2764 1678 2801 Bavaria
1710 2774 1756 2801 eo
1789 2761 2040 2808 descenderit,

256 2834 366 2871 spero
405 2830 551 2862 tantam
589 2825 686 2862 inter
717 2823 798 2861 Vos
836 2824 1002 2860 futuram
1041 2824 1239 2869 notitiam,
1282 2827 1324 2859 ut
1361 2823 1430 2860 abs
1464 2821 1597 2870 Magn.
1629 2821 1715 2858 Tua
1757 2819 2040 2858 commendatio

258 2881 361 2918 utilis
393 2894 477 2920 esse
507 2883 629 2931 possit
633 2910 774 2920 .....
825 2881 1085 2919 Instrumenta
1105 2881 1208 2929 quod
1231 2881 1365 2917 scribis
1390 2879 1582 2917 dormiunt
1604 2878 1793 2928 equidem,
1826 2889 1879 2916 sc.
1903 2878 2042 2915 haere-

229 2937 351 2976 'dum
382 2945 439 2978 est
468 2941 654 2978 rationem
695 2938 867 2978 reddere.
928 2939 987 2977 De
1019 2941 1198 2988 expensis
1239 2938 1332 2975 mihi
1371 2937 1486 2986 plane
1516 2937 1611 2974 nihil
1652 2940 1815 2975 constat.
1876 2934 2042 2983 Quiesco

263 3000 300 3031 et
331 2998 367 3033 in
398 3009 482 3036 meo
514 2998 654 3036 salario
677 2999 893 3046 acquiescO,
928 2997 1036 3045 cujus
1065 2996 1236 3034 subsidio
1268 2998 1305 3032 in
1338 2996 1517 3044 operibus
1538 2996 1632 3033 meis
1653 2993 1839 3043 paulatim
1861 2992 2042 3043 procedo.

264 3050 467 3103 Spinosam
500 3055 656 3106 Optices
689 3055 902 3094 doctrinam
931 3056 1085 3104 suscepi
1117 3060 1155 3093 et
1183 3054 1271 3104 plus
1303 3053 1350 3092 de
1372 3053 1677 3103 Paralipomenis
1709 3051 1758 3089 ad
1783 3051 2042 3100 Vitellioncm,
