2126 3388
246 169 330 215 796
924 173 1008 210 Vita
1030 173 1053 209 J
1056 173 1182 210 oannis
1206 173 1363 220 Kepleri.

245 302 336 329 num
366 290 471 329 solus
504 302 576 339 ego
607 302 814 331 novercam
846 295 1020 343 experior
1048 293 1271 333 fortunam?
1311 294 1498 332 Nimirum
1529 298 1573 332 ut
1594 293 1656 332 vel
1679 306 1725 332 ex
1748 295 1833 344 ipsa
1858 295 2032 334 oratione

245 360 537 397 recognosceres
568 350 738 387 animum
770 351 891 398 illum,
924 364 1037 400 quem
1071 357 1160 390 sunt
1192 354 1257 401 qui
1289 352 1415 390 adhuc
1446 353 1634 390 mirantur
1672 364 1732 390 me
1764 354 1955 391 remisisse
1982 353 2032 391 ab

247 420 293 445 ea
325 408 555 455 intentione,
597 419 712 456 quam
753 411 952 457 requirunt
991 410 1276 458 speculationes
1318 411 1610 448 astronomicae.
1673 409 1823 458 Quibus
1855 411 2034 460 equidem

245 467 300 502 uti
331 476 404 502 non
438 464 584 502 inficior
616 477 844 515 suspensum
875 479 935 505 me
966 467 1164 515 hactenus,
1198 470 1273 506 imo
1306 468 1399 504 mihi
1433 467 1538 505 velut
1570 480 1589 505 e
1620 469 1800 506 manibus
1832 480 2034 506 excussum

246 524 363 560 fuisse
395 523 563 560 studium
596 526 908 572 astronomicum,
941 526 994 563 ita
1026 526 1365 564 demonstrandum
1397 527 1532 574 putavi
1565 526 1639 563 1100
1668 525 1824 573 libello,
1858 529 2035 575 quamvis

247 581 497 628 fatigantibus
537 581 727 628 adversis,
771 594 846 620 non
887 594 1038 621 omnem
1080 590 1205 622 tamen
1248 584 1463 622 studiorum
1505 595 1635 621 curam
1677 584 1794 622 fuisse
1825 586 2034 622 remissam.

247 638 371 685 Quam
413 645 543 676 autem
586 642 785 677 materiam
817 639 974 678 fallendi
1013 644 1195 691 temporis
1236 643 1483 691 ingratissimi
1522 642 1593 679 sub
1635 653 1771 679 manus
1802 643 2034 689 sumsissem,

243 698 315 733 nisi
347 697 432 745 ipsa
462 703 634 746 tempora
666 697 1002 748 quaestionesque,
1037 712 1134 749 quas
1165 706 1205 737 tu
1228 700 1377 749 Pragae
1410 706 1501 737 tunc
1522 711 1680 737 versans
1712 699 1913 737 incendisti
1935 702 2035 737 tuis-

247 766 322 802 que
354 755 637 793 hortationibus
677 758 846 794 animum
879 763 1111 806 prostratum
1144 760 1314 805 erexisti,
1358 764 1400 795 ut
1431 757 1480 795 ad
1508 757 1791 806 jucunditatem
1823 758 2036 796 studiorum

244 812 431 861 paulatim
470 815 691 862 respiraret,
736 827 858 863 caque
899 828 997 864 quae
1040 816 1360 866 praecedentibus
1404 817 1513 853 annis
1552 817 1739 853 interme
1779 821 1816 854 et
1847 816 2037 865 quosdam

247 871 380 908 doctos
413 873 516 909 viros
548 873 696 921 agitata
728 879 856 919 crant,
888 874 1068 923 publicae
1100 876 1329 922 cognitionis
1361 886 1479 912 causa
1513 873 1746 922 colligerem,
1778 885 2033 923 recognosce-

244 941 334 976 rem,
368 928 621 979 disponerem,
655 932 796 980 quippe
829 944 928 980 quae
956 932 1037 980 jam
1069 943 1143 969 non
1177 933 1264 981 plns
1294 932 1449 979 laboris,
1483 944 1598 980 quam
1622 932 1760 969 ferrent
1781 933 1880 970 vires
1903 933 2034 970 afflicti

245 989 374 1034 animi,
408 990 653 1036 requirerent,
687 995 724 1027 et
755 1002 854 1038 quac
886 990 1076 1039 placitura
1107 990 1248 1037 doctis,
1283 1002 1329 1028 ex
1360 992 1436 1028 tuis
1459 989 1605 1028 deliciis
1636 991 1894 1039 experimento
1925 995 2037 1039 capto

244 1057 397 1093 sperare
419 1058 583 1095 possem.
610 1079 617 1086 .
643 1076 651 1085 .
677 1077 684 1084 .
718 1047 837 1085 Porro
861 1059 1014 1097 quoque
1035 1050 1176 1086 enitere
1200 1060 1284 1086 cuni
1307 1060 1374 1097 pro
1396 1054 1431 1085 te
1454 1049 1550 1097 ipso,
1575 1053 1654 1085 tum
1677 1059 1767 1086 vero
1791 1054 1828 1086 et
1850 1049 2036 1086 interces-

246 1105 420 1141 sionibus
453 1106 528 1142 tuis
551 1105 653 1154 apud
677 1105 724 1143 D.
749 1105 832 1146 Nic.
856 1119 877 1143 a
900 1106 1166 1155 Burghausen,
1201 1118 1373 1144 camerae
1397 1106 1606 1144 Silesiacae
1629 1105 1856 1155 praesidem,
1890 1111 1932 1144 ut
1953 1118 2038 1143 cum

245 1162 511 1200 reflorescente
552 1175 637 1201 mea
676 1163 877 1212 diligentia
908 1165 944 1200 in
978 1165 1329 1214 computationibus
1371 1165 1592 1202 reflorescat
1631 1169 1667 1202 et
1704 1169 1833 1202 vestra
1863 1165 2039 1202 benevo-

244 1219 363 1258 lentia
394 1221 431 1257 in
471 1220 787 1260 adnumeratione
830 1221 950 1260 debiti
988 1224 1061 1261 mei
1066 1250 1205 1261 .....
1267 1223 1421 1261 Dabam
1459 1223 1609 1271 Pragae
1641 1222 1698 1263 Id.
1732 1223 1822 1272 Apr.
1859 1226 1967 1261 1612
2001 1224 2038 1259 in

247 1279 329 1328 ipso
362 1280 561 1328 procinctu
594 1281 834 1328 migrationis
867 1292 989 1318 meae.

387 1345 601 1386 „Proceres“
630 1346 841 1381 Austriacos
860 1345 947 1381 adiit
965 1346 1155 1391 Keplerus,
1183 1347 1298 1382 Lincii
1323 1351 1484 1382 versatus
1502 1357 1624 1381 mense
1642 1346 1749 1381 Junio
1771 1346 1871 1389 1611,
1899 1356 2044 1391 operam

246 1413 346 1437 suam
373 1403 539 1439 offerens.
587 1404 644 1439 Ad
669 1404 762 1439 hanc
786 1405 995 1450 petitionem
1022 1405 1054 1440 d.
1087 1405 1137 1439 14.
1163 1404 1262 1439 Junii
1287 1405 1439 1448 benigne
1464 1405 1729 1448 responderunt
1753 1415 1933 1449 proceres,
1959 1404 2045 1439 libe-

246 1461 370 1496 raliter
395 1462 562 1498 viaticum
593 1464 655 1499 100
682 1462 900 1498 florenorum
926 1464 1157 1507 assignarunt
1183 1469 1218 1498 et
1242 1464 1445 1508 pactionem
1464 1467 1742 1508 proposuerunt,
1770 1473 1929 1498 annuum
1955 1463 2044 1498 sala-

246 1519 337 1554 rium
364 1521 432 1556 400
457 1520 674 1555 florenorum
699 1521 969 1556 constituentes.
1020 1525 1230 1561 <petitionem
1256 1524 1403 1566 Kepleri,
1428 1534 1622 1566 responsum
1649 1525 1822 1555 Procerum
1850 1527 1881 1555 01
1904 1526 2045 1566 impera-

246 1582 327 1611 toris
365 1581 534 1623 Rudolphi
569 1583 827 1620 assignationem
860 1583 951 1614 ‘2000
983 1582 1181 1613 florenorum
1215 1583 1289 1613 vide
1326 1581 1391 1615 vol.
1418 1582 1475 1614 IV.
1512 1593 1544 1623 p.
1574 1583 1640 1613 518
1668 1583 1722 1619 ss.)
1771 1580 1843 1614 Res
1870 1579 2045 1614 Linciana

246 1635 359 1671 dilata
385 1641 439 1672 est
464 1637 499 1671 in
526 1649 658 1672 annum
687 1638 785 1683 1612,
814 1639 906 1683 quia,
935 1643 974 1673 ut
999 1638 1076 1683 ipse
1104 1639 1189 1674 dicit
1215 1638 1405 1683 Keplerus,
1431 1637 1649 1681 Rudolphus
1676 1636 1873 1673 discessum
1900 1637 2048 1682 Kepleri

246 1705 290 1730 ex
316 1695 400 1731 aula
425 1696 577 1739 negavit.
1973 1691 1977 1696 ’

382 1754 521 1789 Turbas
547 1754 758 1791 Bohemicas
794 1759 960 1799 spectans
993 1755 1135 1800 scripsit
1165 1754 1362 1790 Vickenius
1389 1754 1512 1799 (Majo)
1548 1753 1725 1798 Keplero:
1766 1754 1875 1795 „Cum
1907 1752 2047 1788 videam

246 1815 281 1846 et
306 1812 488 1856 experiar,
522 1817 657 1847 motum
688 1813 783 1847 hunc
816 1818 941 1848 contra
977 1818 1137 1848 nostrum
1162 1814 1419 1857 Imperatorem
1444 1812 1711 1847 retardaturum
1746 1811 1886 1846 tabulas
1912 1809 2046 1845 Rudol-
2087 1839 2098 1849 ,

245 1869 391 1915 phaeas‚
419 1881 508 1914 quas
534 1881 598 1914 ego
626 1881 762 1906 summo
796 1883 873 1906 curn
907 1871 1084 1906 desiderio
1119 1871 1327 1916 exspectavi
1353 1876 1388 1905 et
1415 1875 1605 1915 exspecto,
1639 1872 1674 1903 et
1706 1869 1873 1904 fortassis
1899 1873 2048 1913 propter

247 1927 481 1963 infortunium
507 1929 549 1963 D.
579 1929 793 1973 Tengnaglii
820 1929 896 1972 (cfr.
924 1929 972 1963 ΙΙ.
997 1930 1078 1973 811)
1104 1929 1220 1965 11100111
1246 1939 1430 1972 nunquam
1450 1929 1610 1963 visuras:
1638 1927 1770 1962 idcirco
1797 1932 1831 1963 te
1858 1927 2048 1972 diligenter

249 1995 346 2028 roge,
373 1990 412 2020 ut
437 1985 521 2019 mihi
547 1987 715 2021 conficias
741 1987 900 2021 tabulam
926 1987 1080 2032 aliquam
1086 2013 1262 2024 .......
1313 1988 1426 2022 Tuam
1460 1986 1701 2020 conditionem
1727 1985 1799 2029 jam
1825 1985 1916 2019 scire
1942 1995 2040 2028 aveo,

247 2042 371 2077 dubito
398 2044 501 2085 enim,
528 2055 572 2078 an
594 2044 668 2088 jam
695 2044 742 2079 sis
769 2044 864 2089 apud
883 2045 1139 2089 Imperatorem
1158 2056 1358 2080 mansurus.
1392 2043 1610 2079 instauratio
1631 2043 1836 2078 academiae
1854 2043 2045 2087 Pragensis

245 2101 331 2135 mihi
363 2101 506 2135 videtur
537 2102 581 2136 ad
617 2102 792 2137 Calendas
829 2104 985 2138 Graecas
1018 2103 1154 2140 futura.
1200 2103 1375 2138 Provideo
1412 2103 1505 2136 enim
1540 2102 1678 2136 ruinam
1713 2101 1897 2135 imminere
1931 2111 2041 2144 regno

245 2160 472 2195 Bohemiae.“
524 2161 579 2194 Ad
614 2161 681 2195 hae
707 2160 904 2206 Keplerus:
942 2159 1027 2197 Non
1060 2159 1160 2196 male
1192 2159 1408 2208 conjecisti:
1442 2157 1605 2196 meditor
1639 2157 1699 2195 vel
1732 2157 1945 2195 discessum
1980 2156 2043 2194 vel

248 2215 481 2253 solutionem
514 2216 633 2254 debiti
665 2219 752 2255 mei.
805 2217 1028 2254 Caesariani
1052 2229 1143 2255 vero
1177 2218 1341 2255 offerunt
1373 2227 1521 2253 annuos
1546 2220 1626 2253 SOO
1651 2217 1687 2252 in
1713 2216 1868 2262 chartis,
1901 2215 2042 2253 vellem

246 2275 283 2310 in
315 2279 450 2322 parato
484 2274 683 2311 dimidium
716 2275 862 2315 darent.
915 2279 1052 2313 Eadem
1078 2282 1246 2322 spectans
1272 2278 1405 2311 Remus
1433 2276 1578 2320 scripsit
1595 2276 1772 2320 Keplero:
1804 2276 1913 2317 „Cum
1936 2274 2043 2310 hodie

247 2338 348 2368 tanta
373 2334 548 2370 bellorum
577 2340 611 2369 et
637 2335 830 2379 pestiferae
856 2335 1059 2369 infectionis
1084 2334 1286 2379 periculosa
1320 2335 1390 2369 sint
1415 2339 1578 2379 tempora
1606 2337 1725 2378 (prout
1750 2338 1785 2368 et
1811 2344 1889 2368 cum
1914 2344 2043 2377 magno

248 2391 370 2427 dolore
396 2393 511 2428 audivi
538 2394 581 2427 D.
609 2393 842 2437 Tengnagelii
861 2392 1047 2427 adversam
1065 2392 1277 2435 fortunam),
1304 2402 1375 2425 non
1395 2392 1521 2425 mirum
1540 2397 1605 2435 est,
1634 2391 1729 2435 quod
1750 2395 1846 2427 artes
1865 2396 1900 2426 et
1916 2392 2044 2426 Musae

248 2451 413 2486 sileant.“
456 2452 633 2495 Keplerus
659 2451 863 2494 respondit:
898 2450 953 2486 Ex
986 2461 1062 2497 quo
1098 2449 1144 2486 D.
1177 2449 1442 2497 Tengnaglius
1474 2447 1648 2485 ad-vcrsis
1682 2448 1771 2485 satis
1798 2449 1968 2484 animum
1990 2445 2040 2483 ad

246 2506 404 2556 politica
442 2506 655 2554 transtulit,
697 2508 950 2545 instrumenta
982 2507 1120 2544 Brahci
1164 2512 1326 2555 pereunt
1371 2517 1521 2554 egoque
1563 2506 1668 2543 solus
1708 2517 1929 2555 supersum,
1973 2505 2038 2553 qui

247 2564 482 2614 speculando
515 2570 634 2602 artem
668 2576 744 2613 qua
775 2577 932 2613 possum
964 2576 1187 2614 promoveo.
1240 2563 1372 2602 Oculis
1407 2564 1665 2602 imbecillibus
1698 2570 1795 2611 utor,
1829 2575 1899 2601 nec
1931 2562 2042 2601 vale-

245 2623 338 2660 tudo
371 2623 420 2661 ad
451 2629 639 2661 nocturna
678 2623 819 2671 frigora
861 2622 1061 2661 toleranda
1092 2622 1248 2668 sufficit,
1290 2624 1516 2671 praesertim
1561 2621 1747 2659 solitario.
1811 2620 1913 2668 Quid
1947 2631 2038 2658 vero

248 2682 434 2719 Linciana
467 2681 649 2728 conditio,
682 2680 731 2718 ad
763 2693 877 2729 quam
905 2681 1068 2730 jamjam
1100 2682 1259 2718 transire
1283 2682 1463 2718 constitui
1495 2691 1583 2728 rege
1607 2681 1806 2729 probante,
1840 2679 2041 2728 profutura

248 2741 297 2777 sit
329 2740 677 2785 observationibus,
712 2744 861 2788 tempus
896 2739 1016 2778 dabit.
1078 2744 1139 2780 (Ex
1159 2742 1300 2784 epistola
1319 2744 1349 2776 d.
1370 2744 1403 2774 d.
1423 2744 1476 2775 18.
1496 2743 1610 2773 Martii
1631 2745 1746 2780 1612.)
1781 2741 1880 2783 Quae
1899 2739 2043 2784 scripsit

249 2800 401 2844 Papius,
436 2799 643 2835 consolatus
669 2799 865 2844 Keplerum
901 2800 943 2834 dc
978 2803 1119 2833 mortua
1152 2809 1284 2843 uxore,
1318 2799 1484 2842 leguntur
1509 2800 1580 2834 vol.
1607 2799 1665 2832 VI,
1691 2810 1726 2842 p.
1754 2797 1808 2833 26.
1858 2798 1956 2832 Haec
1987 2797 2042 2831 his

249 2857 475 2901 supplemus:
505 2858 607 2900 „Non
633 2861 688 2892 est
715 2857 810 2901 quod
838 2858 1020 2892 excruciet
1045 2861 1080 2892 te
1105 2857 1274 2892 memoria
1300 2857 1502 2901 litigiorum,
1530 2867 1622 2901 quae
1647 2857 1739 2891 inter
1766 2856 1938 2899 conjuges
1963 2866 2042 2891 esse

249 2915 365 2949 solent
398 2916 504 2949 etiam
537 2915 616 2959 pios
643 2920 679 2950 et
714 2916 846 2959 optime
879 2919 1050 2950 moratos.
1099 2916 1155 2950 Ea
1187 2915 1257 2949 fert
1284 2915 1443 2958 occasio,
1470 2915 1629 2950 ,Satanas
1663 2914 1909 2949 subministrat
1936 2914 2041 2948 etiam

250 2971 362 3006 multa
395 2983 459 3016 per
493 2973 692 3017 improbos,
727 2975 982 3017 occupationes
1015 2978 1161 3008 nostrae
1192 2973 1373 3007 literariae
1406 2983 1472 3007 nos
1498 2973 1602 3008 ctiam
1628 2971 1843 3006 morosiores
1870 2970 2040 3005 efficiunt.

253 3029 322 3064 Sed
349 3031 431 3074 qnid
458 3031 636 3075 amplius?
678 3032 776 3066 Deus
803 3034 1069 3076 καρδιογνωστης
1095 3030 1232 3065 animos
1250 3034 1391 3065 nostros
1409 3035 1619 3075 perspectos
1639 3029 1748 3064 habet
1769 3034 1804 3064 et
1820 3028 2041 3064 imbecillita-

252 3091 323 3122 tem
349 3094 525 3125 nostram:
554 3091 641 3125 satis
668 3091 785 3133 gravis
810 3089 926 3124 divina
953 3079 1211 3124 animadversio
1235 3088 1308 3132 jam
1334 3088 1402 3123 fuit
1426 3088 1462 3122 in
1487 3088 1540 3127 id,
1566 3087 1660 3132 quod
1685 3090 1724 3121 tu
1749 3086 1956 3121 humanitus
1983 3085 2040 3120 de-

253 3145 401 3190 liquisti.
451 3147 557 3183 Nosti
581 3158 696 3185 meam
721 3158 869 3184 uxorem
895 3158 974 3184 cum
1000 3152 1062 3183 tua
1086 3146 1192 3182 beata
1217 3146 1343 3183 merito
1369 3145 1647 3193 comparandam
1672 3154 1752 3183 esse
1768 3143 1903 3189 pietate
1929 3143 2039 3180 omni-
