2126 3388
192 151 277 198 892
870 156 952 192 Vita
975 154 1127 192 Joanm‘s
1149 153 1306 201 Kepleri.

191 274 353 321 salutat,
390 274 471 323 jam
509 274 601 311 mihi
633 285 788 324 operam
831 275 1020 325 impendit
1059 276 1323 315 examinandis
1355 277 1451 315 meis
1483 275 1529 315 de
1562 274 1804 326 Genealogia
1835 275 1978 315 Christi

191 334 426 379 rationibus,
473 338 510 370 et
556 345 640 370 cum
683 332 908 372 Rabbinicis
948 336 1028 372 suis
1071 336 1344 374 traditionibus
1383 334 1614 374 conferendi.
1678 334 1791 375 Vale.
1852 336 1977 374 Datae

191 392 392 439 Tubingae
425 391 490 427 30.
524 390 646 428 Junii.

326 456 611 500 Hyperaspistes
638 455 819 502 Tyclzonis
842 458 975 502 prodiit
994 459 1223 501 Francofurti
1248 471 1341 495 anno
1361 460 1461 502 1625,
1488 459 1641 504 epistola
1658 459 1877 495 dedicatoria
1895 460 1979 495 data

191 517 245 547 est
269 514 427 547 Viennae
454 513 526 548 Cal.
554 515 743 560 Januariis.
794 516 834 550 In
863 516 1113 560 „Appendice“
1147 518 1271 552 scribit
1296 518 1493 562 Keplerus,
1524 517 1642 553 Lincii
1669 528 1706 552 se
1740 517 1978 562 pervolitasse

192 570 340 605 Galilaei
369 571 693 616 „T1·ucinatorem“,
721 578 756 607 et
782 579 972 618 postquam
999 576 1173 610 Viennam
1199 576 1346 620 venerit,
1375 587 1613 620 „quamquam
1629 575 1909 620 Hyperaspistes
1934 575 1980 610 ad

188 628 452 673 typographum
487 631 781 666 transmittendus
814 636 951 675 esset“,
990 645 1061 669 non
1094 639 1212 669 tamen
1247 645 1284 669 se
1309 635 1560 677 intermisisse,
1595 634 1681 678 quin
1706 632 1977 668 Trucinatorem

189 686 283 720 hunc
309 686 352 719 ad
379 687 635 731 perlegendum
662 690 886 726 commodato
913 696 1062 737 peteret,
1091 703 1207 738 exque
1233 703 1274 727 ea
1309 693 1463 728 lectione
1487 692 1666 738 prodiisse
1690 691 1783 726 hanc
1809 691 1978 737 appendi-

189 754 263 779 cem
301 765 345 769 -—
369 745 663 791 Supplementum
692 748 869 784 Chiliada's
892 750 1078 796 Marpurgi
1102 752 1235 796 prodiit
1259 763 1285 787 c.
1311 762 1469 787 mensem
1496 751 1642 795 Majum.

326 810 380 845 De
405 812 533 847 itinere
557 813 593 847 in
619 813 784 848 Sum-iam
810 815 899 850 haec
932 815 1043 850 refert
1069 816 1248 860 Keplerus
1276 816 1450 860 Crugero:
1492 812 1598 862 Quas
1628 813 1814 861 scripsisti
1846 811 1895 849 ad
1909 824 1970 850 me

188 866 320 904 literas
354 871 392 907 3.
426 869 517 918 Apr.
554 871 675 909 1695.
726 871 883 908 domum
923 883 1100 909 reversus
1142 883 1188 909 ex
1219 871 1365 909 Suevia
1397 883 1526 909 mense
1560 871 1738 919 Augusto
1771 871 1920 919 accepi,
1954 883 1976 908 a

189 936 275 962 mea
306 925 452 964 familia
484 934 719 967 asservatas.
759 929 872 966 Eram
904 930 1098 978 profectus
1133 929 1267 968 eodem
1301 941 1375 979 quo
1409 935 1449 967 tu
1481 929 1669 977 scripsisti
1690 940 1833 975 mense,
1866 933 1976 977 post-

188 995 304 1031 quam
336 986 467 1022 uxoris
509 991 659 1035 partum
701 987 960 1036 periculosum
991 987 1092 1039 (cum
1125 993 1162 1025 et
1193 989 1280 1037 ipsa
1317 988 1485 1037 quadam
1516 998 1737 1036 gangrenae
1777 988 1906 1036 specie
1937 987 1975 1023 in

188 1052 302 1089 carpo
342 1054 498 1090 manus,
544 1052 580 1082 et
622 1045 746 1083 foetus
779 1057 801 1083 a
836 1045 955 1083 multo
998 1052 1170 1095 tempore
1209 1047 1326 1083 variis
1368 1046 1631 1084 accidentibus
1673 1045 1975 1094 infestarentur),

188 1100 292 1137 exitu
325 1100 426 1138 felici
459 1104 702 1140 terminatum
735 1109 982 1152 spectassem,
1015 1104 1174 1153 filioque
1204 1109 1295 1141 nato
1329 1109 1365 1142 et
1395 1117 1416 1141 a
1450 1103 1739 1154 parochialibus
1770 1103 1976 1152 pontificiis

186 1159 394 1206 baptisato,
427 1170 565 1198 uomen
598 1161 826 1200 Hildeberto
860 1161 1062 1209 dedissem,
1097 1174 1211 1211 quem
1243 1168 1463 1209 auctorem,
1496 1164 1648 1211 egregie
1681 1161 1728 1199 de
1760 1163 1976 1199 ceremonia

187 1215 452 1255 Eucharistiae
484 1224 588 1256 sarta
619 1225 719 1258 tecta
751 1221 1018 1259 conservanda
1049 1221 1298 1267 scribentem,
1343 1226 1434 1258 tunc
1475 1223 1512 1257 in
1554 1220 1740 1257 memoria
1770 1219 1973 1257 habebam.

189 1274 339 1312 Itineris
361 1277 436 1312 mei
460 1288 615 1315 causam
639 1283 675 1315 et
697 1290 915 1316 successum
937 1280 1005 1317 tibi
1030 1279 1350 1317 commemorabo.
1385 1278 1536 1316 Literas
1559 1278 1607 1316 ad
1631 1277 1974 1327 Campiduuenses,

187 1332 512 1383 Memmingenses
555 1342 593 1373 et
622 1336 924 1385 Noribergenscs
963 1337 1177 1384 habebam,
1221 1338 1361 1386 quibus
1394 1337 1537 1375 Caesar
1575 1336 1667 1373 mihi
1708 1336 1858 1385 reliqua
1888 1348 1976 1374 mea

187 1390 436 1440 Rudolphina
476 1397 757 1443 repraesentari
788 1396 964 1444 petebat,
1009 1403 1049 1433 ut
1079 1397 1126 1433 iis
1158 1396 1348 1433 sumtibus
1388 1395 1544 1444 adjutus
1584 1393 1738 1432 'tabulas
1771 1400 1808 1431 et
1840 1395 1975 1432 obser-

187 1450 365 1487 vationes
397 1450 509 1489 edere
541 1464 706 1501 possem.
758 1453 948 1491 Suevicae
980 1455 1106 1501 urbes,
1140 1465 1239 1503 quae
1261 1455 1449 1503 promissa
1471 1453 1627 1491 Caesari
1650 1452 1821 1490 nondum
1844 1453 1972 1490 solve-

186 1512 282 1552 rant,
316 1507 515 1547 solverunt
545 1510 651 1551 mihi.
712 1512 1036 1561 Noribergenses,
1078 1524 1101 1549 a
1133 1512 1274 1560 quibus
1306 1519 1480 1550 mutuum
1512 1513 1737 1560 petebatur,
1781 1511 1886 1560 quod
1928 1511 1975 1549 de

187 1566 534 1605 contributionibus
591 1570 722 1607 circuli
770 1570 946 1608 Francici
996 1571 1168 1620 proxime
1220 1570 1356 1608 futuris
1402 1570 1687 1616 refunderetur,
1734 1576 1973 1608 recusarunt.

187 1624 314 1661 Variis
347 1630 473 1662 tamon
506 1628 543 1663 in
577 1633 740 1677 utroque
772 1629 906 1666 itinere
940 1630 1096 1667 remoris
1128 1632 1256 1666 aestas
1287 1629 1395 1668 abiit.
1457 1627 1559 1666 Usus
1592 1640 1674 1665 sum
1708 1632 1744 1666 et
1776 1627 1975 1666 acidiculis

188 1681 530 1732 G‘oppingensibus
554 1690 590 1723 et
611 1698 779 1724 mensem
802 1686 1005 1735 Tubingae
1029 1688 1209 1735 transegi,
1235 1688 1365 1725 creber
1387 1699 1473 1725 cum
1495 1686 1716 1733 Maestlino,
1750 1685 1972 1724 Schickardi

185 1741 325 1790 hospes
333 1771 473 1782 .....
536 1744 592 1781 Ex
626 1756 702 1793 quo
723 1756 807 1782 sum
830 1753 1017 1792 reversus,
1053 1745 1198 1783 nullum
1220 1757 1296 1782 non
1317 1756 1456 1783 moveo
1479 1745 1660 1794 lapidem,
1694 1750 1736 1782 ut
1757 1744 1806 1782 ad
1833 1744 1974 1782 editio-—

184 1810 269 1837 nem
302 1799 539 1838 Tabularum
585 1804 749 1842 veniam.
810 1803 906 1840 Nam
942 1805 1075 1842 triente
1114 1809 1268 1852 recepto
1308 1806 1592 1853 assignatorum
1623 1808 1817 1840 sumtuum
1851 1814 1974 1852 eoque

186 1857 415 1907 Campiduni
448 1860 659 1906 collocato,
689 1861 770 1910 jam
803 1861 849 1899 de
881 1862 991 1899 bonis
1024 1868 1061 1900 et
1093 1861 1278 1899 reditibus
1310 1863 1345 1898 in
1379 1862 1452 1900 hac
1487 1863 1687 1910 provincia
1720 1867 1869 1899 sumtus
1905 1873 1974 1899 ex-

183 1916 312 1964 pedio.
376 1916 451 1955 Sed
484 1918 747 1957 difficillimam
779 1919 853 1957 hoc
884 1925 1055 1969 tempore
1093 1931 1171 1957 rem
1210 1925 1333 1958 tento:
1378 1921 1519 1970 quippe
1550 1921 1833 1958 reformationis
1864 1931 1974 1958 acer-

184 1974 304 2012 bitate
343 1986 492 2013 summa
533 1978 618 2014 imis
658 1983 868 2016 vertuntur.
940 1979 988 2016 Et
1028 1979 1209 2016 audivisti
1251 1980 1400 2025 forsan,
1439 1980 1765 2027 circumscriptam
1788 1983 1843 2016 ‘et
1880 1978 1972 2016 mihi

166 2032 479 2083 bibliothecam,
526 2037 704 2084 quamvis
735 2036 848 2083 mihi,
893 2037 1020 2074 aulica
1051 2038 1246 2075 functione
1278 2038 1463 2083 subnixo,
1498 2038 1719 2074 immunitas
1752 2041 1852 2075 esset
1882 2048 1973 2086 pro-

183 2093 311 2129 missa.
375 2092 518 2130 Verum
561 2093 666 2131 illam
699 2095 916 2132 molestiam
948 2096 1116 2133 levatam
1156 2097 1344 2133 existimo.
1413 2095 1524 2133 Nunc
1558 2095 1603 2133 de
1634 2097 1799 2144 pecunia
1832 2097 1969 2144 agitur,

184 2160 298 2197 quam
333 2149 473 2187 debent
494 2163 682 2200 proceres,
717 2165 839 2203 eaque
871 2165 947 2190 non
970 2155 1224 2192 incertissima
1244 2154 1382 2200 frctus,
1415 2165 1606 2203 papyrum
1639 2159 1676 2191 et
1708 2164 1844 2203 operas
1876 2165 1970 2191 con-

183 2207 284 2244 duxi.
345 2208 514 2256 Paginas
556 2211 744 2248 excudam
786 2213 999 2249 numericas
1041 2224 1132 2249 usus
1164 2213 1267 2261 typis
1307 2214 1400 2250 meis
1433 2213 1616 2261 propriis,
1659 2213 1800 2261 quibus
1832 2211 1968 2250 excudi

184 2270 207 2302 4
241 2277 427 2304 annorum
462 2266 750 2316 Ephemeridas.
812 2269 889 2307 Sed
929 2275 1033 2308 tenet
1074 2282 1132 2308 me
1171 2270 1378 2307 sollicitum
1421 2269 1655 2320 typographi
1685 2270 1860 2317 fortuna,
1902 2272 1968 2319 qui

183 2324 253 2360 etsi
286 2329 323 2361 et
355 2326 436 2373 ipse
469 2327 628 2364 obtentu
660 2329 733 2365 mei
767 2330 893 2377 operis
926 2328 1119 2366 licentiam
1151 2328 1268 2366 habet
1300 2328 1584 2374 commorandi,
1625 2330 1809 2377 premitur
1839 2334 1967 2367 tamen

180 2381 343 2419 rnilitum
377 2382 568 2421 alimentis
593 2390 629 2423 et
650 2387 1028 2434 importunitatibus,
1062 2398 1175 2424 onere
1208 2387 1330 2424 civico
1364 2387 1412 2424 ob
1446 2387 1602 2424 domum
1634 2398 1749 2435 quam
1780 2386 1967 2436 possidet.

182 2438 328 2487 Quodsi
361 2441 570 2489 procedant
603 2456 754 2492 operae,
787 2450 844 2482 est
876 2456 952 2493 quo
985 2445 1031 2482 de
1060 2447 1204 2493 gratias
1237 2457 1398 2493 agamus
1418 2445 1588 2492 Numini,
1621 2448 1679 2483 sin
1710 2445 1968 2495 impediantur

181 2497 337 2546 diutius,
370 2504 411 2536 tu
443 2501 480 2536 in
515 2513 718 2539 aerumnas
761 2503 876 2550 hujus
907 2504 1130 2551 provinciae
1168 2504 1365 2551 totiusque
1406 2503 1504 2541 adeo
1538 2503 1771 2542 Germaniae
1812 2505 1967 2541 intentis

181 2556 302 2593 oculis
335 2559 488 2595 veniam
521 2560 613 2596 mihi
638 2560 758 2598 dabis.
801 2561 891 2598 Jam
920 2573 1021 2598 nunc
1054 2573 1252 2599 excurrere
1284 2563 1411 2609 cogito
1443 2562 1493 2599 ad
1525 2562 1691 2600 fusorem
1722 2562 1965 2608 Passavium,

179 2625 202 2651 a
233 2626 309 2662 quo
342 2615 576 2664 alloquendo
615 2619 652 2654 in
693 2618 878 2657 descensu
920 2619 1138 2668 prohibitus
1181 2631 1284 2666 sum,
1325 2620 1374 2657 ob
1411 2622 1532 2669 pestis
1573 2621 1832 2669 suspicionem
1873 2620 1966 2658 urbe

183 2673 361 2711 exclusus
394 2686 479 2712 cum
513 2677 718 2714 comitibus
751 2678 939 2715 omnibus.
968 2680 1041 2722 (Ex
1069 2679 1221 2724 epistola
1248 2680 1281 2714 d.
1308 2681 1424 2715 Lincii
1450 2681 1482 2715 d.
1513 2684 1542 2716 1.
1569 2681 1658 2724 Maji
1683 2681 1804 2724 1626.)

315 2740 523 2775 intercessit
548 2752 611 2785 pro
631 2742 786 2786 Keplero
813 2743 909 2787 apud
926 2744 1138 2787 Antonium,
1165 2744 1368 2789 praesulem
1385 2746 1422 2780 in
1440 2746 1736 2788 Cremsmunster‚
1762 2744 1964 2780 Ludovicus

179 2795 222 2830 de
246 2796 327 2832 Ulm
353 2798 446 2833 Baro
474 2799 517 2833 de
543 2799 704 2844 Erbach,
732 2801 890 2836 scribens
917 2802 950 2836 d.
980 2804 1031 2838 16.
1058 2803 1172 2846 Junii,
1198 2802 1366 2837 hesterno
1394 2803 1449 2838 die
1473 2804 1613 2838 venisse
1639 2804 1684 2839 ad
1709 2813 1747 2838 se
1771 2803 1966 2848 Keplerum

178 2854 409 2901 referentem,
436 2857 573 2901 imperii
599 2862 823 2902 quaestorem
849 2859 1075 2903 tergiversari
1102 2864 1136 2895 et
1154 2860 1368 2896 solutionem
1392 2862 1633 2906 pecuniarum,
1661 2872 1748 2906 quas
1766 2862 1966 2905 Imperator

180 2913 408 2956 concesserit,
434 2924 611 2949 recusare.
663 2915 791 2950 Petere
818 2927 866 2961 se,
894 2922 933 2952 ut
959 2918 1132 2963 Keplero,
1169 2921 1230 2964 qui
1256 2930 1377 2955 omnes
1403 2925 1548 2964 superet
1583 2920 1744 2954 doctrina
1768 2920 1964 2956 mathema-

179 2969 259 3008 tica,
287 2970 446 3005 solvatur
474 2972 631 3007 debitum
666 2983 769 3008 suum
797 2980 831 3009 et
856 2987 926 3010 non
951 2981 1090 3011 tantum
1125 2982 1295 3021 quaestor
1328 2978 1372 3013 ad
1399 2978 1613 3013 solutionem
1645 2977 1866 3022 impellatur,
1901 2981 1963 3015 sed

180 3025 284 3060 etiam
310 3027 623 3072 Noribergensium
658 3033 973 3074 tergiversationes
1006 3034 1111 3078 plane
1143 3036 1404 3079 praecidantur.
1460 3035 1607 3070 Addidit
1631 3034 1776 3069 Erbach
1804 3041 1962 3077 „extrac-

179 3087 254 3116 tum
281 3094 363 3119 auss
389 3086 423 3120 J.
449 3086 602 3130 Keplers
629 3089 887 3132 Supplication,
914 3102 982 3125 von
1008 3093 1201 3136 Augspurg
1226 3093 1359 3129 nacher
1384 3093 1488 3128 Wien
1514 3092 1726 3137 geschickht
1760 3093 1808 3128 im
1831 3094 1961 3139 Mayen

180 3139 304 3184 1625“,
327 3141 364 3176 in
389 3153 459 3186 quo
485 3143 575 3179 haec
601 3152 810 3182 occurrunt:
851 3149 965 3188 „Weil
1001 3150 1056 3184 die
1082 3149 1553 3196 Reicbs—Pfenning-Ampts
1577 3151 1725 3187 Beamte
1758 3162 1824 3188 zue
1848 3154 1962 3198 Augs-
