2126 3388
600 204 748 250 Kepleri
770 203 956 241 literarum
981 203 1100 241 studia
1123 208 1160 242 et
1185 204 1358 242 doctrina.
1758 203 1870 247 1009

73 323 177 360 niam
211 322 404 374 colligari3
446 323 611 374 denique
645 326 683 362 in
716 324 807 364 Sole
843 325 1009 373 curiam,
1049 324 1237 375 palatium
1275 331 1313 364 et
1347 325 1584 375 praetorium
1619 335 1689 363 seu
1723 324 1870 373 regiam

76 392 160 419 esse
192 383 312 420 totius
343 384 451 432 regni
483 389 644 422 naturae
650 412 820 425 ......
887 382 928 421 Si
960 395 1038 433 qua
1076 396 1184 422 mens
1216 396 1263 423 ex
1294 383 1385 422 Sole
1426 384 1612 433 prospicit
1649 382 1871 421 harmonias

73 440 189 487 istas,
230 439 287 477 illi
319 441 459 479 desunt
490 441 728 480 adminicula
758 446 886 480 motus
919 446 956 480 et
987 443 1199 480 stationum
1241 442 1482 481 diversarum
1520 441 1623 480 sedis
1663 453 1777 489 suae,
1823 453 1871 480 ex

75 498 217 546 quibus
249 504 380 537 nectat
412 501 730 538 ratiocinationes
762 505 800 539 et
831 500 1047 547 discursus,
1091 501 1307 539 intervallis
1348 501 1591 550 planetarum
1624 499 1870 539 dimetiendis

74 558 353 596 necessarios.“
378 579 431 586 --
453 558 497 596 In
520 559 587 608 Ep
603 560 677 597 ito
692 571 760 597 me
783 560 1110 606 (tels—1621)
1132 561 1187 597 sic
1208 560 1380 608 loquitur
1400 559 1609 608 Keplerus:
1645 560 1870 610 „Animam

76 615 115 651 in
148 626 308 664 corpore
341 616 442 655 Solis
474 618 602 656 inesse
633 629 818 666 magnum
849 622 1119 667 argumentum
1153 617 1306 656 ducitur
1327 629 1350 656 a
1373 618 1535 655 materia
1561 618 1731 667 corporis
1763 618 1870 666 ejus-

74 684 148 722 que
180 673 484 722 illuminatione,
528 687 627 724 quae
667 675 822 714 videtur
862 687 947 714 esse
988 676 1156 725 qualitas
1197 682 1279 713 orta
1318 676 1367 713 ab
1405 676 1675 714 informatione
1717 678 1869 714 animae

72 731 352 771 valentissima.
387 735 587 770 ⁷Animam
620 739 749 771 autem
772 736 903 783 potius
935 734 1179 772 statuendam
1213 746 1297 772 esse
1328 740 1434 783 puto,
1469 746 1584 782 quam
1615 735 1777 772 formam
1810 736 1871 771 in-

75 791 262 838 animam,
296 793 387 840 quia
420 804 465 829 ex
498 791 737 830 macularum
769 793 807 828 in
839 791 930 829 Sole
964 797 1050 830 ortu
1081 798 1120 830 et
1151 792 1392 830 discussione
1431 804 1554 841 exque
1586 792 1870 830 illuminatione

75 849 272 897 inaequali
303 851 470 898 partium
503 850 587 899 ejus
611 850 851 888 diversarum
873 849 1036 888 diversis
1069 851 1308 899 temporibus
1331 856 1504 900 apparet,
1537 862 1613 888 non
1636 862 1752 889 unam
1776 863 1870 889 con-

72 908 219 944 tinuam
253 913 290 945 et
321 914 508 957 perpetuo
541 910 768 946 uniformem
801 920 885 946 esse
907 909 1103 957 energiam
1127 910 1164 944 in
1187 909 1365 946 omnibus
1388 910 1558 957 corporis
1590 909 1727 947 solaris
1747 911 1869 959 parti-

77 965 161 1003 bus.
212 965 304 1014 Ipsa
336 968 452 1004 etiam
484 967 549 1004 lux
583 972 791 1017 cognatum
824 966 915 1015 quid
949 972 1007 1004 est
1039 968 1192 1004 animae
1219 995 1226 1003 .
1251 997 1259 1007 .
1283 995 1292 1005 .
1316 995 1325 1005 .
1358 968 1490 1015 itaque
1523 979 1660 1017 corpus
1682 968 1797 1015 Solis,
1831 969 1869 1004 in

73 1034 148 1072 quo
179 1023 245 1060 lux
278 1025 420 1063 insidet
462 1026 720 1074 originaliter,
764 1030 1067 1063 consentaneum
1111 1030 1169 1062 est
1200 1027 1330 1062 anima
1360 1025 1578 1074 praeditum
1619 1038 1722 1074 esse,
1768 1038 1868 1075 quae

74 1081 387 1120 inflammationis
427 1084 532 1121 illius
571 1088 725 1130 auctor,
770 1088 899 1120 custos
939 1089 976 1120 et
1015 1084 1274 1121 continuatrix
1311 1084 1373 1121 sit.
1434 1083 1515 1122 Nec
1556 1083 1661 1122 aliud
1704 1085 1867 1123 suadere

74 1139 227 1178 videtur
259 1141 360 1179 Solis
394 1142 562 1179 officium
594 1144 630 1179 in
664 1141 821 1189 mundo,
855 1146 896 1178 ut
927 1143 1028 1179 sicut
1060 1143 1190 1179 omnia
1222 1141 1508 1180 illuminaturus
1540 1142 1666 1182 lucem
1695 1148 1754 1181 est
1784 1154 1870 1181 sor-

73 1199 167 1235 titus
199 1200 235 1235 in
268 1211 338 1237 suo
372 1211 542 1249 corpore,
576 1202 630 1238 sic
663 1201 793 1237 omnia
826 1199 1079 1237 calefacturus
1102 1199 1280 1248 calorem,
1314 1202 1443 1238 omnia
1466 1201 1720 1239 vivifacturus
1745 1203 1867 1240 vitam

78 1259 193 1294 etiarn
227 1259 308 1306 ipse
341 1260 602 1307 corporalem,
648 1260 777 1295 omnia
807 1263 980 1295 moturus
1022 1259 1252 1307 principium
1284 1263 1321 1296 et
1352 1260 1433 1307 ipse
1466 1264 1593 1297 motus
1627 1265 1664 1297 et
1695 1261 1750 1298 sic
1782 1261 1868 1298 ani-

78 1327 179 1353 mam
212 1317 249 1352 in
281 1328 322 1354 se
355 1317 509 1355 habeat.
554 1317 613 1354 Ad
648 1321 776 1354 motus
810 1327 900 1354 vero
933 1317 1064 1353 munia
1094 1316 1190 1353 nihil
1222 1328 1319 1366 opus
1351 1322 1408 1355 est
1429 1322 1568 1355 mente.
1620 1317 1720 1355 Nam
1740 1318 1869 1368 plaga,

75 1375 112 1410 in
135 1385 250 1422 quam
284 1374 454 1413 volvitur
476 1375 556 1423 Sol,
590 1380 647 1414 est
676 1388 700 1412 a
720 1376 843 1424 primo
876 1386 1002 1412 rerum
1034 1380 1182 1422 exortu,
1216 1376 1433 1413 constantia
1465 1387 1555 1414 vero
1589 1376 1801 1414 volutionis
1835 1382 1872 1414 et

74 1432 260 1481 periodici
293 1435 477 1483 temporis
511 1433 704 1483 dependet
735 1446 758 1471 a
788 1435 1036 1482 proportione
1069 1436 1263 1472 constanti
1293 1435 1490 1483 potentiae
1512 1436 1680 1472 motricis
1703 1435 1751 1472 ad
1776 1446 1872 1473 con-

12 1498 18 1504 ’
75 1492 282 1529 tumaciam
313 1493 510 1532 materiae.
570 1492 662 1542 Ipsa
693 1493 890 1541 prensatio
924 1503 1127 1540 corporum
1158 1492 1472 1541 planetariorum,
1506 1503 1602 1541 qnos
1623 1492 1691 1530 Sol
1722 1498 1872 1531 rotatus

77 1549 314 1598 circumagit,
349 1550 560 1600 corporalis
593 1556 651 1589 est
683 1552 818 1597 virtus,
851 1561 928 1587 non
961 1549 1151 1597 animalis,
1185 1562 1261 1588 non
1294 1551 1485 1588 mentalis.
1528 1551 1660 1589 Virtus
1693 1553 1752 1589 sui
1785 1563 1872 1589 cor-

77 1609 183 1656 poris
216 1620 261 1645 eo
294 1609 390 1658 ipso,
425 1608 529 1658 quod
562 1614 620 1647 est
651 1610 800 1659 species
832 1610 1016 1657 corporis,
1049 1620 1127 1646 una
1158 1621 1243 1647 cum
1268 1620 1426 1658 corpore
1448 1608 1550 1646 Solis
1573 1614 1720 1647 rotatur
1751 1611 1872 1647 instar

73 1666 309 1714 rapidissimi
333 1669 501 1714 vorticis,
534 1672 656 1706 totam
680 1668 860 1705 circuitus
883 1666 1190 1716 amplitudinem,
1221 1667 1270 1706 ad
1302 1672 1641 1716 quantamcunque
1674 1669 1870 1717 pertingit,

74 1736 198 1773 aeque
230 1725 404 1764 celeriter
435 1737 653 1776 pervagans
698 1731 841 1774 „atque
873 1725 940 1763 Sol
979 1727 1253 1775 angustissimo
1294 1737 1365 1763 suo
1398 1726 1525 1774 spatio
1558 1727 1658 1764 circa
1700 1732 1871 1765 centrum

74 1794 114 1820 se
147 1782 378 1822 convertit4‘.
405 1807 453 1812 —
479 1785 569 1822 Alio
602 1785 689 1822 loco
712 1784 924 1832 Epitomes,
959 1795 1035 1832 quo
1057 1788 1184 1822 motus
1206 1784 1449 1833 planetarum
1482 1790 1524 1822 ut
1544 1786 1649 1833 prius
1671 1786 1709 1822 in
1733 1785 1872 1822 Astro-

74 1843 204 1879 nomia
245 1853 349 1881 nova
388 1848 425 1881 et
460 1843 676 1880 Harmonia
718 1854 785 1891 per
825 1840 1074 1893 „filamenta“
1116 1842 1196 1892 (vel
1237 1840 1423 1894 „fibras“)
1462 1844 1689 1891 magneticis
1730 1842 1872 1880 similia

74 1900 310 1938 attrahentia
343 1906 380 1939 et
401 1901 630 1950 repellentia
663 1900 856 1950 explicare
879 1900 1039 1946 studuit,
1074 1902 1273 1949 quaerenti
1305 1903 1515 1950 opponenti
1546 1901 1764 1950 respondit:
1801 1901 1872 1953 „In

79 1969 241 2007 corpore
274 1958 377 1996 Solis
409 1960 573 1997 admitto
606 1961 794 2005 animam,
828 1959 1062 2008 praesectam
1096 1959 1348 1998 turbinationi
1381 1959 1483 1997 Solis
1515 1961 1709 2008 totiusque
1741 1965 1869 1996 motus

74 2017 261 2054 mundani
295 2017 624 2067 dispensatricem,
658 2029 729 2055 nec
761 2017 986 2066 simpliciter
1007 2019 1148 2066 negavi
1170 2029 1218 2055 ne
1241 2017 1288 2056 de
1310 2018 1535 2067 corporibus
1558 2018 1710 2066 quidem
1734 2017 1872 2067 plane-

74 2080 199 2112 tarum
233 2077 382 2113 animas
425 2077 620 2125 singulas,
662 2076 914 2113 turbinationi
956 2075 1110 2124 quidem
1153 2087 1355 2125 corporum
1396 2077 1623 2125 praesectas.
1686 2076 1871 2114 Sufficere

77 2132 228 2171 videtur
259 2135 409 2183 species
441 2136 538 2181 ista,
572 2139 615 2171 ut
644 2133 763 2181 lucis,
807 2139 848 2171 ut
880 2133 1040 2182 caloris,
1074 2136 1130 2172 sic
1161 2136 1277 2172 etiam
1310 2135 1342 2171 si
1373 2135 1503 2184 placet
1534 2136 1685 2173 animae
1718 2134 1869 2180 solaris,

72 2203 151 2229 una
182 2203 268 2229 cum
301 2193 386 2231 luce
420 2198 458 2230 et
489 2191 614 2230 calore
647 2193 789 2230 emissa
821 2196 858 2229 et
889 2197 1094 2241 penetrans
1127 2204 1172 2230 co
1206 2193 1333 2239 etiam,
1367 2193 1468 2230 unde
1499 2192 1565 2230 lux
1598 2198 1635 2231 et
1667 2192 1770 2230 calor
1802 2204 1870 2229 ex-

75 2249 301 2299 cluduntur,
334 2263 386 2289 sc.
420 2253 458 2288 in
490 2250 606 2288 fibras
638 2261 842 2299 corporum
874 2248 1083 2289 internas.“
1146 2251 1190 2288 In
1221 2251 1339 2298 libro,
1381 2263 1495 2300 quem
1533 2252 1727 2300 inscripsit
1757 2250 1869 2299 Kep-

73 2307 177 2346 lerus
209 2308 469 2359 Tychonis
501 2308 918 2358 Hyperaspistes
952 2310 1103 2357 (1619)
1135 2309 1230 2347 haec
1261 2309 1370 2347 affert
1402 2309 1448 2347 de
1480 2308 1666 2358 planetis:
1712 2308 1871 2360 „Motus

80 2377 213 2404 omnes
245 2368 362 2405 tribui
394 2367 521 2416 globis
555 2368 648 2416 ipsis
681 2366 919 2410 lucentibus,
962 2367 1102 2416 quibus
1134 2372 1254 2405 restat
1285 2367 1379 2404 nihil
1421 2367 1526 2405 aliud
1560 2367 1664 2417 quod
1696 2378 1763 2405 eos
1797 2368 1870 2403 im-

78 2424 199 2473 pellat
230 2427 304 2462 nisi
335 2431 473 2463 natura
505 2424 698 2476 (coelestis
730 2425 797 2463 illa
820 2424 976 2473 quidem
998 2423 1143 2476 sectae)
1176 2437 1396 2474 causaeque
1418 2427 1556 2475 partim
1582 2427 1721 2464 insitae
1744 2425 1871 2462 mobi-

74 2482 189 2529 libus,
223 2484 362 2532 partim
395 2496 418 2521 a
449 2488 596 2522 motore
629 2483 746 2531 globo
769 2485 1006 2521 extrinsecus
1028 2483 1279 2532 accedentes;
1310 2484 1508 2522 naturales
1540 2488 1738 2532 utraeque,
1772 2494 1871 2532 qua-

75 2552 157 2577 rum
189 2543 288 2578 inter
319 2553 359 2580 se
392 2543 638 2580 contentione
670 2546 804 2580 mutua
826 2541 868 2578 fit
889 2543 1122 2580 necessitate
1141 2544 1390 2591 geometrica,
1423 2547 1466 2579 ut
1486 2543 1617 2591 passio
1640 2542 1719 2588 illa,
1752 2552 1868 2589 quam

75 2600 461 2649 circumgyrationem
504 2599 688 2646 dicimus,
732 2600 957 2649 corporibus
998 2599 1358 2649 illis*imprimatur
1398 2600 1638 2638 uniformiter
1671 2599 1866 2645 difformis,

75 2669 226 2706 semper
265 2658 413 2696 scilicet
452 2659 490 2694 in
522 2658 676 2707 aphelio
709 2658 840 2705 tarda,
883 2670 1034 2708 semper
1064 2659 1102 2695 in
1134 2658 1320 2708 perihelio
1366 2658 1502 2706 velox,
1544 2662 1647 2697 certa
1689 2658 1870 2705 utrinque

76 2727 266 2754 mensura.

215 2773 288 2811 His
321 2786 421 2823 quae
456 2786 501 2812 ex
533 2773 693 2823 Kepleri
725 2775 843 2812 variis
875 2774 983 2811 libris
1016 2773 1285 2822 desumsimus,
1321 2775 1461 2823 quibus
1493 2775 1571 2811 vim
1603 2774 1802 2811 motricem
1834 2773 1872 2808 in

78 2831 186 2869 coelo
220 2832 446 2882 explicaret,
490 2832 737 2881 adjungimus
771 2845 837 2880 ea,
881 2844 980 2881 quae
1021 2833 1059 2868 in
1101 2831 1198 2870 libro
1238 2832 1286 2870 de
1318 2832 1481 2870 Marte
1519 2832 1685 2869 tentavit
1718 2830 1766 2868 ad
1799 2830 1872 2868 ad-

80 2890 303 2928 struendam
334 2890 571 2941 hypothesin
604 2890 651 2928 de
686 2892 722 2929 vi
755 2892 921 2928 motoria
952 2890 1034 2928 Soli
1066 2891 1182 2928 insita
1215 2895 1252 2929 et
1283 2889 1360 2938 illa,
1396 2901 1473 2939 qua
1494 2889 1677 2939 planetae
1709 2888 1802 2926 huic
1834 2888 1872 2926 vi

78 2949 271 2986 resistant.

215 3006 447 3045 Rationibus
478 3005 781 3044 irrefutabilibus
815 3006 1117 3044 demonstratum
1152 3017 1235 3044 esse
1268 3018 1291 3042 a
1323 3017 1363 3043 se
1388 3004 1597 3051 contendit,
1631 3003 1874 3053 planetarum

79 3075 206 3101 moras
237 3066 276 3102 in
309 3065 443 3103 orbitis
475 3065 555 3101 suis
587 3075 671 3101 esse
703 3065 741 3100 in
774 3076 820 3102 ea
850 3065 1112 3113 proportione,
1146 3065 1182 3100 in
1216 3075 1294 3112 qua
1324 3063 1478 3100 illorum
1512 3062 1720 3101 distantiae
1751 3062 1828 3099 sint
1850 3073 1874 3098 a

78 3128 235 3170 puncto,
267 3122 370 3172 quod
390 3134 459 3171 pro
483 3126 613 3160 centro
634 3122 767 3159 mundi
789 3122 1009 3160 assumitur.
1054 3120 1283 3170 (Optionem
1305 3132 1458 3170 semper
1482 3120 1548 3159 dat
1568 3121 1715 3167 lectori,
1748 3124 1873 3157 utrum

0 3192 1 3230 i
44 3202 46 3204 v
81 3179 339 3229 Copernicum
370 3192 417 3219 an
451 3179 675 3231 Tychonem
707 3182 818 3230 sequi
849 3179 963 3228 velit,
1006 3190 1054 3217 ne
1086 3178 1272 3218 ecclesiae
1303 3180 1517 3218 auctoritas
1549 3178 1648 3217 libro
1679 3190 1750 3217 suo
1781 3188 1874 3227 pro-

148 3247 275 3280 Kepleri
292 3247 392 3281 Opera
406 3247 492 3274 VIII·
1554 3246 1599 3282 65
