2126 3388
260 168 345 215 794
942 168 1025 206 vita
1049 168 1072 204 J
1074 167 1198 205 oannis
1222 168 1381 215 Kepleri.

259 301 308 328 ne
350 286 527 327 videatur
563 284 676 324 sedes
717 297 875 326 errasse.
937 287 989 325 At
1017 288 1110 326 mihi
1151 300 1283 328 omnes
1323 291 1418 328 istas
1454 291 1683 340 praestigias
1722 288 1881 340 depellit
1920 290 1976 341 (et
2005 294 2050 329 ut

260 352 352 399 puto
385 344 605 395 depelleret,
638 344 788 382 etiamsi
819 347 977 384 rabinus
1011 344 1150 398 essem)
1179 349 1294 386 unica
1324 359 1401 386 vox
1430 347 1546 386 Pauli
1576 349 1708 386 unius:
1741 348 1929 397 cujusque
1951 360 2048 400 opus

260 404 505 444 manifestum
546 403 638 450 erit3
680 402 762 440 dies
801 405 901 442 enim
944 403 1089 442 domini
1119 405 1350 452 declarabit,
1391 407 1484 455 quia
1523 407 1562 443 in
1592 407 1679 455 igne
1710 405 1967 454 revelabitur,
2012 411 2051 444 et

261 461 564 509 uniuscujusque
596 470 692 509 opus
724 462 839 510 quale
871 463 930 505 sit.
963 463 1063 511 ignis
1093 464 1285 513 probabit,
1317 465 1349 501 si
1382 464 1492 513 cujus
1524 476 1620 514 opus
1652 465 1807 511 arserit,
1840 463 2050 502 detrimen-

262 528 342 559 tum
372 519 552 569 patietur,
585 518 668 567 ipse
699 525 829 557 autem
859 519 993 558 salvus
1026 522 1106 568 erit,
1140 523 1194 560 sic
1225 527 1351 560 tarmen
1384 523 1497 571 quasi
1519 534 1585 572 per
1605 523 1734 571 ignem
1757 521 1906 573 (judicii
1929 522 2050 560 divini

263 586 299 616 et
332 580 559 627 conspectus
590 576 665 614 Dei
704 580 952 627 omniumque
983 579 1218 628 sanctorum)
1260 581 1457 628 effugiens.
1520 580 1711 618 Dominus
1749 582 1850 617 enim
1891 581 2051 618 veniens

262 635 496 674 illuminabit
536 633 763 673 abscondita
800 637 1042 674 tenebrarum
1075 643 1112 676 et
1144 638 1406 676 manifestabit
1448 638 1609 675 consilia
1648 637 1844 687 cordium3
1885 643 1922 676 et
1962 644 2051 676 tunc

261 695 346 733 laus
377 689 445 747 (ad
478 703 629 730 omnem
661 699 813 732 coetum
852 694 1061 733 electorum
1092 701 1129 735 et
1159 697 1214 734 sic
1256 697 1372 735 etiam
1412 697 1662 748 vituperium,
1703 698 1735 733 si
1774 707 1871 747 opus
1903 694 2052 748 arserit)

261 753 469 800 unicuique
501 762 524 787 a
555 750 653 789 Deo,
1589 790 1593 795 ,

399 809 496 847 Cum
523 808 605 857 jam
636 808 700 847 diu
734 821 861 848 verser
899 812 936 848 in
975 812 1149 851 examine
1182 812 1348 850 thesium
1379 812 1599 862 Wegelini,
1641 822 1764 861 quae,
1796 823 1892 862 pace
1925 816 2053 851 vestra

264 869 407 907 dictum
441 874 535 915 esto,
568 867 709 905 inultas
742 870 938 908 continere
970 870 1201 909 videbantur
1232 873 1482 920 novationes,
1515 876 1553 908 et
1578 870 1659 919 jam
1692 868 1742 907 ad
1775 871 1902 919 ipsum
1934 871 2053 909 mise-

263 928 335 964 rim
373 930 521 975 partem
567 927 774 973 examinis,
820 926 1058 975 objectiones
1098 928 1154 966 illi
1190 941 1297 967 meas
1333 929 1419 978 jure
1461 929 1692 978 opponentis
1732 928 1917 975 offerens,
1961 930 2053 977 quia

263 984 391 1022 locum
433 985 507 1021 sibi
547 983 768 1033 disputandi
801 987 937 1023 sumsit
976 987 1014 1022 iu
1046 987 1118 1024 hac
1156 986 1312 1036 publica
1353 989 1456 1025 orbis
1487 986 1688 1025 academia
1720 986 1833 1024 editis
1864 986 2052 1034 thesibus,

265 1054 364 1092 quae
396 1041 509 1080 rediit
541 1042 589 1079 ad
620 1054 698 1086 me,
741 1045 869 1081 nescio
902 1056 951 1081 an
983 1044 1031 1082 ab
1063 1044 1129 1082 illo
1162 1046 1265 1082 visa:
1309 1057 1397 1083 ecce
1436 1045 1564 1084 incido
1606 1046 1644 1081 in
1678 1043 1850 1083 Gretzeri
1885 1044 2054 1093 jesuitae

265 1101 403 1139 librum
434 1101 617 1149 scriptum
651 1105 782 1138 contra
803 1101 1063 1151 Wegelinum,
1097 1104 1160 1152 qui
1193 1108 1312 1141 totam
1344 1103 1398 1140 illi
1431 1105 1699 1152 antiquitatem
1733 1103 1844 1153 eripit
1875 1108 1912 1141 et
1942 1115 2056 1152 prae-

265 1161 396 1198 sertim
430 1158 607 1205 ostendit,
641 1170 754 1206 quam
787 1161 924 1198 misere
957 1163 1081 1210 ipsum
1113 1161 1240 1199 servor
1272 1161 1555 1210 dogmatisandi
1586 1160 1781 1199 seduxerit
1812 1166 1944 1199 contra
1966 1162 2056 1198 tris-

264 1219 405 1267 agium.
468 1215 579 1254 Sensi
612 1217 689 1254 vim
720 1219 962 1267 antiquitatis
1002 1220 1106 1258 intus
1149 1221 1185 1256 in
1217 1225 1385 1268 pectore.
1439 1221 1576 1269 Itaque
1608 1219 1828 1257 admonitus
1859 1219 1947 1258 inde
1970 1219 2056 1257 dico

261 1277 393 1321 vobis,
434 1274 574 1312 frustra
613 1287 683 1312 vos
726 1288 785 1313 me
830 1278 930 1314 circa
968 1289 1171 1326 personam
1205 1278 1346 1315 Christi
1388 1277 1435 1317 de
1477 1278 1605 1316 studio
1638 1277 1792 1316 Calvini
1833 1282 2056 1326 suspectum

259 1334 402 1372 habere
434 1331 491 1381 (ut
521 1331 638 1370 audio
670 1332 792 1383 fieri);
825 1334 919 1372 nihil
951 1336 987 1371 in
1022 1335 1196 1383 Calvini,
1241 1337 1307 1385 qui
1338 1348 1464 1374 novus
1496 1341 1574 1382 est,
1617 1337 1781 1386 gratiam
1813 1335 1942 1382 fieret,
1982 1337 2056 1373 nisi

260 1392 471 1440 antiquitas
502 1390 760 1440 persuaderet.
821 1393 930 1431 Tune
962 1398 1091 1431 autem
1122 1394 1332 1443 persuadet
1362 1396 1595 1443 antiquitas,
1638 1405 1724 1432 eum
1757 1405 1827 1432 vos
1860 1396 2055 1441 mussatis,

263 1450 446 1488 erraverit
477 1448 540 1487 hic
568 1455 605 1487 et
636 1449 700 1487 ille
730 1454 839 1498 pater
870 1463 1001 1498 necne,
1035 1464 1119 1490 eum
1152 1452 1248 1490 haec
1281 1458 1318 1491 et
1347 1452 1415 1490 illa
1435 1454 1630 1499 scriberet,
1663 1457 1810 1490 etcum
1833 1453 1952 1490 verba
1972 1452 2057 1501 ejus

260 1521 283 1547 a
314 1508 508 1546 communi
547 1519 620 1545 usu
660 1508 852 1546 abducitis
885 1515 923 1548 et
954 1521 1039 1547 cum
1079 1512 1229 1557 sensui,
1273 1511 1338 1560 qui
1369 1510 1534 1549 Jesuitis
1574 1515 1612 1548 et
1644 1510 1885 1548 Calvinianis
1925 1512 2057 1556 servit,

262 1566 357 1604 nihil
391 1567 586 1615 opponitis
618 1566 691 1602 nisi
730 1566 836 1604 illam
870 1580 892 1605 a
924 1567 1093 1607 Luthero
1125 1580 1226 1607 anno
1260 1573 1325 1609 26.
1355 1571 1520 1618 primum
1551 1569 1749 1606 inventam
1781 1573 1820 1606 et
1849 1581 1873 1606 a
1903 1567 2057 1606 Jacobo

261 1624 439 1663 Andreae
472 1629 509 1661 et
541 1625 676 1662 ceteris
707 1625 982 1674 amplificatam
1023 1628 1357 1665 ratiocinationem
1396 1628 1445 1666 ab
1484 1628 1703 1676 ubiquitate
1735 1627 1810 1664 Dei
1843 1632 1881 1665 et
1911 1627 2056 1665 unione

260 1695 346 1721 cum
368 1694 481 1720 carne
504 1681 554 1719 ad
586 1684 947 1732 omnipraesentiam
979 1686 1115 1724 carnis.
1177 1685 1276 1723 Nam
1307 1687 1338 1723 si
1371 1697 1553 1735 expressa
1590 1685 1709 1722 verba
1740 1685 1953 1734 scripturae
1984 1695 2057 1734 op-

259 1742 463 1792 poneretis,
496 1751 584 1778 caro
615 1739 754 1779 Christi
787 1746 845 1779 est
876 1743 1032 1792 ubique,
1067 1745 1161 1781 citra
1192 1743 1364 1793 figuram,
1399 1743 1552 1782 caderet
1583 1743 1687 1792 apud
1718 1755 1778 1780 me
1810 1744 2036 1792 antiquitas,

399 1799 562 1848 Ignosce
595 1799 706 1845 mihi,
751 1801 815 1849 qui
857 1802 971 1839 toties
1008 1801 1091 1850 jam
1123 1806 1316 1840 contestor
1347 1801 1462 1851 plane
1494 1801 1706 1839 radicatam
1739 1800 1843 1850 apud
1875 1812 1935 1839 me
1967 1812 2060 1839 sen-

260 1859 420 1896 tentiam
460 1856 571 1895 hanc.
635 1858 826 1896 Fortassis
867 1860 967 1897 enim
1009 1862 1041 1897 si
1078 1861 1211 1909 utique
1255 1860 1539 1909 respondisses,
1579 1860 1662 1908 Jam
1702 1859 1850 1908 pridem
1883 1860 2058 1897 enormia

261 1916 392 1966 aliqua
425 1917 570 1964 (neque
604 1917 704 1953 enim
735 1929 888 1966 sperare
922 1917 1056 1965 debeo,
1091 1920 1222 1957 omnia
1254 1930 1339 1956 esse
1371 1917 1482 1970 sana)
1514 1919 1781 1967 exstirpasses.

398 1973 486 2011 Scio
518 1985 594 2011 non
628 1986 712 2012 esse
744 1975 988 2013 commodum
1020 1975 1232 2014 tabellariis
1265 1982 1490 2026 exspectare
1522 1981 1686 2025 tempus,
1721 1975 1810 2013 dum
1842 1975 2056 2024 responde-

261 2036 328 2070 ant
361 2033 557 2081 occupati,
595 2043 717 2081 eoque
751 2045 844 2081 rogo
878 2039 918 2072 ut
950 2033 999 2071 ad
1030 2036 1227 2072 minimum
1259 2035 1484 2073 schedulam
1516 2036 1589 2084 ipsi
1623 2034 1689 2072 des
1723 2038 1859 2072 testem
1892 2033 2057 2072 tradita-

265 2102 347 2128 rum
378 2090 574 2127 literarum
607 2096 643 2128 et
677 2091 769 2139 quid
802 2093 970 2130 vicissim
1001 2094 1035 2130 ei
1066 2094 1274 2142 petitorum
1307 2093 1507 2131 tradideris
1540 2098 1608 2130 aut
1638 2092 1705 2130 ubi
1736 2092 1934 2130 haereant.

402 2148 461 2186 De
494 2153 619 2186 cetero
651 2161 711 2187 me
746 2150 789 2187 R.
823 2150 869 2188 T.
904 2150 1129 2189 commendo
1162 2156 1200 2189 et
1232 2151 1359 2189 saluto
1393 2163 1524 2189 omnes
1557 2151 1604 2187 D.
1639 2151 1688 2189 D.
1710 2149 1988 2200 Praeceptores
2022 2155 2061 2189 et

264 2206 507 2245 Professores
540 2207 830 2248 officiosissime.
890 2208 1000 2247 Vale.
1062 2209 1212 2259 Pragae
1248 2213 1311 2247 18.
1345 2210 1511 2259 Augusti
1547 2213 1668 2247 1610.

1244 2267 1291 2305 R.
1323 2267 1370 2306 T.

357 2319 411 2353 De
436 2319 610 2354 Zacharia
636 2320 828 2355 Schaefero
862 2321 1024 2364 quaesivi
1055 2321 1228 2365 proximis
1577 2323 1896 2363 officiosissimus

267 2377 316 2419 an
350 2366 507 2400 viveret?
550 2367 652 2411 Rogo
684 2367 913 2402 tabellarium
949 2367 1151 2404 adhorteris
1188 2373 1229 2403 ut
1586 2383 1680 2422 Joh⁸
1714 2382 1900 2432 Keppler‘

265 2424 381 2457 ipsum
409 2412 527 2448 adeat..

358 2459 438 2494 Etsi
469 2459 549 2494 misi
579 2459 751 2503 proximis
787 2460 1087 2495 Dissertationem
1124 2472 1239 2496 meam

266 2517 346 2540 cum
371 2506 511 2541 Nuncio
531 2506 689 2547 sidereo,
713 2507 788 2549 jam
814 2512 934 2541 tamen
960 2506 1111 2542 alterum
1135 2508 1238 2542 mitto

269 2553 481 2597 exemplum,
511 2553 539 2587 si
565 2552 655 2587 forte
682 2553 771 2587 illud
791 2563 863 2588 non
880 2553 1092 2597 pervenerit.
1128 2554 1237 2598 Spem

264 2599 351 2635 facit
369 2599 554 2635 Galilaeus
573 2600 691 2634 adhuc
709 2600 820 2634 multo
847 2600 1120 2644 mirabiliorem,
1147 2612 1240 2646 quae

267 2647 410 2692 cyphris
438 2647 597 2691 scripsit,
624 2651 664 2682 ut
690 2657 755 2682 suo
781 2651 943 2691 tempore
967 2647 1143 2690 legantur.

403 2728 599 2773 Keplerum
624 2727 692 2762 hoc
712 2727 787 2771 jam
814 2732 974 2773 ternpore
1000 2728 1188 2763 transitum
1214 2729 1328 2772 Praga
1354 2728 1517 2763 Lincium
1542 2727 1752 2763 meditatum
1777 2737 1868 2772 esse,
1895 2738 1940 2762 ex
1966 2728 2006 2763 L.
2026 2728 2067 2764 B.

267 2787 531 2822 Helmhardi
555 2787 772 2831 Joergeri
796 2787 910 2822 literis
936 2791 1099 2831 apparet,
1127 2787 1187 2832 qui
1204 2787 1329 2822 Lincio
1348 2786 1382 2820 d.
1402 2786 1458 2822 20.
1477 2787 1563 2821 Dee.
1583 2786 1675 2821 1610
1699 2786 1788 2820 haec
1813 2785 1874 2820 dat
1891 2785 2066 2829 Kepleroz

269 2846 391 2889 Edler,
418 2845 710 2889 hochgeporner,
746 2845 830 2880 sehr
853 2845 966 2880 lieber
990 2846 1082 2880 Herr
1107 2845 1314 2890 Kheppler,
1348 2844 1412 2879 mit
1436 2844 1694 2888 Wuntschung
1718 2843 1809 2878 aller
1833 2841 1974 2877 wolfart
1998 2842 2069 2877 vnd

269 2904 491 2948 ehrbietung,
519 2914 589 2938 was
615 2903 688 2938 ihm
714 2913 783 2937 von
809 2903 901 2938 mihr
928 2903 1046 2939 dienst
1070 2903 1140 2938 vnd
1166 2903 1237 2937 lieb
1263 2903 1322 2948 ist,
1349 2903 1418 2938 hab
1445 2903 1503 2938 ich
1528 2903 1591 2937 ihn
1616 2904 1684 2948 bey
1703 2902 1798 2937 diser
1815 2900 2069 2945 Gelegenhaitt

270 2961 349 2995 vmb
376 2962 538 2997 Antwort
564 2962 641 2996 auff
662 2961 755 2997 mein
781 2962 921 3004 voriges
947 2961 1137 2997 schreiben
1164 2962 1367 2997 anmahnen
1393 2961 1531 2997 wollen.
1581 2961 1658 2995 Eur
1682 2959 1845 2994 Persohn
1879 2957 2070 2994 betroffent

268 3023 341 3055 war
366 3020 460 3055 mein
484 3020 676 3062 rath‚.ihr
701 3019 833 3063 begabt
859 3020 951 3055 euch
977 3020 1128 3055 herauss
1158 3019 1228 3054 vnd
1252 3019 1334 3054 liest
1361 3019 1452 3055 euch
1486 3019 1548 3054 ihn
1581 3018 1644 3052 der
1670 3017 1774 3052 Stant
1804 3016 1899 3052 dises
1923 3016 2068 3051 Laudes

273 3077 392 3112 dienst
417 3078 484 3122 ein,
511 3078 630 3113 hattet
654 3078 765 3114 damit
790 3079 846 3113 ein
873 3077 1034 3113 ehrliehe
1053 3077 1239 3113 condition
1256 3077 1326 3112 vnd
1346 3077 1496 3113 durfftet
1511 3076 1592 3111 vmb
1611 3085 1703 3111 ewre
1720 3075 1937 3119 Bestallung
1953 3074 2069 3118 wenig
2125 3083 2126 3116 ;

272 3133 473 3171 sollieitirn.
524 3135 611 3170 Will
637 3135 785 3172 alssdan
821 3137 912 3173 euch
948 3147 1035 3181 gern
1064 3135 1215 3177 helffen,
1252 3135 1323 3173 vnd
1350 3136 1396 3173 da
1426 3136 1485 3172 ich
1510 3135 1618 3173 allein
1651 3143 1769 3170 ewren
1793 3132 1928 3171 Willen
1952 3132 2069 3178 waiss,
2125 3122 2126 3159 ἶ
