2126 3388
254 186 339 231 918
926 184 1009 219 Vita
1033 183 1056 219 J
1058 183 1182 219 oannis
1207 183 1365 228 Kepleri.

391 303 714 344 Berneggerus
740 298 940 343 Keplero
967 298 1002 334 S.
1028 299 1067 333 P.
1094 300 1138 335 D.
1187 298 1292 342 Quod
1317 297 1413 338 felix,
1437 297 1596 332 faustum
1620 297 1913 343 fortunatumque
1938 299 2037 333 Deus

254 372 332 398 esse
353 360 488 404 jubeat,
524 356 716 401 aliquando
741 356 885 392 tandem
909 356 954 390 ad
979 360 1030 401 te,
1057 356 1110 391 vir
1133 367 1288 400 summe,
1321 357 1415 390 viam
1449 354 1650 399 adfectant,
1685 355 1790 390 hodie
1817 365 1896 390 sese
1919 356 2037 391 itineri

253 416 473 455 commissuri
499 414 714 459 neonymphi
740 414 871 458 nostri,
899 424 1008 459 gener
1037 425 1117 449 cum
1142 415 1233 457 filia3
1268 413 1328 458 qui
1352 413 1437 448 licet
1461 413 1636 457 epistolae
1668 412 1744 447 vice
1768 412 1868 456 fungi
1893 417 2036 457 queant,

252 488 316 522 pro
345 484 424 509 mea
448 476 567 507 tamen
592 472 627 506 in
656 477 691 507 te
718 472 828 507 veteri
854 472 1080 507 observantia
1106 476 1142 506 et
1166 471 1284 506 studio
1310 471 1408 505 nolui
1433 481 1494 506 eos
1520 470 1654 515 absque
1685 470 1796 505 literis
1822 470 1867 504 ad
1890 475 1925 505 te
1949 470 2037 504 meis

253 533 441 572 dimittere,
467 530 497 564 si
522 529 610 564 nihil
637 529 734 564 aliud
761 528 1029 572 significaturis‚
1055 529 1181 564 saltem
1208 529 1251 563 de
1277 529 1433 574 peractis
1457 527 1663 565 felicissime
1695 529 1898 573 nuptiarum
1922 528 2037 563 solen-

253 592 357 626 nibus
383 588 590 633 ampliorem
622 586 771 622 facturis
796 587 914 621 fidem.
962 587 1053 621 Nam
1078 591 1161 631 post
1186 597 1293 630 aegre
1319 588 1523 622 submotum
1554 587 1718 629 rivalem,
1751 586 1864 620 virum
1896 586 2038 630 quidem

251 648 353 684 illum
378 646 551 691 optimum
577 649 612 680 et
630 644 826 689 optabilem
846 643 989 678 omnino
1014 643 1122 685 filiae,
1147 643 1213 678 nisi
1232 643 1424 688 optabilior
1440 644 1529 679 alius
1556 644 1822 688 supervenisset
1846 643 1901 678 vel
1919 644 2038 688 potius

251 706 503 750 antevenisset‚
528 704 685 747 itemque
710 707 794 747 post
820 700 983 746 dispulsa
1008 701 1262 746 impedimenta
1286 702 1367 745 alia,
1397 712 1489 745 quae
1515 702 1591 744 fati,
1616 713 1744 737 munus
1770 713 1872 737 suum
1899 702 2041 745 objecta

251 764 371 808 aliqua
396 761 609 798 difficultate
635 759 936 804 commendaturi,
974 770 1116 794 morosa
1147 759 1350 804 benignitas
1384 758 1620 803 interposuit,
1653 759 1782 793 nudius
1809 759 1966 793 decimus
1992 759 2039 802 (is

251 823 320 858 fuit
344 822 378 858 2.
403 820 542 864 Martii)
576 830 620 854 ex
645 824 727 854 voto
754 822 876 853 nostro
902 819 939 852 in
963 818 1132 862 primario
1164 818 1262 853 urbis
1290 818 1422 861 templo
1451 816 1651 852 Christiano
1683 816 1754 850 ritu
1787 816 1952 851 felicibus
1979 827 2039 850 au-

252 880 373 926 spiciis
398 880 578 914 firmatum
612 877 680 912 fuit
705 878 799 911 inter
823 881 904 911 tuos
929 875 1009 910 illos
1035 875 1310 910 matrimonium.
1361 876 1501 919 Sponso
1535 874 1694 918 parentis
1723 874 1802 909 loco
1826 874 2039 918 magnificus

252 937 456 973 academiae
479 940 608 977 rector,
634 936 676 970 D.
706 935 886 979 Casparus
912 933 1092 969 Bitschius
1118 933 1150 968 J.
1180 934 1218 968 C.
1244 933 1369 977 adfuit,
1397 938 1432 967 et
1458 938 1645 977 praeterea
1670 933 1714 967 D.
1740 932 1916 967 Melchior
1941 932 2038 967 Sebi-

251 996 339 1041 zius,
367 1006 436 1039 quo
463 994 638 1029 brabeuta
663 993 699 1027 in
724 1002 853 1037 magna
878 991 1152 1026 lectissimorum
1170 991 1354 1026 hominum
1378 990 1580 1034 frequentia
1605 990 1732 1024 medici
1758 989 1963 1024 doctoratus
1988 989 2040 1023 in-

251 1055 327 1089 fula
353 1053 478 1088 eodem
502 1052 564 1086 illo
589 1061 693 1086 mane
719 1054 795 1085 erat
821 1054 979 1093 ornatus,
1008 1052 1042 1082 et
1058 1050 1102 1083 D.
1120 1050 1266 1084 Isaacus
1283 1048 1487 1085 Malleolus,
1515 1048 1571 1083 cui
1595 1048 1631 1081 in
1656 1047 1881 1092 professione
1905 1046 2040 1081 mathe-

253 1112 385 1148 matica
419 1121 483 1146 seu
513 1109 668 1145 vicarius
699 1119 762 1144 seu
794 1119 858 1153 pro
885 1118 922 1142 re
948 1111 1032 1141 nata
1065 1118 1253 1142 successor
1285 1106 1480 1141 academici
1512 1105 1650 1140 consilii
1685 1105 1828 1140 decreto
1854 1105 2040 1150 superiore

253 1179 376 1205 mense
402 1168 609 1214 designatus
636 1172 728 1211 erat,
756 1171 792 1202 et
818 1167 971 1209 denique
996 1165 1108 1200 frater
1133 1164 1210 1207 ejus
1226 1163 1444 1198 Fridericus.
1479 1163 1569 1207 Ego,
1595 1167 1702 1207 prout
1726 1163 1920 1207 imperasti,
1945 1163 2041 1198 vices

252 1233 336 1263 tuas
363 1226 659 1272 qualitercunque
685 1225 849 1269 sustinui,
876 1224 1020 1268 adjutus
1047 1223 1090 1258 ab
1110 1223 1243 1267 optimo
1261 1221 1372 1257 fratre
1397 1226 1459 1256 tuo
1480 1221 1737 1265 Christophoro
1765 1226 1800 1255 et
1824 1220 1897 1256 filio
1922 1221 2040 1255 Ludo-

251 1286 340 1321 vico.
391 1285 553 1330 Sponsae
579 1295 660 1319 cum
685 1287 896 1317 ornamento
930 1286 1005 1317 tum
1030 1280 1209 1325 praesidio
1236 1279 1381 1314 fuerunt
1408 1279 1655 1313 ornatissimae
1688 1284 1872 1314 matronae
1898 1281 2039 1323 Marga-

251 1344 354 1380 retha
378 1353 480 1378 soror
505 1345 542 1376 et
565 1340 716 1386 patrima
740 1345 803 1374 tua
827 1340 871 1376 D.
900 1338 1205 1374 Marchtrencheri
1230 1348 1331 1373 uxor.
1382 1337 1464 1371 Mea
1491 1337 1599 1381 enim,
1633 1348 1738 1382 quam
1764 1338 1962 1382 pronubam
1985 1338 2041 1372 iti-

253 1403 331 1437 dem
357 1402 484 1437 adesse
509 1399 666 1442 voluisti,
692 1399 761 1434 hoc
785 1409 854 1432 non
881 1397 1010 1442 potuit,
1036 1396 1194 1431 secundo
1220 1401 1327 1440 partu
1352 1395 1499 1430 filiolam
1524 1405 1639 1439 nuper
1655 1396 1772 1437 enixa,
1799 1396 1900 1440 cujus
1926 1397 2040 1431 initia-

252 1461 349 1495 tione
367 1459 569 1495 Christiana
593 1457 733 1492 solenni
756 1460 867 1492 testes
892 1459 927 1490 et
953 1454 1054 1498 quasi
1080 1464 1272 1498 sponsores
1291 1463 1463 1498 sponsum
1489 1463 1730 1497 sponsamque
1755 1454 1937 1499 propridie
1953 1466 2042 1499 nup-

253 1519 383 1553 tiarum
408 1522 447 1552 ut
472 1515 696 1555 adhiberem,
723 1517 759 1548 et
783 1517 927 1547 nostrae
953 1511 1228 1547 necessitudinis
1245 1512 1378 1546 arctius
1396 1511 1465 1546 hoc
1490 1510 1587 1546 facto
1606 1511 1747 1546 vinculo
1766 1511 2042 1555 adstringendae

254 1582 290 1612 et
315 1586 398 1611 vero
424 1575 516 1610 bene
542 1574 585 1608 de
610 1573 694 1607 novi
720 1570 934 1606 matrimonii
958 1570 1135 1604 fructibus
1174 1568 1356 1604 ominandi
1390 1579 1499 1603 causa
1533 1569 1734 1604 faciendum
1765 1570 1901 1614 putavi.
1949 1570 2043 1604 Reli-

251 1644 341 1679 quus
368 1642 509 1677 quoque
534 1629 745 1666 deducentis
770 1638 922 1673 pompae
948 1627 1137 1662 comitatus
1165 1637 1210 1662 ex
1237 1626 1395 1661 omnium
1421 1627 1583 1662 ordinum
1610 1628 1811 1663 lectissimis
1838 1628 2041 1663 hominibus

251 1692 415 1735 adeoque
440 1689 528 1724 flore
553 1688 665 1723 totius
691 1686 908 1731 reipublicae
934 1686 1104 1730 constitit,
1130 1686 1225 1720 unde
1250 1690 1351 1720 tanta
1376 1685 1589 1730 frequentia,
1617 1689 1786 1729 quantam
1812 1696 1882 1720 non
1908 1692 2041 1721 temere

251 1749 415 1790 vidimus,
442 1746 602 1791 undique
625 1745 715 1789 viae,
741 1755 812 1788 qua
836 1744 1107 1787 incesseramus‚
1135 1744 1314 1788 oppletae,
1339 1748 1378 1778 ut
1396 1743 1588 1778 effusorum
1607 1745 1651 1779 ad
1670 1744 1904 1789 spectandum
1931 1744 2041 1779 homi-

252 1818 336 1842 num
368 1815 539 1841 numerus
573 1802 860 1847 grandiusculam
893 1802 1049 1846 aliquam
1083 1803 1206 1837 urbem
1239 1801 1388 1846 implere
1421 1812 1529 1846 posse
1562 1802 1752 1837 videretur.
1802 1803 1907 1837 Hunc
1931 1803 2042 1838 hono·
2093 1838 2104 1847 ,

252 1875 327 1899 rem
352 1873 437 1899 cave
461 1867 566 1907 putes
591 1861 753 1896 habitum
777 1860 839 1894 uni
865 1870 998 1904 sponso
1025 1869 1263 1904 sponsaeque,
1290 1869 1412 1894 verum
1436 1859 1598 1904 inprimis
1624 1864 1659 1895 et
1684 1860 1783 1904 Tibi,
1811 1861 1914 1905 cujus
1938 1871 2039 1905 prae-

253 1922 364 1957 sentis
390 1919 663 1965 exoptatissimo
689 1922 884 1962 conspectu
910 1927 989 1951 cum
1014 1916 1085 1950 frui
1110 1916 1213 1951 nobis
1239 1916 1337 1951 haud
1361 1917 1512 1962 licuerit,
1539 1917 1665 1952 saltem
1690 1918 1726 1952 in
1751 1918 1821 1953 tuis
1846 1919 2042 1954 necessitu-

254 1977 395 2014 dinibus
421 1977 717 2022 imaginibusque,
742 1975 817 2010 filia
833 1975 979 2019 inquam
997 1984 1140 2019 sponsa,
1167 1985 1259 2018 quae
1284 1975 1321 2008 in
1339 1975 1509 2010 comitatu
1534 1975 1685 2010 femineo
1711 1976 1808 2010 volut
1833 1977 1926 2011 inter
1941 1977 2042 2021 ignes

252 2039 356 2073 Luna
380 2037 534 2072 minores
561 2035 758 2078 effulserat,
784 2034 941 2077 itemque
966 2032 1088 2076 fratre,
1117 2043 1250 2075 sorore,
1278 2032 1362 2078 filio,
1389 2043 1478 2077 quos
1504 2033 1582 2068 aliis
1601 2034 1662 2068 alii
1685 2039 1785 2078 nutu,
1812 2034 1922 2078 digito
1939 2045 2040 2069 mon-

253 2097 417 2132 strabant
440 2095 512 2139 alii,
538 2099 573 2130 te
594 2092 857 2138 jucundissime
883 2090 1113 2135 contemplati
1141 2101 1276 2126 sumus.

391 2154 421 2188 A
446 2163 548 2187 sacra
573 2150 788 2188 solennitate
819 2149 998 2193 digressos
1035 2149 1234 2184 convivium
1269 2149 1427 2194 excepit,
1461 2150 1607 2194 opipare
1641 2151 1747 2194 satis,
1782 2156 1821 2186 ut
1845 2157 2045 2197 temporum

254 2212 410 2248 conditio
435 2211 586 2255 ferebat,
612 2211 838 2251 instructum,
864 2206 909 2240 ad
934 2206 1025 2240 haec
1051 2207 1191 2242 duabus
1216 2206 1289 2240 vini
1305 2206 1491 2242 nobilioris
1509 2208 1689 2252 amphoris
1715 2210 1760 2244 ab
1779 2209 1937 2254 ampliss.
1955 2212 2044 2255 reip.

254 2271 465 2315 magistratu
490 2269 628 2304 muneri
655 2267 747 2303 datis
773 2266 998 2307 honoratum,
1025 2269 1061 2299 et
1085 2264 1181 2308 quod
1199 2268 1307 2309 caput
1325 2268 1390 2309 est,
1415 2264 1618 2308 frequentia
1644 2267 1871 2302 convivarum
1896 2268 2046 2304 ornatis-

255 2329 424 2364 simorum
449 2328 599 2363 illustre.
648 2327 725 2362 Nec
756 2322 947 2368 quicquam
984 2323 1029 2358 ad
1054 2322 1274 2358 hilaritatem
1306 2322 1376 2357 nisi
1399 2323 1535 2358 musica
1567 2322 1698 2368 defuit,
1731 2324 1786 2358 cui
1809 2324 1883 2368 jam
1908 2325 2045 2369 pridem

256 2390 312 2421 est
337 2396 417 2421 cum
442 2385 584 2429 publice
610 2382 792 2418 silentium
817 2381 1084 2426 imperavimuS,
1110 2392 1154 2416 ne
1180 2381 1318 2417 scilicet
1342 2381 1580 2416 Hannibalem
1605 2382 1753 2425 imitati,
1782 2382 1865 2417 dum
1890 2383 2044 2428 publicis

256 2443 417 2479 cladibus
442 2441 702 2477 illacrimantur
727 2439 798 2482 alii,
827 2440 893 2474 soli
918 2439 1035 2474 ridere
1062 2438 1255 2474 videamur.

395 2501 561 2536 Ceterum
585 2499 654 2534 hoc
678 2498 798 2533 nobile
822 2496 1130 2542 neonymphorum
1155 2496 1304 2532 invicem
1333 2497 1657 2532 amantissimorum
1681 2509 1747 2542 par
1771 2499 1806 2532 in
1832 2500 1923 2534 viam
1950 2512 2045 2536 nunc

256 2571 424 2606 pronum,
459 2557 602 2604 quando
634 2567 705 2592 non
741 2556 824 2591 licet
849 2554 927 2590 aliis
953 2554 1098 2598 officiiS,
1134 2554 1261 2590 saltem
1292 2555 1407 2600 plenis
1440 2556 1556 2590 omine
1590 2555 1684 2591 bono
1716 2557 1807 2592 votis
1832 2568 2043 2603 prosequor,

256 2621 374 2654 Deum
399 2628 443 2653 ex
469 2617 585 2653 animo
612 2618 879 2660 comprecatus,
916 2617 956 2648 ut
981 2623 1043 2648 eos
1077 2623 1142 2657 per
1176 2613 1266 2648 haec
1297 2613 1429 2649 infesta
1459 2613 1587 2648 itinera
1611 2618 1813 2650 sanctorum
1839 2617 2043 2658 angelorum

257 2687 401 2711 suorum
426 2674 606 2720 praesidio
631 2684 703 2708 non
721 2677 820 2707 tutos
838 2671 954 2714 modo,
982 2670 1045 2706 sed
1063 2676 1098 2705 et
1115 2681 1261 2706 securos
1278 2675 1449 2716 praestet,
1478 2671 1594 2707 salvos
1612 2672 1878 2718 incolumesque
1897 2678 1932 2708 et
1948 2686 2043 2711 nunc

260 2734 401 2768 domum
426 2732 619 2777 perducat,
653 2734 688 2765 et
713 2729 797 2765 olim
821 2728 1026 2764 academiae
1051 2732 1195 2764 nostrae
1219 2729 1401 2772 restituat,
1436 2735 1472 2766 et
1497 2739 1535 2763 se
1561 2734 1596 2764 et
1620 2740 1748 2774 magno
1772 2730 1835 2766 illo
1861 2731 2042 2776 Kepplero

260 2791 366 2834 digna
389 2790 513 2826 sobole
542 2790 668 2825 beatos
693 2788 860 2832 omnique
885 2787 1117 2822 maximarum
1150 2787 1362 2823 felicitatum
1394 2799 1524 2832 genere
1556 2800 1662 2833 quam
1693 2791 1891 2835 largissime
1918 2802 2041 2827 cumu-

258 2849 351 2884 latos
377 2848 518 2884 efficiat.
569 2848 649 2883 Tibi
674 2857 770 2893 vero,
796 2846 858 2881 Vir
884 2856 1030 2890 summe,
1057 2846 1100 2880 de
1126 2846 1189 2881 tali
1213 2858 1344 2891 genero
1369 2848 1504 2892 talique
1529 2847 1613 2891 filia,
1640 2847 1766 2892 quales
1790 2857 1835 2882 ne
1859 2849 2041 2893 conceptis

261 2905 405 2949 quidem
430 2905 522 2940 votis
547 2910 672 2951 optare
697 2904 864 2940 meliores
889 2913 1012 2948 queas,
1040 2904 1218 2950 animitus,
1245 2909 1285 2940 ut
1310 2905 1417 2940 verbo
1445 2906 1557 2941 dicam
1583 2905 1710 2949 omnia,
1737 2906 1953 2949 gratulor.
1967 2907 1995 2951 ⁸)

397 3044 429 3088 >⁵⁶)
454 3048 741 3086 Berneggerns
767 3047 1003 3080 Schickardum
1027 3048 1079 3078 his
1103 3048 1299 3078 invitaverat
1323 3048 1367 3079 ad
1392 3048 1524 3090 nuptias
1549 3047 1726 3077 Bartschii:
1758 3047 1792 3079 S.
1820 3047 1855 3081 P.
1876 3048 1917 3083 D.
1945 3050 2039 3082 Salve

263 3091 442 3132 plurimum
465 3093 751 3125 Excellentissime
776 3096 822 3125 mi
839 3095 1048 3126 Schickarte.

267 3136 269 3139 '
403 3139 499 3184 Quod
523 3139 627 3180 vides,
653 3141 803 3176 invitaris
828 3141 872 3174 ad
898 3142 1032 3186 nuptias
1058 3140 1178 3179 egregii
1202 3141 1265 3171 viri
1289 3140 1332 3173 D.
1357 3140 1392 3172 J.
1407 3137 1583 3182 Bartschii,
1607 3138 1727 3170 medici
1751 3143 1781 3172 et
1806 3142 2039 3186 mathematici,
