2157 3398
281 166 366 210 578
693 165 931 204 Summarium
956 168 1138 204 Historiae
1163 168 1419 205 Astronomiae
1445 169 1567 207 seculo
1589 170 1686 209 XVI.

280 285 519 330 inquiruntur,
549 294 660 330 „quas
675 295 741 329 per
758 295 855 331 eum,
883 285 943 330 qui
960 296 1024 331 per
1040 285 1143 330 polos
1169 290 1224 321 est
1249 286 1373 322 circuli
1397 287 1559 323 inclinati
1584 292 1620 323 et
1644 288 1689 323 ad
1713 293 1832 324 rectos
1857 289 2008 335 angulos
2034 290 2077 336 ei,

282 344 343 388 qui
367 354 433 388 per
455 343 611 378 medium
637 343 816 386 signorum
841 349 896 378 est
922 344 1141 389 descriptus,
1176 345 1372 380 maximum
1397 346 1569 382 circulum
1592 347 1864 390 ratiocinamur,
1900 348 1946 383 ad
1972 359 2078 392 quem

279 404 475 439 secundum
508 402 733 437 latitudinem
769 402 941 436 transitus
975 402 1255 439 considerantur.
1311 404 1377 438 His
1410 405 1613 449 praeceptis
1649 405 1705 440 via
1746 407 2076 450 cognoscendarum

275 462 449 507 cujusque
474 460 702 496 latitudinum
727 460 942 503 aperietur“.
991 460 1081 494 Rem
1111 460 1241 496 clarius
1275 462 1434 506 explicat
1462 463 1585 498 addita
1619 463 1876 510 delineatione,
1909 465 1977 500 hac
2001 464 2075 499 fere

276 522 414 556 ratione
439 530 544 554 usus:
578 518 640 552 AB
665 517 711 552 sit
741 518 853 553 sectio
880 518 1076 552 communis
1110 518 1247 554 zodiaci
1281 525 1316 555 et
1342 520 1464 555 circuli
1498 521 1544 556 ad
1570 526 1690 557 rectos
1716 521 1867 567 angulos
1893 523 2076 567 signorum

276 579 420 621 circulo,
449 578 508 612 CD
534 575 694 620 ejusdem
721 586 800 610 cum
826 581 992 610 eccentro
1019 576 1211 620 cujuslibet
1237 578 1344 613 trium
1370 579 1595 622 superiorum
1612 579 1838 623 planetarum
1863 580 1986 624 sectio,
2011 590 2078 625 per

1245 637 1419 672 maximos
1453 638 1633 673 austrinos
1665 642 1701 672 et
1732 638 1897 675 boreales
1932 640 2074 683 limites,

1246 694 1277 728 Ε
1306 701 1467 729 centrum
1500 696 1658 740 zodiaci,
1693 694 1793 731 FEG
1821 697 1941 741 magni
1977 698 2074 733 orbis

1245 753 1379 788 Terrae
1410 754 1614 793 dimetiens,
1652 754 1684 788 D
1715 753 1868 789 latitudo
1903 755 2073 799 austrina,

1246 812 1271 845 C
1297 811 1461 847 borealis.
1512 812 1569 846 Ex
1596 811 1678 847 dato
1714 812 1844 856 angulo
1869 813 1962 848 BGD
1982 814 2074 857 (ma-

1244 871 1340 905 xima
1365 870 1424 905 lat.
1451 871 1581 914 austr.)
1607 876 1642 904 et
1667 871 1807 905 ratione
1833 871 1899 905 EG
1925 871 1969 905 ad
1993 872 2072 915 ΕΙ),

1244 929 1407 972 provenit
1423 928 1575 972 angulus
1595 928 1691 962 GED
1704 929 1719 972 (
1721 928 1904 963 inclinatio
1920 929 2075 963 eccentri

1244 986 1397 1021 maxima
1436 986 1597 1020 austrina
1629 986 1674 1020 ad
1714 985 1851 1021 zodiaci
1890 985 2073 1031 planum);

1244 1045 1350 1078 simili
1380 1044 1518 1079 ratione
1551 1044 1657 1080 datur
1688 1044 1843 1088 angulus
1866 1045 1965 1079 DFE
1999 1045 2075 1087 (mi-

1244 1103 1339 1137 nima
1356 1102 1539 1137 inclinatio
1561 1103 1749 1145 austrina).
1776 1101 1864 1136 Inde
1883 1102 2074 1137 eliciuntur

1244 1162 1367 1206 anguli
1392 1161 1484 1195 AFC
1510 1165 1546 1195 et
1571 1161 1682 1204 EGC,
1712 1161 1794 1204 „qui
1819 1160 1849 1195 si
1875 1161 2073 1195 observatis

1243 1220 1507 1263 consenserint,
1542 1229 1606 1252 nos
1632 1218 1775 1252 minime
1801 1228 1940 1253 errasse
1965 1218 2073 1262 signi-

1242 1279 1412 1313 ficabunt.
1477 1276 1832 1321 Exeuiplificabimus
1874 1280 1995 1310 autem
2029 1275 2073 1310 de

1241 1336 1375 1370 Marte:
1414 1336 1578 1379 Angulus
1611 1336 1706 1370 BGD
1734 1350 1778 1364 Ξ
1806 1335 1846 1369 6⁰
1878 1335 1952 1376 ὅθ’,
1990 1334 2074 1369 inde

1070 1430 1077 1438 X
1244 1393 1340 1427 GED
1367 1409 1410 1423 τ.
1431 1393 1522 1428 CEF
1541 1408 1587 1422 =
1608 1394 1644 1427 1o
1668 1394 1723 1426 51¹
1749 1392 1833 1435 fere,
1860 1396 1896 1426 et
1921 1393 2073 1435 angulus

1079 1440 1124 1505 *xx
1245 1452 1336 1486 CFA
1363 1467 1408 1481 Ξ
1433 1452 1473 1486 4⁰
1499 1452 1571 1490 30¹,
1596 1451 1773 1486 existente
1800 1451 1946 1494 planeta
1970 1461 2074 1485 acro-

1243 1509 1372 1554 nycho.
1421 1509 1590 1544 Similiter
1615 1510 1651 1543 in
1677 1509 1842 1553 opposito
1869 1509 1963 1552 Ioco,
1990 1509 2073 1543 dum

1243 1579 1321 1603 cum
1348 1568 1430 1603 Sole
1457 1568 1583 1613 currit,
1617 1569 1647 1602 si
1680 1567 1955 1603 assumserimus
1976 1567 2071 1601 DFE

1243 1641 1288 1656 =
1305 1628 1348 1668 5¹,
1373 1637 1417 1661 ex
1436 1627 1500 1660 DE
1528 1632 1563 1660 et
1588 1626 1651 1661 EF
1678 1626 1771 1661 datis
1796 1625 1969 1660 lateribus
1995 1636 2075 1660 cum

1243 1684 1374 1728 angulo
1401 1684 1510 1728 EFD,
1546 1685 1757 1719 habebimus
1783 1684 1883 1718 EDF
1916 1689 1952 1718 et
1977 1689 2074 1718 exte-

1174 1734 1179 1765 ¹
1246 1742 1376 1777 riorem
1400 1743 1500 1776 DEG
1519 1758 1563 1772 Ξ
1582 1743 1615 1778 9’
1648 1753 1760 1786 prope
1786 1743 1951 1777 minimae
1975 1742 2075 1777 incli-

1244 1801 1418 1845 nationis,
1453 1800 1513 1844 qui
1538 1801 1644 1835 etiam
1670 1802 1807 1845 aperiet
1839 1801 1942 1836 nobis
1969 1801 2074 1846 CGE,

1242 1859 1374 1894 boreae
1398 1859 1610 1902 latitiidiniS‚
1638 1870 1755 1904 scrup.
1781 1870 1894 1904 prope
1913 1861 1944 1894 (3.
1988 1860 2074 1893 Cum

1244 1928 1328 1961 ergo
1354 1918 1584 1961 rejecerimus
1603 1917 1784 1951 minimam
1808 1917 2073 1951 inclinationem

1245 1986 1265 2010 a
1291 1976 1455 2019 maxima,
1483 1977 1516 2010 h.
1538 1986 1567 2009 e.
1588 1976 1621 2010 9¹
1647 1976 1690 2009 ab
1712 1976 1749 2008 1⁰
1767 1977 1835 2015 51¹,
1860 1974 2075 2017 relinquitur

1247 2035 1284 2067 1⁰
1311 2034 1386 2077 41²,
1419 2038 1544 2076 estque
1570 2032 1710 2066 libratio
1743 2032 1851 2076 hujus
1876 2031 2075 2066 inclinatio-

1246 2090 1300 2124 nis
1328 2096 1362 2124 et
1389 2090 1532 2125 dimidia
1559 2101 1676 2135 scrup.
1710 2090 1774 2137 505
1803 2091 1911 2125 feref·
1964 2089 2075 2125 Simili

1247 2148 1352 2182 modo
1371 2149 1520 2183 aliorum
1539 2149 1691 2184 duorum
1709 2149 1936 2193 superiorum
1953 2148 2075 2193 anguli

1247 2207 1518 2242 inclinationum
1543 2218 1623 2242 cum
1650 2207 1902 2242 latitudinibus
1928 2207 2073 2242 eliciun-

1245 2268 1320 2299 tur:
1349 2265 1448 2299 Jovis
1473 2265 1656 2299 inclinatio
1683 2265 1837 2299 maxima
1864 2266 1900 2301 1⁰
1918 2266 1986 2310 42¹,
2010 2266 2072 2299 mi-

1246 2323 1340 2357 nima
1366 2324 1404 2357 1⁰
1434 2325 1504 2363 1-3‘3
1543 2324 1688 2358 Saturni
1712 2325 1752 2359 2⁰
1778 2324 1834 2360 44¹
1869 2328 1905 2358 et
1940 2324 1980 2358 2⁰
2004 2324 2072 2368 16‘,

1248 2386 1305 2422 „et
1331 2382 1520 2416 abscessus
1545 2381 1743 2416 latitudinis
1769 2392 1788 2415 a
1807 2381 1990 2426 signorum
2007 2381 2072 2416 cir—

1245 2439 1324 2474 culo
1352 2440 1497 2474 Saturni
1521 2439 1561 2473 3⁰
1586 2440 1629 2483 3⁴,
1654 2439 1754 2474 Jovis
1777 2442 1812 2475 1⁰
1830 2442 1896 2475 6⁴⁴⁴.
1933 2441 2072 2476 Eadem

1243 2499 1380 2533 ratione
1405 2498 1478 2542 agit
1504 2498 1720 2542 Coperuicus
1748 2499 1791 2534 de
1822 2499 2071 2534 latitudinibus

275 2552 501 2596 planetarum
526 2555 746 2599 inferiorum,
772 2567 860 2600 quas
885 2557 999 2592 tribus
1026 2557 1110 2592 dicit
1127 2557 1308 2591 involutas
1326 2567 1405 2591 esse
1423 2556 1705 2600 evagationibus,
1732 2567 1823 2599 quae
1841 2556 2072 2601 appellantur

277 2612 477 2655 declinatio,
504 2613 697 2658 obliquatio
724 2618 759 2648 et
784 2615 946 2660 deviatio,
974 2620 1009 2649 et
1033 2615 1184 2650 redeunt
1211 2614 1256 2649 ad
1281 2614 1508 2649 latitudinem
1535 2615 1817 2659 geocenfflcam,
1842 2614 2069 2650 heliocentri-

275 2680 351 2704 cam
376 2675 411 2705 et
435 2682 523 2715 eam,
550 2682 656 2716 quam
682 2671 844 2707 effectam
871 2678 993 2707 censet
1011 2673 1228 2717 Coperuicus
1248 2683 1291 2707 ex
1310 2673 1529 2708 involutione
1547 2673 1762 2707 circulorum
1789 2672 2069 2707 ecccntricorum

276 2738 361 2761 cum>
380 2730 558 2773 epicyclis.
610 2730 676 2764 Hic
702 2741 843 2774 quoque
868 2730 961 2766 sicut
985 2730 1023 2765 in
1047 2731 1224 2774 prioribus
1252 2731 1555 2775 deprehendimus
1583 2731 1819 2775 Coperuicum
1844 2731 2068 2765 insistentem

273 2786 430 2829 vestigiis
455 2787 663 2832 Ptolemaei,
689 2799 710 2823 a
736 2800 805 2832 quo
832 2800 938 2832 quam
955 2790 1098 2825 minime
1115 2788 1356 2824 recedendum
1375 2800 1455 2824 esse
1475 2794 1606 2824 censet.
1652 2789 1780 2824 Editor
1800 2789 1918 2833 operis
1938 2789 2068 2833 Coper-

273 2843 360 2886 nici,
386 2844 555 2879 Nicolaus
582 2846 786 2891 Mullerius‚
822 2847 867 2881 ad
893 2852 1001 2891 caput
1025 2847 1189 2882 ultimum
1215 2847 1296 2882 libri
1322 2848 1380 2883 VI.
1408 2858 1453 2883 ex
1477 2847 1627 2890 tabulis,
1662 2857 1752 2891 quas
1776 2847 1926 2882 inseruit
1951 2846 2068 2881 textui

276 2900 503 2946 Coperukms,
529 2913 679 2947 sequens
709 2905 950 2950 „exemplum“
979 2906 1102 2949 adjicit
1126 2911 1184 2949 ut,
1219 2906 1380 2950 quamvis
1406 2906 1611 2942 tabularum
1637 2916 1723 2941 usus
1749 2905 1838 2940 satis
1865 2904 2020 2940 dilucide
2046 2915 2068 2939 a

277 2959 489 3003 Coperrnico
515 2962 688 3004 tradatur,
713 2973 770 2998 res
796 2964 984 2999 dilucidior
1008 2964 1082 2999 fiat.

710 682 774 713 Fig.
795 682 821 707 6.
