2126 3388
931 208 1033 246 1600.
1789 212 1870 258 721

69 331 213 371 salaria
243 330 383 378 aulica,
417 335 460 368 ut
491 329 622 379 audio,
655 328 770 368 valde
802 332 892 367 sunt
923 328 1122 378 impedita.
1186 327 1452 377 Conjiceretur
1485 343 1577 381 ergo
1609 332 1755 372 familia
1786 346 1874 373 mea

69 390 203 429 crebro
243 391 280 426 in
314 389 579 436 difficultates,
625 387 728 438 quod
770 389 880 425 uxori
918 399 1027 425 meae
1066 398 1240 425 summae
1282 388 1460 427 miseriae
1504 391 1624 428 instar
1662 391 1871 432 videretur.

71 450 124 487 At
154 450 185 487 si
217 461 277 486 mc
309 448 486 498 Tycboni
519 449 632 485 certis
665 446 964 494 conditionibus,
998 445 1101 495 quod
1133 445 1318 495 postulat,
1353 447 1603 498 obstringam,
1638 450 1790 488 videtur
1812 463 1872 490 me

71 508 145 544 sibi
177 508 338 544 nimium
371 507 673 556 mancipaturus,
707 504 810 554 quod
842 516 913 543 nec
943 515 1054 542 meae
1085 504 1211 542 famae
1245 503 1434 543 studiisve
1467 507 1697 556 consultum,
1730 521 1801 547 nec
1824 510 1873 548 ad

70 566 339 614 magistratum
371 577 498 602 meum
531 566 705 602 excusari
737 569 881 612 posset.
935 563 993 600 Ac
1023 568 1155 611 posset
1185 562 1283 600 haec
1302 574 1361 601 res
1384 564 1480 602 forte
1503 568 1719 613 praeveniri
1751 568 1874 607 forma

70 625 332 662 concessionis
356 622 646 661 Ordinariorum
667 622 841 672 Styriae‚
875 623 940 670 qui
972 620 1105 669 aliqua
1135 622 1172 657 in
1205 633 1333 658 meum
1365 623 1609 662 commodum
1640 628 1872 675 exciperent.

208 682 291 731 Ego
314 694 418 728 sane,
451 683 481 718 si
515 686 667 731 meopte
699 680 783 718 solo
812 679 959 729 Judicio
982 679 1185 718 decernere
1208 679 1348 718 vellem
1380 680 1501 730 (quod
1524 681 1640 734 nolo),
1674 684 1744 722 lias
1777 697 1873 723 eon-

72 740 237 778 ditioncs
269 745 456 789 peterem:

213 803 245 836 1.
279 798 320 836 Si
353 797 471 836 vellet
510 809 604 835 uxor
646 808 732 834 mea
764 797 802 833 in
834 795 1032 846 Tychonis
1074 796 1238 834 aedibus
1272 796 1466 844 babitare,
1512 804 1553 836 ut
1585 799 1871 849 hypocaustum

73 863 110 896 ct
142 868 334 894 cameram
367 861 405 894 ct
437 855 617 902 culinam,
652 867 768 904 quam
799 866 902 892 nunc
935 861 1128 904 occupant
1159 854 1337 902 studiosi,
1371 867 1448 892 una
1472 868 1557 894 cum
1582 870 1626 896 ea
1649 865 1758 907 parte
1780 871 1874 897 con-

73 916 302 963 tignationis
334 916 406 952 sub
438 920 561 961 tecto,
601 925 700 962 quac
744 918 801 951 est
832 925 949 962 supra
982 912 1018 949 id
1052 914 1360 963 liypoeaustum,
1403 915 1508 963 prius
1543 927 1588 953 ex
1629 920 1731 954 omni
1765 924 1873 966 parte

72 974 121 1012 ad
154 972 354 1012 commode
387 971 642 1011 habitandum
675 973 903 1009 instructum
938 977 975 1008 et
1006 973 1248 1010 macer-iebus
1280 972 1347 1009 ubi
1379 983 1477 1021 opus
1519 979 1577 1011 est
1608 975 1872 1024 interseptuin,

72 1044 119 1070 ne
153 1033 212 1070 cui
245 1031 312 1069 alii
343 1037 477 1081 pateat
508 1031 650 1078 aditus,
684 1030 776 1067 mihi
810 1029 998 1067 concedat
1030 1041 1101 1068 nec
1133 1042 1303 1079 unquam
1325 1041 1385 1067 me
1409 1042 1595 1080 meosque
1619 1033 1706 1071 inde
1731 1035 1872 1083 ejiciat,

74 1096 142 1128 aut
173 1090 272 1128 alios
304 1090 398 1127 milii
431 1089 718 1127 cohabitatores
752 1087 954 1135 obtrudat,
997 1088 1141 1136 donec,
1187 1088 1291 1138 quod
1323 1088 1416 1125 milii
1451 1089 1641 1138 destinat,
1688 1092 1874 1131 conclave

77 1148 331 1188 meridianum
363 1149 477 1186 suerit
509 1148 747 1193 absolutum,
781 1158 857 1183 non
880 1148 1008 1185 minus
1031 1148 1263 1185 habitationi
1287 1152 1420 1196 aptum
1444 1160 1559 1197 quam
1583 1149 1676 1186 illud
1698 1150 1873 1188 alterum.

215 1211 254 1245 2.
286 1204 340 1245 Ut
372 1206 418 1244 de
450 1206 566 1255 lignis
596 1205 690 1243 milii
730 1205 793 1243 vel
827 1207 909 1254 ipse
941 1218 1007 1255 per
1040 1212 1228 1244 aestatem
1260 1207 1491 1254 prospiciat,
1536 1207 1598 1245 vel
1631 1210 1876 1247 caesarianos

73 1264 111 1302 id
144 1264 239 1302 mihi
260 1265 484 1302 confirmare
507 1270 687 1314 procuret
719 1263 835 1313 idque
867 1266 1042 1314 tempori,
1077 1269 1119 1302 ut
1150 1265 1186 1301 in
1211 1264 1336 1302 hieme
1365 1264 1482 1302 aridis
1505 1264 1619 1314 lignis
1642 1267 1877 1306 sufficienter

74 1325 146 1361 sim
180 1325 403 1362 instructus.

212 1386 248 1420 3.
282 1380 334 1420 Ut
366 1387 510 1420 certum
543 1393 681 1430 corpus
714 1380 886 1418 nominet
918 1381 1160 1428 victualium,
1194 1392 1294 1430 quae
1328 1393 1373 1418 cx
1408 1381 1491 1430 ejus
1524 1382 1736 1421 domestico
1770 1395 1879 1422 com-

73 1444 201 1478 meatu
235 1441 428 1488 carnium,
461 1442 636 1490 piscium,
669 1439 900 1485 cerevisiae,
943 1441 1044 1486 vini,
1084 1441 1196 1489 panis
1229 1441 1302 1476 sim
1334 1439 1549 1478 habiturus.
1599 1441 1674 1480 Hic
1707 1442 1877 1491 quidem,

73 1500 184 1549 quasi
218 1500 368 1537 curiose
401 1511 515 1548 agam
548 1506 586 1536 ct
618 1510 711 1536 suae
743 1497 967 1535 liberalitati
1007 1498 1201 1545 diffidam,
1243 1498 1336 1535 mihi
1377 1500 1633 1538 succensebit.
1696 1500 1773 1538 Sed
1806 1513 1878 1550 ego

71 1556 318 1607 generalibus
340 1557 523 1607 pollicitis
545 1568 792 1606 nequaquam
815 1557 1061 1605 acquiescam
1084 1563 1121 1594 et
1142 1559 1296 1594 omnino
1320 1557 1381 1594 liic
1403 1559 1495 1595 certi
1518 1558 1609 1607 quid
1631 1561 1748 1596 statui
1774 1560 1878 1597 volo.

215 1620 251 1656 4.
284 1614 336 1654 Ut
368 1621 639 1666 praeterquam
673 1616 945 1653 astronomicis
978 1617 1104 1666 iisque
1135 1616 1365 1654 necessariis
1398 1615 1445 1653 ad
1469 1629 1557 1654 suas
1592 1617 1782 1656 editiones
1803 1630 1878 1656 non

73 1686 134 1712 me
167 1680 312 1713 oneret.

214 1736 250 1771 5.
283 1731 336 1771 Ut
368 1732 515 1770 nullum
550 1744 676 1782 neque
709 1737 860 1781 tempus
895 1743 1020 1781 neque
1053 1733 1235 1770 materias
1256 1732 1473 1770 studiorum
1506 1733 1597 1770 mihi
1630 1734 1880 1783 praescribat,

73 1790 141 1829 sed
173 1791 268 1828 mihi
298 1790 412 1828 fidem
446 1791 601 1836 habeat,
636 1801 908 1840 praeterquam
942 1802 1001 1838 ea,
1034 1802 1135 1840 quae
1168 1792 1204 1827 in
1237 1793 1402 1840 gratiam
1437 1792 1637 1842 Styrorum
1671 1799 1706 1830 et
1739 1794 1770 1830 si
1794 1795 1879 1842 quis

73 1849 261 1887 hactenus
293 1861 402 1888 meus
434 1849 562 1888 fautor
593 1850 676 1898 suit,
712 1848 950 1887 elaboranda
982 1855 1082 1898 sunt,
1117 1849 1212 1887 nihil
1244 1861 1303 1888 me
1327 1852 1511 1900 temporis
1535 1850 1618 1899 ejus
1645 1851 1879 1889 editionibus

74 1908 373 1946 subtracturum.

216 1971 252 2004 6.
286 1965 338 2005 Ut
369 1967 537 2016 Pragam
569 1967 711 2003 iturum
736 1971 772 2004 et
804 1967 835 2003 si
869 1977 943 2015 quo
968 1978 1061 2004 usus
1083 1966 1155 2005 fert
1187 1978 1262 2004 non
1295 1966 1503 2017 impediat,
1537 1967 1651 2006 modo
1684 1979 1730 2006 ne
1764 1968 1881 2005 nimia

75 2025 124 2063 sit
156 2036 276 2063 mora.

213 2083 323 2121 Haec
355 2083 384 2120 si
419 2093 548 2120 coram
587 2087 684 2120 teste
717 2081 932 2129 confirmet,
979 2087 1069 2121 tunc
1109 2095 1179 2133 ego
1227 2083 1272 2122 de
1313 2096 1432 2122 uxore
1472 2084 1702 2123 adducenda
1743 2086 1882 2134 (ipsius

78 2145 206 2179 tamen
240 2141 444 2189 sumtibuS,
478 2140 539 2178 vel
571 2140 694 2189 parte)
729 2141 933 2189 cogitab03
968 2143 1025 2178 sin
1059 2153 1148 2188 non,
1182 2143 1218 2178 in
1253 2142 1422 2192 Styriain
1455 2144 1504 2180 ad
1537 2156 1644 2181 meos
1675 2143 1822 2182 redibo.

218 2205 253 2238 7.
287 2198 340 2238 Ut
372 2210 440 2248 pro
473 2199 664 2248 qualitate
698 2209 842 2246 eorum,
877 2211 977 2248 quae
1011 2200 1216 2238 effecturus
1249 2212 1346 2249 sum,
1382 2204 1537 2239 omnino
1560 2208 1688 2240 tamen
1711 2202 1882 2251 aliquam

76 2259 281 2308 pecuniam
314 2258 483 2296 redituro
515 2259 551 2294 in
585 2257 753 2308 Styriam
785 2258 1021 2306 suppeditet.

219 2321 256 2355 8.
290 2316 386 2355 Cum
419 2317 455 2352 in
490 2316 650 2353 inultam
692 2327 809 2364 saepe
843 2321 995 2354 noctem
1027 2318 1064 2353 in
1096 2316 1331 2366 Tychonicis
1374 2317 1563 2365 laborem,
1609 2330 1681 2357 nec
1712 2319 1882 2367 stimulo,

77 2374 144 2412 sed
176 2375 282 2414 freno
315 2387 412 2424 opus
445 2374 610 2412 habeam
643 2373 691 2410 ad
725 2374 947 2412 evitandam
969 2375 1162 2424 phthisin:
1197 2381 1286 2424 pcto
1313 2378 1494 2423 vicissim,
1529 2383 1568 2415 ut
1601 2390 1686 2415 cum
1719 2378 1885 2415 interdiu

80 2438 236 2482 propter
268 2433 478 2471 incidentia
511 2432 723 2470 domestica
765 2445 852 2471 mea.
882 2435 1040 2482 negotia
1082 2433 1272 2471 interdum
1306 2440 1343 2473 ct
1375 2447 1459 2473 raro
1492 2435 1648 2485 quidem
1681 2438 1718 2473 in
1753 2437 1884 2474 urbem

83 2502 260 2540 egressus
292 2491 412 2538 suero,
445 2503 491 2529 nc
525 2491 573 2527 D.
606 2490 742 2540 Tycho
776 2503 817 2529 se
850 2491 1068 2529 defraudari
1101 2497 1224 2540 putet.

221 2554 257 2589 9.
290 2549 330 2587 Si
364 2548 456 2598 quid
489 2549 644 2598 publice
688 2549 760 2586 sub
799 2561 883 2587 mco
916 2551 1071 2588 nomine
1104 2549 1165 2587 cdi
1199 2550 1386 2594 voluerit,
1432 2551 1469 2588 id
1508 2557 1598 2601 peto
1643 2563 1710 2601 per
1753 2562 1885 2588 omnes

84 2609 214 2657 apices
247 2609 300 2644 ita
334 2607 584 2655 relinquatur,
618 2608 672 2644 uti
706 2607 797 2644 mihi
831 2607 964 2645 audito
999 2614 1035 2645 ct
1069 2620 1238 2657 expenso
1272 2609 1319 2646 D.
1353 2609 1551 2659 Tychonis
1579 2610 1728 2659 judicio
1762 2611 1886 2646 visum

82 2666 214 2714 suerit3
250 2667 307 2702 sin
342 2670 491 2702 autem:
525 2677 662 2702 nomen
697 2677 823 2702 meum
856 2667 1130 2714 supprimatur.

225 2728 290 2761 10.
325 2723 458 2760 Liceat
491 2723 583 2759 milii
617 2735 787 2760 mensam
820 2724 868 2759 D.
904 2724 1110 2762 Coraducii
1142 2723 1325 2762 accedere
1368 2725 1499 2773 ibique
1543 2730 1781 2774 pernoctare.
1843 2723 1888 2760 Id

84 2787 215 2820 autem
246 2782 314 2819 fiat
345 2780 465 2818 salvis
498 2781 562 2827 iis,
606 2792 706 2829 quae
737 2782 950 2829 praemissa
982 2787 1082 2818 sunt.
1146 2782 1261 2818 Dabo
1296 2793 1465 2830 operam,
1499 2788 1540 2819 ut
1572 2794 1671 2830 quae
1704 2787 1806 2819 tecta
1837 2782 1886 2820 D.

84 2839 219 2890 Tyclio
260 2839 426 2877 voluerit
466 2839 520 2876 ibi
560 2844 729 2875 tractans
768 2843 869 2875 tecta
910 2839 1088 2880 habeam.
1160 2839 1245 2876 Nisi
1286 2841 1384 2877 enim
1418 2852 1440 2876 a
1474 2840 1522 2876 D.
1557 2839 1772 2877 Coraducio
1813 2840 1891 2878 ali-

87 2898 179 2947 quid
211 2900 328 2936 etiam
362 2896 521 2935 accedat
553 2896 695 2942 salarii,
731 2901 830 2933 certe
865 2895 910 2933 de
944 2896 1119 2933 ducentis
1151 2897 1306 2933 florenis
1339 2898 1470 2935 vivere
1501 2908 1575 2934 non
1609 2909 1780 2946 possum.

230 2961 294 2996 11.
329 2956 405 2993 Pro
438 2955 512 2992 hac
544 2966 661 3003 opera
694 2954 741 2991 D.
776 2953 912 3003 Tycho
945 2954 1163 2991 numerabit
1194 2954 1285 2991 mihi
1320 2954 1368 2992 ad
1401 2955 1574 3004 singulas
1606 2957 1696 2992 anni
1729 2961 1889 3005 quartas

90 3013 375 3064 quinquaginta
407 3014 584 3059 florenos,
619 3013 674 3049 uti
709 3012 860 3057 obtulit,
895 3016 931 3049 et
964 3011 1119 3060 quidem
1151 3023 1272 3061 usque
1305 3012 1353 3050 ad
1386 3014 1600 3062 proximam
1633 3014 1890 3052 Pentecosten

90 3082 175 3109 eam
206 3084 422 3120 summam,
455 3083 554 3120 quac
587 3071 636 3108 ab
669 3081 714 3108 eo
746 3076 919 3119 tempore
952 3081 1028 3118 quo
1060 3070 1136 3107 hue
1166 3072 1255 3107 veni
1288 3082 1411 3120 usque
1452 3071 1500 3108 ad
1532 3071 1788 3111 Pentecosten
1820 3085 1890 3121 pro

89 3133 173 3167 rato
205 3130 418 3169 debebitur.
482 3130 592 3178 Quae
634 3129 780 3166 interea
822 3129 975 3176 accepi,
1017 3139 1093 3165 non
1133 3130 1288 3166 venient
1331 3131 1368 3166 in
1401 3129 1500 3167 hanc
1531 3141 1731 3171 summam.
1791 3131 1891 3169 Nam

93 3198 193 3236 quae
240 3190 277 3224 in
325 3187 536 3226 conductas
582 3186 699 3226 aedes
745 3191 834 3225 sunt
887 3198 1082 3236 expensa,
1128 3188 1379 3226 restituentur
1421 3201 1444 3227 a
1484 3187 1671 3238 Caesare3
1718 3188 1891 3239 reliquos

160 3254 287 3288 Kepieri
304 3254 403 3288 Opera
417 3255 503 3283 vm.
1567 3254 1613 3291 47
