2126 3388
304 197 388 243 758
982 196 1064 233 Vita
1086 195 1238 233 Joannis
1260 195 1419 242 Kepleri.

300 314 527 350 dedicatione
559 322 687 347 munus
722 311 766 347 ab
791 312 1007 357 imperatore
1030 312 1231 357 acciperet,
1264 312 1361 357 quod
1390 312 1446 348 his
1478 311 1627 348 nunciat
1651 311 1836 348 Herwarto
1864 312 1937 357 (10.
1962 314 2087 358 Dec.):

274 375 401 413 vIllud
433 375 528 412 satis
560 373 701 422 hilare,
746 373 850 423 quod
880 373 1013 423 Magn.
1047 374 1154 413 Tuae
1186 378 1224 413 et
1253 375 1303 415 D.
1335 374 1492 412 Pistorii
1523 372 1946 422 commendationibus,
1990 386 2089 423 quae

299 433 483 471 Barwitio
515 431 651 469 sedent
681 434 719 468 in
751 433 946 478 memoria,
980 436 1128 470 tantum
1159 432 1264 481 apud
1286 432 1516 470 Caesaream
1537 431 1787 480 Majestatem
1819 432 1997 469 effectum
2018 437 2087 479 est,

300 496 342 528 ut
372 489 465 527 mihi
495 501 563 538 pro
596 488 840 528 dedicatione
862 491 938 527 mei
959 490 1046 528 libri
1072 494 1150 528 100
1175 490 1313 528 thaleri
1335 491 1411 528 sint
1434 489 1578 527 donati.
1603 517 1611 526 .
1636 518 1644 526 .
1668 519 1677 527 .
1724 489 1932 538 Negotium
1954 489 2089 528 dome-

297 549 434 586 sticum
464 547 580 596 plane
611 549 853 596 negotiosum
887 552 964 595 est,
1008 553 1142 598 utpote
1173 549 1371 587 muliebre.
1432 547 1534 596 Quid
1566 548 1666 586 enim
1708 548 1904 586 turbarum
1941 551 1990 586 15
2024 548 2088 587 vel

301 611 350 644 16
383 605 561 644 mulieres
591 605 641 643 ad
671 617 796 644 meam
828 617 1056 656 puerperam
1087 597 1299 653 vocandae,
1333 607 1514 644 convivio
1547 605 1808 654 excipiendae,
1843 605 2089 645 deducendae

297 668 388 711 ete,
422 663 514 713 quid
546 664 788 712 negotiorum
820 675 895 702 non
928 664 1167 704 exhibeant?
1217 665 1341 702 Natus
1374 664 1474 702 enim
1505 663 1598 700 mihi
1635 662 1782 701 filius
1816 667 1853 702 3.
1886 664 2088 703 Decem-

298 723 433 770 bris,
466 722 686 771 baptisatus
717 721 871 760 nudius.

435 779 662 829 Baptisatus
697 784 733 819 7.
762 780 859 818 Dec.
892 780 930 816 in
962 779 1128 829 collegio
1160 780 1382 819 Weuzeslai
1414 781 1453 816 in
1485 778 1678 817 auditorio
1711 778 1883 828 (nomine
1913 779 2088 819 Fride-

295 838 475 885 ricus),
517 838 571 874 ibi
611 839 712 876 enim
756 850 860 876 eram
891 838 1102 887 inquilinus
1133 838 1181 877 D.
1213 837 1409 876 Reschalii
1441 838 1620 884 rectoris,
1658 849 1682 875 a
1714 838 1985 876 concionatore
2016 840 2087 876 sub

296 900 470 945 utraque.
511 895 691 933 Patrimi:
725 895 824 934 Herr
844 896 988 934 Stcffen
1009 895 1179 945 Schmid,
1209 896 1710 945 Reichspsenuiugmaistcr,
1743 894 1842 933 Hcrr
1864 895 2087 935 Matthaeus

295 954 468 1003 Wagger
506 956 794 1004 (Wackherius),
838 954 1156 993 Reichshofraths
1204 953 1521 1002 Referendarius,
1570 953 1669 992 Hcrr
1720 952 1871 1003 Joseph
1923 953 2085 1003 Hcttlcr,

296 1012 509 1050 Badischer
543 1010 744 1050 Gesanter.

433 1070 582 1108 Thema
612 1070 915 1119 genethliacum:
953 1070 1262 1109 Melancholicns
1293 1074 1331 1108 et
1360 1069 1632 1117 asthmaticus‚
1674 1069 1830 1119 pumilis
1861 1070 1951 1118 erit,
1995 1071 2088 1119 quia

293 1125 347 1180 Q
369 1129 407 1165 in
430 1128 477 1175 [J
512 1133 568 1176 (ζ,
601 1129 664 1176 Δ
693 1125 755 1180 Ἡ,
789 1133 826 1167 et
848 1126 881 1180 ῼ
912 1130 951 1166 in
984 1134 1080 1177 orm,
1113 1125 1198 1179 etis)
1226 1140 1311 1166 cum
1336 1127 1399 1176 Θ.

430 1194 521 1228 Item
559 1194 602 1228 de
642 1193 766 1229 morbo
810 1205 874 1229 suo
910 1195 1055 1230 nunciat
1091 1193 1268 1239 Keplerus
1303 1194 1600 1239 Longomontano
1639 1197 1674 1228 et
1713 1192 1877 1228 Fabricio
1912 1193 2085 1230 scribens:

294 1254 357 1293 Ab
388 1255 497 1292 initio
519 1254 610 1292 anni
636 1258 744 1293 1604
776 1254 871 1293 redii
893 1254 943 1293 ad
963 1255 1128 1294 Martem
1150 1260 1187 1293 et
1210 1255 1495 1293 Commentaria
1515 1255 1662 1304 scripsi,
1696 1259 1735 1293 et
1758 1255 1913 1292 tabulas
1933 1254 2083 1304 Martis,

295 1313 452 1361 adjutus
484 1325 508 1350 a
539 1311 715 1350 studioso
748 1325 854 1361 me03
887 1313 1192 1363 periclitavimus
1224 1314 1340 1351 etiam
1372 1313 1574 1363 physicam
1596 1312 1842 1362 hypothesin.
1894 1312 1927 1351 O
1948 1315 2086 1351 imma-

292 1372 494 1409 nissimum
524 1369 719 1409 laborem!
782 1371 924 1409 Credas
955 1371 1061 1419 mihi,
1096 1371 1328 1420 quadragies
1360 1372 1558 1408 minimum
1590 1382 1661 1408 usu
1696 1372 1812 1418 venit,
1846 1376 1889 1408 ut
1909 1383 1977 1420 per
2002 1376 2077 1410 181

292 1430 397 1468 vices
429 1427 563 1467 eadem
595 1429 770 1478 operatio
803 1429 1075 1468 traduceretur.
1118 1429 1240 1467 Simul
1272 1435 1401 1467 autem
1434 1434 1470 1467 et
1503 1440 1658 1479 operam
1680 1429 1811 1467 liberis
1836 1428 1924 1467 dedi
1943 1431 2085 1479 genui-

293 1499 368 1536 que
407 1486 568 1524 filiolum
600 1485 857 1536 Fridericum3
901 1487 1016 1525 simul
1058 1492 1096 1526 et
1126 1488 1297 1526 bimestri
1339 1492 1512 1537 tempore
1543 1489 1747 1536 aegrotavi
1790 1491 1828 1524 et
1859 1499 1937 1526 una
1967 1498 2085 1538 uxor3

293 1544 411 1583 simul
441 1556 546 1583 nova
575 1544 689 1583 stella
721 1551 854 1583 exorta
887 1547 1160 1595 occupationes
1192 1546 1362 1595 peperit3
1394 1545 1510 1583 simul
1529 1546 1694 1594 migravi
1726 1546 1763 1582 in
1785 1546 1897 1583 nimis
1929 1545 2086 1595 longin-

293 1615 390 1652 quas
421 1602 538 1641 aedes
553 1601 594 1651 ÷÷)
626 1607 664 1641 et
694 1603 799 1641 mille
831 1603 908 1643 alia
937 1605 1094 1653 negotia
1126 1603 1339 1643 domestica
1372 1609 1409 1642 et
1440 1605 1477 1640 in
1500 1603 1667 1653 Styriam
1688 1604 1926 1653 scriptiones,
1958 1605 2087 1643 aulica

292 1673 339 1699 ex
360 1660 601 1710 Tengnaglio
625 1660 751 1699 discas
772 1667 883 1710 peto;
917 1662 1029 1701 credo
1063 1663 1165 1711 quod
1199 1661 1399 1700 dimidium
1431 1663 1615 1711 temporis
1648 1662 1821 1710 eripiant.
1852 1684 1901 1690 —
1925 1661 1970 1699 ln
2001 1664 2086 1712 ipsa

292 1719 546 1768 quadratione
567 1719 764 1757 ovalitatis
785 1732 893 1758 meac
914 1723 963 1765 (in
980 1723 1121 1767 Marte),
1155 1721 1275 1759 infero
1298 1722 1398 1758 enim
1421 1732 1517 1768 eam,
1552 1725 1593 1758 ut
1615 1719 1679 1757 alii
1713 1719 1881 1766 videant,
1915 1726 2082 1769 quantae

291 1777 406 1816 molis
437 1778 562 1825 fuerit,
596 1778 839 1827 importunus
872 1778 1029 1828 quidam
1060 1778 1204 1828 hospes
1235 1790 1303 1828 per
1334 1789 1495 1816 arcanos
1527 1777 1656 1816 aditus
1686 1789 1728 1815 se
1759 1779 1796 1815 iu
1829 1790 1934 1816 meas
1966 1779 2082 1817 aedes

290 1835 422 1873 intulit
453 1847 590 1884 meque
622 1837 863 1885 perturbavit
896 1841 931 1875 3.
966 1837 1061 1876 Dec.
1094 1849 1226 1885 mane,
1259 1839 1413 1875 nomine
1446 1836 1663 1874 Fridericus
1693 1835 1886 1885 Keplerus
1917 1836 2084 1886 Pragae.

291 1893 410 1932 Junio
443 1898 481 1932 et
511 1893 620 1931 ,Julio
653 1894 820 1932 decubui
853 1907 938 1933 cum
969 1906 1102 1945 uxore,
1134 1895 1203 1932 illa
1224 1895 1441 1945 ephemera,
1476 1906 1548 1944 ego
1580 1895 1741 1932 erratica
1772 1899 1811 1933 et
1831 1894 1956 1933 bilosa
1976 1895 2083 1942 febri,
2125 1899 2126 1933 l

292 1957 475 1999 quartum
518 1951 708 1996 recidiva,
751 1963 837 1990 cum
879 1952 1044 1992 subinde
1084 1954 1120 1990 in
1163 1953 1293 1992 diaeta
1331 1964 1544 2003 peccarem.
1615 1956 1682 1990 29.
1720 1951 1818 2001 Maji
1857 1952 1988 2003 adegit
2023 1965 2085 1992 me
2123 1942 2126 2019 j

293 2021 389 2047 uxor
420 2011 710 2060 importunitate
742 2022 823 2058 sua,
857 2015 910 2059 ut,
945 2012 1036 2060 quia
1068 2011 1208 2049 balnea
1238 2011 1388 2059 horret,
1422 2011 1483 2049 vel
1516 2009 1670 2048 tandem
1702 2010 1913 2059 aliquando
1946 2023 2084 2061 corpus
2121 2024 2126 2067 ξ

292 2067 501 2106 abluerem.
540 2068 733 2107 Immersit
763 2080 824 2107 me
857 2071 894 2106 in
927 2069 1076 2108 labrum
1099 2081 1224 2118 aquae
1256 2070 1353 2108 bene
1386 2069 1610 2115 calefactae,
1643 2069 1709 2117 qui
1741 2068 1845 2106 calor
1865 2081 1926 2107 mc
1948 2070 2085 2108 afflixit
2119 2070 2126 2127 l

292 2137 431 2175 meque
476 2128 751 2175 coangustavit
803 2128 904 2165 circa
948 2127 1186 2177 praecordia.
1271 2132 1335 2166 31.
1378 2127 1476 2176 Maji
1519 2128 1702 2176 purgavi,
1750 2139 1796 2165 ex
1842 2138 1946 2166 more
1991 2140 2082 2166 usus

290 2198 569 2234 παγχυμαγωγῳ
601 2183 691 2222 leni.
757 2188 792 2225 1.
825 2184 934 2222 Junii
967 2197 1105 2223 venam
1127 2187 1232 2223 sceui
1254 2187 1390 2224 iterum
1423 2197 1465 2223 ex
1497 2196 1614 2232 more,
1647 2196 1724 2222 non
1755 2190 1915 2234 urgente
1934 2187 2081 2235 morbo,

288 2252 336 2279 ne
368 2243 590 2291 suspicione
623 2242 778 2290 quidem
811 2244 946 2281 morbi.
988 2243 1141 2281 Minuto
1173 2245 1359 2293 sanguine
1398 2244 1495 2281 bene
1535 2243 1654 2281 habui
1684 2254 1752 2292 per
1782 2242 1897 2281 horas
1919 2243 2081 2293 aliquot,

289 2310 450 2348 vespere
488 2300 590 2338 facto
635 2300 799 2338 difficilis
839 2313 899 2339 me
939 2313 1098 2339 somnus
1140 2302 1303 2339 invitum
1334 2303 1373 2338 in
1413 2300 1588 2350 stragula
1629 2301 1814 2350 conjecit,
1855 2303 2082 2351 praecordia

290 2358 663 2406 coangustabantur.
727 2363 762 2396 2.
795 2358 905 2396 Junii
936 2370 1014 2396 non
1045 2360 1193 2407 optima
1224 2364 1467 2408 tempestate,
1501 2358 1629 2397 calida
1660 2364 1808 2407 tamen,
1851 2362 2012 2399 transivi
2041 2362 2082 2397 in

287 2416 476 2454 minorem
507 2416 663 2463 urbem,
705 2420 748 2454 ut
778 2416 872 2454 mihi
903 2417 1041 2455 melius
1083 2422 1184 2454 esset
1224 2422 1331 2455 motu
1372 2428 1456 2456 uso.
1518 2416 1645 2454 Biduo
1677 2417 1751 2455 hoc
1787 2417 1957 2456 rhenano
1989 2420 2080 2456 vino
2111 2401 2115 2461 i

284 2485 470 2523 perquam
513 2485 702 2522 generoso
747 2485 849 2512 eram
882 2486 995 2522 usus,
1038 2475 1105 2513 sed
1146 2474 1193 2513 ad
1235 2475 1351 2524 hujus
1390 2475 1464 2513 diei
1508 2475 1711 2524 prandium
1752 2475 1950 2524 frugaliter
1988 2465 2113 2526 vixi!

287 2532 400 2570 Circa
429 2532 565 2569 horam
596 2543 633 2581 p.
669 2543 718 2571 m.
762 2533 911 2570 tertiam
954 2532 1085 2571 horror
1116 2545 1175 2570 me
1208 2535 1370 2582 excepit,
1405 2534 1494 2571 dum
1528 2533 1683 2570 domum
1715 2533 1927 2582 contendo,
1970 2539 2007 2573 et
2039 2540 2079 2573 nt
2109 2527 2112 2537 '

284 2589 327 2627 fit
357 2589 460 2639 apud
491 2602 552 2627 me
584 2591 622 2626 in
658 2590 837 2628 omnibus
868 2591 1061 2637 febribus,
1096 2591 1292 2629 cerebrum
1324 2592 1485 2630 incaluit
1515 2603 1669 2636 somno,
1709 2591 1872 2630 dormivi
1903 2594 2076 2641 inquiete

286 2653 368 2685 toto
400 2659 498 2697 pene
529 2648 660 2695 biduo,
695 2647 801 2685 nullo
834 2660 927 2686 usus
959 2650 1065 2697 cibo,
1099 2649 1262 2687 subinde
1294 2652 1424 2687 vomui
1457 2649 1574 2687 bilem
1606 2649 1815 2687 admodum
1846 2656 2075 2699 corruptam.

286 2706 547 2757 Paroxysmos
578 2705 705 2744 nullos
726 2706 973 2744 vehementes
994 2707 1124 2745 habui.
1168 2707 1291 2745 Totus
1312 2708 1467 2745 morbus
1491 2709 1527 2744 in
1551 2708 1737 2746 effusione
1758 2708 1846 2745 bilis
1870 2710 1907 2744 iu
1930 2711 2077 2747 ventri·
2102 2715 2107 2771 Ι

287 2763 414 2801 culum
446 2764 529 2802 fuit.
591 2764 736 2802 Triduo
767 2770 867 2813 post,
899 2776 1037 2814 nempe
1070 2770 1106 2804 4.
1140 2764 1261 2813 Junii,
1294 2765 1430 2804 incidit
1459 2777 1537 2803 una
1567 2777 1663 2804 uxor
1694 2777 1780 2803 mea
1810 2767 1847 2802 in
1881 2767 2078 2815 quotidia-

285 2833 376 2859 nam
407 2822 575 2868 febrem,
618 2826 725 2860 tanto
756 2822 1092 2871 periculosiorem,
1127 2823 1230 2872 quod
1263 2831 1364 2862 esset
1394 2824 1568 2873 gravida.
1629 2823 1795 2872 Reliqua
1826 2825 2076 2872 particularia

286 2890 363 2916 non
395 2881 601 2927 annotavi,
645 2882 720 2918 nisi
752 2881 855 2930 quod
887 2881 936 2920 ad
969 2886 990 2919 6
1025 2881 1087 2919 vel
1122 2887 1141 2919 7
1176 2883 1410 2931 septimanas
1443 2883 1685 2920 conflictatus
1717 2893 1764 2919 ca
1794 2893 1889 2921 sum.
1950 2883 2075 2921 Inter-

287 2936 376 2974 dum
411 2942 460 2976 10
494 2937 629 2976 diebus
660 2938 768 2986 liber,
811 2944 853 2976 ut
883 2951 1001 2977 sanus
1034 2939 1223 2987 crederer,
1264 2941 1395 2989 itaque
1426 2952 1499 2978 usu
1531 2941 1610 2977 vini
1643 2938 1691 2977 ad
1722 2940 1953 2978 vomitiones
1987 2941 2074 2978 bilis

286 2994 381 3032 redii
413 3001 451 3033 et
481 2996 529 3034 ad
562 2996 749 3045 horrores,
782 3008 868 3035 cum
899 2997 1053 3036 duraret
1073 2998 1285 3036 obstructio
1305 2998 1397 3038 alvi.
1439 2997 1575 3046 Credo,
1608 3009 1667 3035 me
1689 3009 1734 3036 ex
1763 3008 1894 3036 eorum
1915 3010 2073 3037 numero

423 3107 452 3150 ³²)
477 3108 669 3142 Herwartus
702 3113 874 3154 inscripsit
909 3114 1019 3143 literas
1046 3113 1078 3146 d.
1104 3115 1137 3146 9.
1165 3112 1249 3145 Nov.
1275 3114 1431 3154 scriptas:
1468 3114 1576 3153 „Horu
1602 3111 1766 3155 Khepler,
1798 3114 1832 3144 in
1865 3113 1920 3144 des
1945 3113 2096 3152 Kiinigsf

289 3153 469 3185 Wenzeslai
495 3157 632 3196 collegio
660 3159 721 3197 bey
748 3159 803 3191 der
828 3159 939 3199 Mctzg
963 3158 1146 3193 zufiuden.“
2087 3160 2094 3305 J

2086 3308 2091 3359 l
