2126 3388
925 204 1027 251 1617'.
1781 215 1866 260 849

67 333 270 382 brevitate,
302 343 418 382 quam
449 337 516 372 tua
547 333 640 371 mihi
671 334 796 383 praeit
828 334 1006 383 epistola,
1039 339 1083 374 ut
1112 334 1227 373 rebus
1259 334 1488 373 necessariis
1521 337 1560 373 et
1579 335 1742 385 tempori
1773 345 1868 375 con-

67 391 227 432 sulatur.

205 449 592 499 Prima-Ephemeris
623 449 795 488 nondum
827 455 886 488 est
917 462 1073 499 excusa,
1107 462 1207 500 quae
1240 456 1299 489 est
1327 449 1374 488 de
1396 461 1497 488 anno
1523 454 1646 489 1617.
1678 455 1868 490 currente.

67 507 336 546 Praemittitur
377 507 569 546 dedicatio
610 508 649 547 S.
684 509 724 548 C.
755 506 833 556 Μ’ὶ,
874 510 912 545 111
955 521 1031 558 qua
1074 509 1286 557 indicatur,
1333 508 1427 558 quid
1468 514 1588 547 restet
1617 508 1784 557 laboris,
1826 514 1870 548 ut

67 567 327 604 astronomiae
359 568 611 614 restauratio,
644 579 667 604 a
697 567 884 617 Tychone
916 567 1044 605 Brahe
1076 569 1250 616 incepta,
1284 567 1524 605 absolvatur.
1586 566 1768 606 Succedit
1800 579 1870 606 ex-

66 623 226 673 plicatio
258 623 595 662 fundamentorum
633 624 796 673 calculi,
837 627 877 663 in
909 637 987 674 qua
1018 625 1256 673 ostenditur,
1302 626 1444 674 quibus
1476 626 1513 662 in
1545 627 1698 674 punctis
1730 625 1870 664 calculi

67 684 316 721 astronomici
347 695 370 721 a
401 682 587 733 Tychone
619 683 836 732 discedam3
879 684 1030 722 coelum
1062 696 1110 721 an
1143 683 1262 722 Terra
1293 689 1518 730 moveatur,
1561 683 1635 722 hoc
1674 684 1760 723 loco
1792 695 1870 722 non

69 742 289 789 quaeritur,
332 742 534 789 utriusque
577 740 735 789 quidem
777 743 992 780 sententiae
1031 753 1100 791 pro
1132 753 1171 779 re
1203 747 1296 779 nata
1337 741 1379 778 fit
1410 743 1554 779 mentio
1592 741 1710 779 semel
1752 748 1870 792 atque

68 801 221 845 iterum,
254 798 321 837 sed
355 811 401 836 ea
433 805 582 836 tantum
615 799 801 837 historica
831 799 894 837 vel
926 799 1190 849 hypothetica,
1222 811 1298 837 non
1332 801 1534 837 assertiva.
1574 799 1649 838 Hic
1666 800 1747 849 jam
1770 801 1870 839 duae

66 858 233 906 paginae
274 862 362 894 sunt
404 869 582 896 excusae.
644 857 688 894 In
720 857 795 896 fine
835 860 1077 896 examinatur
1108 857 1250 906 dogma
1291 857 1393 895 Dav.
1426 858 1617 905 Fabricii,
1660 860 1871 897 astronomi

67 915 195 962 Frisii,
230 914 276 953 de
308 915 558 964 ampliatione
591 915 766 954 diametri
798 915 933 954 Lunae
965 917 1003 952 in
1035 915 1245 965 eclipsibus
1277 915 1546 963 luminarium,
1580 921 1618 954 et
1649 916 1720 954 hac
1754 929 1870 956 occa-

67 975 174 1011 sione
205 973 459 1022 respondetur
497 973 546 1012 ad
586 974 665 1012 alia
697 973 889 1023 quaedam
923 974 1076 1023 objecta
1117 975 1217 1023 ejus,
1261 975 1485 1023 praesertim
1527 974 1630 1023 quod
1672 974 1765 1012 mihi
1800 987 1870 1013 ex—

67 1032 278 1081 probravit,
311 1043 371 1070 me
403 1043 479 1069 non
512 1032 656 1070 vidisse
678 1032 913 1071 Mercurium
944 1034 982 1069 in
1014 1032 1116 1079 Sole,
1151 1032 1219 1070 sed
1251 1031 1454 1072 maculam.
1504 1031 1651 1071 Ultima
1683 1033 1766 1082 ejus
1798 1034 1872 1072 ob-

65 1090 183 1139 Jectio
214 1089 286 1128 fuit
318 1089 363 1127 de
395 1096 500 1127 motu
533 1090 694 1138 Terrae,
729 1102 843 1140 quem
875 1090 941 1129 ille
972 1091 1097 1139 rejicit
1129 1089 1241 1128 dictis
1272 1092 1503 1139 scripturae,
1545 1096 1582 1129 et
1612 1102 1672 1129 me
1704 1092 1872 1129 subsan-

67 1153 145 1194 nat,
179 1147 282 1197 quod
315 1150 428 1186 miser
460 1147 605 1187 Josuas
638 1155 798 1198 cogatur
829 1160 931 1187 nunc
963 1149 1117 1187 demum
1150 1148 1307 1195 discere,
1340 1160 1418 1186 non
1447 1148 1589 1196 Solem,
1623 1148 1691 1188 sed
1713 1149 1871 1188 Terram

67 1207 232 1245 stetisse.
294 1206 369 1244 Hic
401 1218 472 1256 ego
504 1219 581 1245 non
614 1207 770 1256 quidem
803 1207 1018 1255 dissimulo,
1052 1219 1112 1245 me
1144 1212 1290 1244 motum
1323 1207 1466 1246 Terrae
1498 1207 1722 1255 defendere,
1757 1220 1871 1257 quem

68 1277 183 1303 sensu
203 1265 474 1315 philosophico
498 1272 534 1304 et
562 1266 696 1314 Jocose
730 1266 885 1315 appello
925 1265 1002 1304 Cor
1031 1271 1067 1303 et
1098 1267 1292 1302 Animam
1325 1278 1470 1312 meam,
1505 1271 1542 1304 et
1573 1267 1655 1304 sine
1684 1277 1871 1316 responso

68 1323 208 1372 ablego
241 1325 387 1373 ipsum,
430 1336 626 1372 asserens,
666 1324 866 1373 indignum
900 1335 1003 1372 esse,
1045 1324 1106 1361 his
1139 1325 1374 1372 argumentis
1407 1336 1491 1362 cum
1524 1329 1746 1362 astronomo
1779 1336 1875 1362 con-

67 1381 240 1428 tendere,
282 1381 386 1431 quod
427 1388 583 1432 propter
626 1383 865 1421 delusionem
907 1388 1132 1432 usurpatam
1169 1393 1216 1419 ne
1261 1381 1486 1431 theologum
1527 1382 1683 1432 quidem
1725 1383 1874 1421 deceat.

67 1440 116 1477 Et
148 1441 240 1488 quia
270 1452 338 1490 per
368 1440 484 1478 ferias
515 1441 714 1478 natalitias
756 1441 853 1479 forte
893 1440 989 1477 nibil
1021 1440 1251 1488 excudetur,
1283 1452 1439 1490 possem
1472 1442 1623 1478 interim
1654 1453 1677 1479 a
1707 1441 1758 1481 D.
1789 1441 1876 1479 Tua

67 1497 320 1537 Nobilissima
352 1500 517 1544 moneri,
551 1511 599 1537 an
631 1499 695 1537 hic
727 1499 819 1548 quid
852 1500 902 1537 sit
933 1499 1171 1537 mutandum.
1232 1498 1408 1537 Alterum
1441 1504 1556 1548 caput
1596 1499 1669 1537 feci
1701 1499 1875 1548 explica-

70 1558 214 1594 tionem
247 1568 375 1595 novae
407 1557 551 1596 formae
582 1557 905 1607 Ephemeridum,
952 1563 1086 1607 estque
1125 1556 1210 1595 loco
1254 1558 1515 1595 instructionis
1548 1559 1586 1594 in
1623 1557 1710 1595 aliis
1742 1557 1874 1607 Ephe-

71 1614 284 1653 meridibus
315 1617 502 1665 usitatae3
535 1618 572 1653 in
605 1617 676 1654 hac
708 1621 818 1665 parte
849 1615 998 1666 prolixe
1031 1616 1187 1665 disputo
1219 1621 1352 1654 contra
1383 1627 1527 1654 morem
1559 1615 1727 1654 addendi
1759 1616 1874 1654 horas

68 1678 106 1711 et
136 1675 283 1711 minuta
317 1674 363 1712 ad
397 1674 730 1723 unumquemlibet
760 1680 959 1724 aspectum
990 1674 1124 1712 Lunae
1156 1685 1242 1712 cum
1274 1674 1454 1723 planeta,
1490 1679 1528 1712 et
1558 1674 1630 1712 hac
1671 1675 1875 1712 occasione

70 1730 155 1770 dico
187 1731 319 1781 aliqua
361 1739 497 1770 contra
536 1732 748 1771 doctrinam
791 1733 1040 1781 electionum,
1085 1732 1260 1772 modeste
1293 1738 1421 1772 tamen
1454 1738 1491 1771 et
1523 1744 1609 1770 cum
1649 1734 1875 1782 exceptione

68 1789 314 1838 naturalium,
352 1796 393 1828 ut
425 1793 461 1828 in
494 1791 684 1829 medicina
717 1795 787 1829 etc.

210 1848 436 1898 Ephemeris
469 1849 668 1898 quaelibet
699 1849 817 1888 habet
848 1850 1012 1899 paginas
1047 1853 1092 1896 4,
1133 1850 1259 1898 prima
1288 1849 1368 1887 sere
1407 1848 1588 1898 impletur
1620 1848 1876 1899 descriptione

70 1906 282 1956 eclipsium.
346 1908 570 1957 Ephemeris
603 1909 693 1946 anni
722 1912 844 1946 1617.
878 1908 998 1945 habet
1021 1907 1067 1955 A,
1091 1908 1136 1955 B,
1162 1907 1204 1954 C,
1228 1907 1275 1955 D,
1310 1913 1347 1945 et
1378 1919 1490 1956 spero
1523 1908 1629 1945 brevi
1662 1907 1876 1945 absolven-

71 1965 170 2003 dam.
232 1965 489 2015 premerida
522 1968 612 2004 anni
648 1969 769 2004 1618.
801 1966 923 2004 hahes
952 1966 1047 2015 jam,
1081 1978 1127 2004 ea
1158 1965 1376 2004 absolvitur
1406 1967 1558 2014 paginis
1593 1966 1634 2012 E,
1667 1966 1710 2012 F,
1744 1964 1791 2012 G,
1825 1965 1875 2003 H.

70 2022 182 2062 Ultra
211 2023 384 2061 nondum
417 2030 473 2063 est
504 2036 762 2073 progressum.
815 2024 905 2063 ‚Jam
939 2026 1139 2073 accingam
1172 2036 1233 2062 me
1265 2024 1312 2061 ad
1347 2023 1602 2073 Ephemerida
1625 2025 1716 2061 anni
1753 2028 1875 2071 1619,

70 2094 171 2131 quae
193 2082 351 2120 habebit
373 2082 403 2123 Ι,
427 2083 474 2129 Κ,
500 2083 543 2129 L,
568 2083 621 2120 Μ.
685 2084 733 2120 Et
764 2083 954 2120 absolutis
986 2082 1141 2129 tabulis,
1175 2093 1274 2131 quae
1307 2083 1456 2120 interim
1490 2087 1675 2130 surgunt,
1709 2083 1876 2120 scribam

70 2142 102 2178 si
126 2142 259 2178 vixero
291 2140 388 2178 alias
421 2147 703 2190 consequentes
726 2153 848 2190 usque
872 2141 919 2178 ad
953 2152 1076 2178 annos
1099 2144 1149 2179 50
1172 2141 1334 2188 futuros,
1369 2140 1510 2177 addam
1543 2146 1579 2178 et
1613 2144 1662 2178 37
1689 2152 1877 2178 annorum

71 2205 315 2246 exactorum,
348 2198 416 2236 sed
448 2200 666 2246 breviores,
713 2204 750 2237 et
782 2199 993 2248 adjungam
1027 2200 1321 2237 observationes
1362 2198 1683 2247 meteorologicas
1715 2198 1764 2236 ad
1796 2199 1878 2237 dies

70 2257 245 2306 singulos
277 2269 344 2306 per
377 2262 428 2295 23
463 2268 606 2305 annos,
650 2263 688 2295 et
719 2259 748 2294 si
782 2257 863 2295 fieri
894 2258 1037 2307 poterit
1067 2259 1177 2306 sique
1216 2268 1284 2306 per
1315 2256 1501 2295 haeredes
1534 2256 1677 2295 Brahei
1713 2257 1877 2305 licuerit,

71 2327 264 2365 apponam
298 2317 412 2353 etiam
446 2317 739 2354 observationes
773 2316 972 2354 coelestes.

209 2373 309 2411 Sunt
340 2380 468 2411 autem
502 2374 595 2411 mihi
628 2374 673 2412 de
706 2374 962 2423 Ephemeride
994 2375 1084 2411 anni
1110 2376 1233 2413 1618.
1265 2374 1302 2410 111
1335 2377 1488 2422 promtu
1523 2376 1603 2410 400
1628 2373 1877 2422 exemplaria,

73 2431 141 2469 sed
164 2432 291 2469 habeo
315 2432 555 2470 Francoforti
588 2438 624 2470 et
654 2432 892 2481 Noribergae
920 2432 1001 2479 jam
1032 2431 1249 2469 distributa.
1304 2431 1506 2480 Augustae
1538 2431 1656 2468 habet
1678 2431 1878 2469 Willerius

74 2489 124 2527 ad
158 2494 226 2540 20,
259 2502 358 2539 quae
389 2496 522 2540 posset
553 2492 591 2527 in
623 2490 778 2528 Italiam
811 2492 971 2538 mittere,
1004 2495 1205 2539 praeterea
1236 2489 1365 2526 nullus
1397 2491 1550 2528 mittet..
1584 2492 1645 2534 (nil
1681 2492 1857 2535 sequitur.)

214 2556 313 2599 Quae
338 2556 525 2600 respondit
548 2556 757 2601 Mingonius
784 2556 828 2591 ad
855 2556 919 2591 has
939 2556 1088 2601 Kepleri
1113 2556 1257 2597 literas,
1286 2565 1328 2589 ea
1353 2555 1543 2589 referenda
1569 2560 1652 2590 sunt
1678 2555 1723 2589 ad
1749 2565 1879 2590 annum

71 2618 292 2658 sequentem.
320 2614 465 2648 Interim
479 2614 657 2658 Keplerus
675 2613 901 2658 planetarum
919 2619 1081 2649 motuum
1100 2614 1251 2657 vestigia
1266 2615 1562 2658 persequebatur,
1578 2613 1738 2657 quamvis
1757 2613 1879 2648 multis

73 2673 336 2708 circumventus
362 2672 477 2706 turbis
504 2673 687 2713 (mortuae
714 2671 819 2715 filiae,
845 2677 960 2706 mater
984 2671 1020 2705 in
1046 2672 1316 2716 inquisitione);
1348 2673 1436 2706 Mss.
1462 2671 1718 2705 Pulkoviensia
1743 2670 1879 2713 longio-

72 2741 149 2764 rem
175 2729 346 2765 exhibent
371 2729 657 2774 disquisitionem
694 2734 856 2764 motuum
882 2730 1051 2764 Mercurii
1077 2729 1265 2774 (Octobri),
1303 2740 1369 2771 „ex
1397 2740 1467 2773 qua
1502 2729 1593 2764 duae
1618 2727 1880 2773 Ephemerides

74 2793 158 2824 sunt
184 2790 450 2832 computata0“.

211 2846 400 2889 Privignae
435 2856 529 2880 mors
557 2850 591 2880 et
615 2845 738 2879 matris
773 2854 831 2878 res
862 2844 1017 2878 forensis
1048 2844 1269 2888 impulerunt
1295 2844 1510 2889 Keplerum,
1543 2848 1582 2880 ut
1612 2845 1648 2878 in
1681 2845 1879 2879 Wiirttem-

74 2904 233 2948 bergiam
258 2904 560 2948 proficisceretur.
620 2902 743 2937 Refert
774 2902 852 2946 ipse
876 2902 1016 2937 Wack
1029 2902 1135 2936 hero
1169 2902 1211 2936 de
1243 2902 1312 2936 hoc
1343 2902 1486 2936 itinere:
1525 2900 1767 2949 impulerunt
1817 2912 1879 2938 me

75 2962 206 3009 generi
227 2961 303 2998 mei
324 2960 471 3006 literae,
506 2960 647 3008 quibus
669 2958 765 2995 mihi
787 2962 948 2995 mortem
972 2959 1101 2994 uxoris
1124 2958 1410 2995 acerbissimam
1432 2959 1505 2996 sibi
1528 2957 1736 3007 liberisque
1758 2958 1881 2996 tribus

78 3019 346 3056 communibus
378 3019 589 3064 nunciavit,
622 3029 689 3066 per
722 3017 849 3054 omnia
881 3026 992 3053 sacra
1024 3017 1236 3062 obtestans,
1270 3020 1312 3053 ut
1342 3015 1461 3053 filiam
1493 3016 1567 3054 sibi
1588 3028 1725 3064 meam,
1759 3027 1882 3054 annos

74 3075 156 3124 jam
191 3080 241 3115 15
274 3076 504 3123 habentem,
548 3075 598 3114 ad
637 3076 755 3113 breve
796 3080 946 3123 tempus
993 3072 1252 3111 concederem.
1313 3073 1378 3111 Sic
1409 3075 1526 3123 igitur
1559 3073 1718 3118 Octobri
1750 3085 1881 3112 mense

80 3145 167 3172 cum
207 3134 288 3172 filia
324 3134 519 3183 profectus
567 3145 652 3173 sum
698 3132 864 3172 adverso
904 3132 1088 3170 Danubio
1121 3133 1197 3177 (15.
1222 3133 1297 3169 Oct.
1325 3134 1487 3170 Passavii
1519 3134 1722 3171 observavit
1747 3138 1882 3171 statum

155 3199 257 3234 Opera
274 3201 400 3234 Kepleri
418 3200 502 3228 vm.
1560 3198 1603 3234 55
