2126 3388
897 187 998 225 1600.
1751 190 1835 235 737

42 310 240 346 vecturam
270 317 534 357 personarum,
569 311 622 345 20
655 308 693 344 in
725 307 922 353 viaticum,
958 310 1010 344 40
1043 306 1210 356 amplius
1242 307 1280 343 in
1314 307 1389 346 duo
1412 320 1521 357 vasa,
1554 309 1702 359 repleta
1723 310 1836 348 bonis

42 365 254 403 mobilibus
285 367 368 403 sive
400 365 645 414 supellectili,
679 365 795 415 idque
828 365 1096 403 tantummodo
1128 365 1307 403 Lincium
1338 378 1474 416 usque.
1536 367 1666 407 Taceo
1690 373 1835 418 quanto

39 424 122 472 jam
153 425 191 460 iu
224 435 312 461 acre
344 425 415 461 sim
447 424 615 474 hospitis
646 425 733 462 mci.
783 423 949 462 Restant
968 423 1061 460 mihi
1094 425 1290 473 impensae
1321 435 1399 462 non
1431 425 1573 474 plures,
1608 438 1723 476 quam
1746 428 1836 476 qui-

44 483 116 519 bus
149 482 199 519 ad
230 493 379 519 moram
418 487 584 530 quatuor
623 481 912 520 hebdomadum
946 487 982 519 et
1014 481 1152 520 deinde
1183 481 1232 519 ad
1272 484 1344 520 iter
1384 483 1490 521 aliud
1523 486 1660 533 (breve
1690 484 1837 529 tamen)

44 539 212 588 indigeo.
274 540 381 578 Intra
411 540 483 578 has
527 545 693 589 quatuor
735 539 1001 578 hebdomadas
1033 541 1268 589 exspectabo
1312 547 1494 579 eventum
1524 545 1645 581 nostri
1675 545 1836 594 negotii.

45 599 98 636 At
127 597 249 636 nihilo
281 600 419 645 minus,
453 598 661 637 dummodo
693 610 761 648 per
792 598 1055 636 valetudinem
1095 598 1232 645 liceat,
1276 600 1314 636 in
1346 612 1497 638 omnem
1531 607 1713 640 eventum
1745 602 1838 640 mihi

44 656 148 706 apud
188 657 339 706 legatos
370 658 587 706 principum
627 657 672 695 de
714 656 917 695 commoda
958 656 1177 696 conditione
1217 658 1387 706 legitime
1426 660 1744 710 circumspiciam,
1783 662 1839 699 sic

45 721 188 762 tamen,
220 721 264 752 ut
294 716 326 752 si
359 714 451 763 quid
484 718 631 753 interea
662 715 715 754 M.
749 716 836 752 Tua
868 715 1047 761 effecerit,
1081 715 1120 751 id
1151 720 1288 763 ratum,
1326 722 1455 755 cetera
1485 719 1591 756 irrita
1621 720 1710 756 sint.
1762 717 1839 757 Ubi

46 773 121 811 hoc
152 778 304 822 tempus
349 774 543 811 transierit
583 781 700 821 atque
733 773 787 811 M.
820 773 906 810 Tua
937 772 1193 822 postulaverit
1223 785 1246 810 a
1276 786 1355 821 me,
1397 779 1439 811 ut
1472 775 1616 813 diutius
1648 788 1838 825 maneam,

45 830 85 868 id
115 843 193 870 non
225 831 337 869 aliter
367 831 461 868 mihi
492 832 678 880 possibile
711 837 789 878 est,
832 832 905 868 nisi
938 836 1005 868 aut
1037 832 1223 868 viaticum
1263 832 1356 869 mihi
1388 845 1410 870 a
1442 833 1494 871 M.
1528 834 1614 872 Tua
1644 847 1713 884 pro
1746 847 1840 873 vec-

43 895 130 928 tura
151 895 188 928 et
211 891 316 928 victu
337 891 581 937 restituatur,
615 895 657 927 ut
679 889 754 927 duo
778 901 874 927 vasa
895 901 981 927 mea
1011 888 1087 926 huc
1118 889 1381 937 advehantur,
1415 902 1462 929 ne
1496 904 1596 941 quae
1627 899 1840 932 convasata

46 953 135 985 sunt
165 949 243 985 situ
272 953 444 998 pereant,
477 953 545 986 aut
575 947 629 987 M.
650 948 695 986 T.
717 947 900 997 praedem
931 959 973 986 se
1004 952 1173 996 praestet
1203 959 1271 996 pro
1303 961 1364 986 me
1386 949 1491 998 apud
1521 950 1620 997 illos,
1655 964 1677 988 a
1701 952 1840 1000 quibus

47 1008 267 1044 necessaria
307 1005 402 1043 mihi
439 1006 489 1044 ad
520 1008 664 1044 victum
702 1006 913 1044 co'e'rnenda
954 1011 1055 1045 sunt.
1119 1004 1291 1054 Quorum
1322 1006 1418 1044 illud
1450 1009 1482 1046 si
1512 1014 1746 1057 praestetur,
1789 1009 1840 1048 ad

48 1070 231 1103 semestre
263 1076 406 1114 usque,
447 1065 533 1103 Deo
565 1066 685 1102 vitam
718 1069 978 1114 propagante,
1021 1069 1244 1113 exspectare
1286 1070 1442 1114 potero,
1486 1068 1544 1104 sin
1586 1067 1659 1105 hoc
1696 1073 1838 1115 autem,

48 1124 235 1172 tantisper
266 1122 404 1161 durare
435 1128 565 1172 potest
595 1135 702 1161 mora
732 1135 830 1170 mea,
865 1122 954 1160 dum
986 1122 1024 1159 id
1046 1122 1100 1160 M.
1122 1122 1230 1160 Tuae
1263 1131 1301 1160 et
1332 1123 1585 1163 creditoribus
1612 1125 1840 1164 allubescat.

47 1181 202 1219 Interea
232 1183 472 1219 astronomia
503 1186 541 1219 et
571 1181 724 1219 labores
755 1181 809 1219 M.
833 1180 942 1218 Tuae
973 1185 1104 1219 tantae
1136 1181 1231 1218 mihi
1263 1193 1377 1220 curae
1410 1188 1530 1230 crunt,
1564 1190 1748 1232 quantam
1769 1185 1842 1222 fert

49 1239 233 1278 valetudo
266 1251 366 1278 mea.
429 1239 531 1288 Quin
564 1242 702 1288 etiam,
735 1241 767 1277 si
798 1241 999 1287 negotium
1033 1251 1079 1276 ex
1110 1241 1228 1276 animi
1259 1242 1452 1279 sententia
1484 1243 1587 1291 apud
1620 1242 1713 1280 Ceam
1745 1242 1842 1280 Mtem

49 1297 230 1336 conficias
263 1299 546 1347 viaticumque,
580 1300 635 1336 uti
667 1310 777 1347 spem
805 1298 954 1345 fecisti,
986 1298 1178 1346 impetres,
1212 1298 1261 1335 ab
1294 1310 1339 1336 eo
1372 1311 1560 1338 summam
1593 1312 1699 1349 eam,
1741 1312 1843 1350 quae

48 1358 195 1395 interea
224 1356 317 1394 mihi
349 1355 447 1395 aM.
470 1356 558 1394 Tua
589 1356 834 1394 commodata
862 1356 996 1406 fuerit,
1040 1355 1207 1394 (lenitam
1239 1355 1293 1395 M.
1327 1357 1436 1395 Tuae
1468 1361 1681 1399 restituam.
1742 1359 1844 1407 Quin

50 1417 165 1452 ctiam
198 1414 236 1451 id
268 1416 368 1453 intra
401 1419 425 1453 4
457 1415 695 1464 septimanas
728 1426 886 1464 operam
919 1414 1040 1460 dabo,
1074 1419 1116 1452 ut
1148 1414 1289 1464 aliquis
1321 1416 1421 1453 alius
1453 1417 1546 1454 mihi
1577 1417 1615 1454 id
1647 1417 1843 1465 salarium,

51 1473 155 1521 quod
188 1472 342 1512 Graecii
372 1472 505 1521 habui,
539 1474 575 1509 in
607 1473 682 1511 hoc
713 1473 911 1511 biennium
941 1472 1097 1522 pendat,
1131 1484 1201 1522 pro
1234 1484 1310 1522 quo
1343 1474 1539 1524 obligatus
1571 1475 1627 1512 illi
1658 1477 1743 1524 sim,
1776 1488 1846 1514 ex-

50 1536 137 1570 acto
169 1535 341 1580 tempore
373 1532 412 1567 in
444 1532 528 1580 ejus
560 1533 761 1569 servitium
793 1533 966 1569 transire.

195 1589 329 1628 Habet
358 1591 475 1639 igitur
505 1589 558 1628 M.
593 1590 681 1628 Tua
712 1602 902 1628 summam
933 1589 1180 1627 consiliorum
1203 1601 1387 1639 meorum,
1421 1603 1520 1640 quae
1553 1597 1594 1630 ut
1626 1592 1719 1630 mihi
1740 1594 1846 1643 inopi

53 1652 90 1685 et
122 1647 275 1687 deserto
308 1652 346 1688 et
378 1648 483 1687 exuli
515 1660 592 1687 non
624 1650 662 1686 in
695 1648 868 1698 pejorem
899 1653 1048 1698 partem
1090 1649 1361 1697 interpretetur
1393 1651 1532 1688 obnixe
1564 1662 1670 1700 rogo.
1732 1651 1847 1691 Vale.

1023 1706 1337 1756 Magnificentiae
1370 1713 1407 1746 et
1437 1708 1662 1747 Nobilitatis
1693 1710 1802 1748 Tuae

1267 1765 1572 1805 officiosissimus

1159 1822 1216 1861 M.
1247 1823 1432 1863 Jocmnes
1462 1825 1674 1874 Keplerus.

190 1918 448 1954 Maestlino
475 1918 509 1955 (1.
530 1919 585 1956 16.
602 1919 812 1954 Decembris
839 1919 1023 1953 etiamtum
1040 1919 1178 1963 Pragae
1203 1919 1357 1954 haerens
1383 1918 1493 1955 refert
1510 1920 1709 1966 Keplerus:
1754 1918 1849 1957 Cum

55 1986 116 2012 me
147 1980 338 2023 quartana
366 1977 555 2014 invaserit
584 1978 623 2013 in
656 1978 815 2024 itinere,
848 1975 922 2013 dici
954 1987 1030 2013 non
1063 1981 1212 2025 potest,
1255 1988 1371 2025 quam
1403 1975 1725 2014 melancholicum
1757 1978 1850 2015 mihi

54 2044 329 2082 paroxysmum
362 2035 557 2072 effecerint
579 2040 668 2073 tuac
690 2035 836 2082 literae,
871 2034 975 2083 quod
1009 2045 1161 2072 omnem
1192 2034 1290 2072 adeo
1313 2047 1420 2084 spem
1441 2036 1479 2071 in
1501 2034 1701 2073 academia
1720 2042 1852 2074 vestra

54 2091 302 2140 prociderunt
315 2092 372 2141 ff).
432 2093 531 2130 Nam
565 2093 626 2131 hic
659 2093 810 2143 Pragae
842 2093 975 2130 inveni
1015 2094 1142 2130 omnia
1183 2094 1442 2130 incertissima
1472 2098 1508 2131 et
1542 2093 1587 2131 de
1618 2105 1704 2131 meo
1738 2095 1852 2142 vivo3

54 2149 287 2188 manendum
319 2162 411 2189 vero
444 2151 535 2189 dum
567 2152 838 2190 convalescam
872 2156 939 2189 aut
969 2153 1122 2188 moriar.
1176 2150 1316 2188 Omnia
1348 2150 1564 2200 quadruplo
1598 2157 1687 2190 sunt
1708 2154 1851 2201 preti03

57 2212 206 2245 tantum
238 2211 370 2247 uxoris
401 2220 511 2248 meae
542 2211 708 2258 miseret,
742 2222 858 2259 quam
889 2220 1039 2247 mecum
1069 2209 1209 2248 haheo,
1272 2209 1439 2259 Pragam
1473 2221 1563 2247 vero
1595 2211 1670 2258 ivi,
1715 2216 1781 2248 aut
1812 2216 1855 2248 ut

56 2272 295 2315 praestarem
327 2267 505 2317 Tychoni
538 2268 642 2317 quod
672 2270 853 2317 promisi,
887 2269 919 2305 si
952 2269 1077 2306 victus
1109 2267 1238 2315 detur,
1282 2272 1348 2305 aut
1381 2273 1422 2305 ut
1452 2269 1748 2317 praecipuarum
1781 2269 1854 2306 ob-

0 2363 1 2380 }
59 2327 321 2362 servationum
354 2337 511 2375 compos
553 2326 695 2365 fierem.
759 2326 804 2364 Id
835 2325 885 2364 ad
917 2327 1115 2363 minimum
1157 2337 1282 2375 spero.
1347 2324 1519 2364 Obsecro
1552 2332 1588 2364 te
1622 2326 1855 2376 Praeceptor

59 2382 298 2431 honorande,
332 2386 474 2422 enitere
506 2388 549 2422 ut
579 2385 611 2422 si
645 2397 721 2434 qua
753 2385 923 2423 conditio
955 2383 1059 2433 apud
1090 2395 1161 2422 vos
1193 2388 1318 2430 vacet,
1351 2386 1389 2420 in
1423 2397 1508 2422 eam
1541 2396 1612 2433 ego
1636 2386 1853 2423 succedam.

59 2438 215 2489 Ubique
246 2443 302 2479 ita
332 2454 394 2480 me
424 2454 568 2491 geram,
601 2448 643 2480 ut
673 2448 825 2492 gratum
857 2443 1088 2491 discipulum
1121 2442 1242 2481 decet.
1298 2442 1419 2480 Crede
1442 2443 1547 2490 mihi,
1579 2444 1611 2480 si
1634 2444 1855 2492 Tubingam

60 2505 209 2537 mature
242 2511 398 2547 venero,
431 2500 575 2538 multos
607 2501 811 2551 Styrenses
840 2501 994 2539 nobiles
1026 2512 1071 2539 eo
1104 2505 1318 2545 attraxero
1352 2502 1418 2549 qui
1450 2501 1634 2538 aliorsum
1667 2501 1857 2539 concede-

61 2561 157 2595 rent.
233 2557 368 2607 Tyeho
412 2560 506 2596 mire
551 2558 849 2609 philosophatur
890 2561 951 2605 [de
984 2561 1207 2596 observando
1235 2561 1327 2596 Solis
1365 2560 1524 2604 deliquio
1559 2561 1855 2604 aestimandaque

64 2618 267 2661 quantitate
294 2619 591 2663 obscurationis).
647 2618 938 2655 Demonstratio
961 2620 1080 2656 totius
1100 2620 1156 2656 rei
1177 2629 1263 2655 cum
1294 2619 1344 2655 sit
1375 2616 1537 2666 pulchra
1568 2621 1605 2653 et
1636 2616 1856 2663 artificiosa,

61 2674 215 2712 videtur
245 2674 338 2712 mihi
372 2676 505 2725 digna,
539 2687 656 2724 quain
687 2678 789 2726 typis
821 2676 1011 2714 mandem.
1072 2676 1210 2725 Itaque
1241 2677 1275 2713 si
1307 2677 1356 2713 sit
1387 2673 1679 2724 typographus,
1714 2674 1856 2711 curabo

65 2733 244 2782 imprimi.

201 2793 243 2827 In
268 2791 493 2836 praefatione
527 2791 573 2826 ad
598 2792 756 2827 Tabulas
782 2792 1034 2836 Rudolphinas
1067 2792 1169 2827 dicit:
1227 2791 1338 2828 Anno
1382 2794 1505 2828 1600.
1540 2788 1719 2837 Octobri,
1773 2801 1858 2828 cum

63 2848 145 2897 jam
176 2848 420 2887 discessisset
452 2847 816 2897 Longomontanus,
858 2848 1035 2897 Tychoni
1066 2859 1126 2885 me
1160 2859 1245 2885 cum
1277 2848 1424 2886 familia
1455 2848 1604 2896 Pragae
1634 2849 1714 2885 stiti
1744 2859 1859 2897 prae-

8 2912 11 2947 l
67 2911 235 2955 sentem,
278 2905 348 2944 sed
379 2906 577 2954 inutilem,
619 2908 761 2956 quippe
794 2910 985 2954 quartana
1016 2917 1076 2943 me
1106 2906 1143 2942 in
1177 2907 1311 2943 itinere
1352 2906 1588 2954 corripuerat
1620 2905 1860 2956 detinuitque

201 3021 234 3063 *)
262 3020 401 3059 Qualem
420 3021 590 3052 Maestlini
613 3021 862 3061 responsionem
889 3020 940 3050 his
960 3020 1048 3050 dicat
1065 3019 1243 3060 Keplerus,
1269 3021 1446 3053 nescimus.
1479 3019 1552 3050 Una
1569 3023 1720 3061 superest
1736 3020 1859 3051 Maest-

70 3067 134 3097 lini
158 3069 303 3107 epistola
326 3069 388 3099 hoc
413 3077 498 3098 anno
526 3068 603 3098 data
628 3067 697 3109 (15.
717 3066 818 3109 Jan.)
844 3068 879 3098 in
906 3076 971 3107 qua
996 3067 1037 3097 ad
1063 3068 1293 3108 quaestionem
1318 3067 1455 3108 Kepleri
1482 3067 1521 3097 de
1546 3075 1641 3098 mora
1658 3067 1862 3106 Tubingensi

73 3115 243 3152 respondit
268 3116 310 3152 (v,
336 3124 362 3148 S.
387 3124 421 3155 p.
450 3116 539 3153 708),
565 3116 644 3144 item
668 3124 788 3156 parum
813 3115 977 3155 praebens
1003 3114 1125 3146 solatii.
1173 3113 1256 3144 Eam
1281 3123 1379 3155 quam
1398 3114 1479 3144 dicit
1494 3112 1659 3154 chlerus
1685 3114 1861 3155 epistolam

73 3168 180 3200 neque
203 3162 239 3191 in
263 3162 497 3202 manuscriptis
523 3161 835 3201 Stuttgartiensibus
859 3169 966 3201 neque
990 3159 1268 3192 Pulkoviensibus
1295 3160 1584 3202 deprehendimus.

142 3216 266 3250 Kepleri
285 3216 383 3250 Opera
403 3218 485 3245 VIII.
1542 3216 1587 3253 48
