2126 3388
949 155 1050 192 1612.
1799 160 1883 207 807

96 277 188 326 lang
224 265 293 314 mit
327 275 430 314 Holz
470 275 676 323 versehen‚
720 274 856 313 weilen
899 274 990 312 aber
1030 276 1067 312 in
1100 275 1142 314 E.
1176 275 1222 315 K.
1254 275 1360 327 May⁴
1400 278 1528 317 besehl
1568 279 1686 318 khain
1717 283 1881 329 gewisse

97 346 245 374 summa
274 335 334 372 fiir
364 335 530 372 Zimmer
562 333 653 372 oder
673 332 872 382 Holzgellt
901 334 957 369 nit
987 333 1179 381 gcmcldet
1210 335 1344 382 wiirdt,
1379 335 1521 375 dahero
1554 350 1593 376 es
1623 339 1674 376 im
1696 339 1883 378 Vizdom-

98 395 237 443 Ampte
269 393 429 442 allerlay
461 391 781 441 vnrichtigkhaitt
811 391 964 440 abgibt:
1007 392 1064 429 als
1106 391 1263 441 gelangt
1302 405 1349 430 un
1383 395 1426 431 E.
1458 395 1507 434 K.
1540 396 1648 447 May.
1680 399 1780 435 mein
1813 411 1883 448 ge-

100 452 347 490 horsamistes
381 453 516 495 bitten‚
555 450 616 488 die
647 449 867 498 gerhuehen
899 449 980 486 sich
1013 450 1094 487 auff
1121 452 1204 488 eine
1236 451 1396 501 ricbtige
1430 454 1505 489 vnd
1537 456 1700 503 gewisse
1732 450 1889 495 summa'

99 512 202 548 eines
236 509 454 559 jahrlichen
486 509 674 546 Zimmer-
707 507 783 545 vnd
815 507 1016 556 Holzgelts
1058 508 1156 545 uach
1198 508 1286 546 dero
1319 511 1527 558 gutachten
1563 513 1640 550 vnd
1673 513 1774 552 discs
1806 522 1883 554 orts

99 567 175 605 vnd
206 569 351 605 meiner
380 566 534 605 Studien
565 566 827 615 gelegeuhaitt
857 577 904 602 zu
937 565 1159 604 resolviren.
1223 569 1461 616 (Subscriptio
1487 576 1526 607 ut
1553 576 1688 619 supi-ai)

233 627 300 671 Qui
325 627 415 663 haec
439 623 596 671 coflegit,
624 627 658 660 C.
685 626 927 668 Oberleitner,
955 625 1067 669 addit,
1096 627 1298 669 assignatos
1325 639 1404 664 esse
1430 630 1590 675 Keplero
1617 632 1770 677 epistola
1797 634 1883 669 Cae-

99 697 211 730 sarea,
239 686 274 722 d.
301 685 334 720 d.
360 686 416 721 20.
435 684 522 720 Julii
550 685 647 726 1613,
676 686 719 720 00
744 683 900 719 florenos
927 694 1065 718 annuos
1092 695 1156 728 pro
1183 685 1407 722 habitatione
1432 692 1468 722 et
1492 688 1606 735 ligno,
1632 701 1697 726 nec
1724 703 1796 727 non
1820 693 1883 727 im-

94 748 256 789 peratum
291 753 368 778 esse
392 743 567 778 telonario
592 742 775 777 Linciensi
801 743 833 777 d.
861 742 916 778 20.
944 743 1116 787 Augusti,
1151 747 1191 777 ut
1215 744 1382 779 salarium
1415 746 1574 782 debitum
1607 750 1806 786 solveretur
1838 761 1883 787 ex

95 802 266 838 reditibus
290 801 449 846 portorii.
525 839 530 844 ⁵

230 860 304 894 Iter
326 859 455 894 fecisse
473 859 612 894 videtur
630 858 808 902 Keplerus
826 858 988 892 Lincium
1015 868 1080 902 per
1097 858 1272 893 Viennam
1291 871 1319 894 c.
1347 860 1502 896 medium
1519 864 1650 898 mensis
1668 866 1725 900 Ma
1727 866 1774 911 ji,
1802 878 1882 903 cum

96 919 131 953 in
157 917 396 962 descriptione
423 917 566 961 eclipsis
599 916 733 951 lunaris
753 917 828 960 (14.
846 916 952 959 Maji)
979 916 1118 959 referat,
1144 916 1256 951 fuisse
1275 928 1312 952 se
1331 917 1495 953 Selerizii
1518 921 1555 955 in
1572 921 1732 958 Moravia
1750 925 1880 970 (prope

95 976 307 1020 Brunnam),
338 975 385 1010 18.
404 975 536 1009 Martio
562 984 645 1008 vero
673 974 805 1008 scribat
832 973 875 1007 de
902 974 1055 1008 transitu
1072 974 1235 1008 Lincium
1252 975 1370 1019 Praga
1396 977 1463 1012 sibi
1488 980 1674 1023 proposito
1701 986 1736 1016 ct
1760 983 1882 1018 Idibus

93 1033 245 1078 Aprilis:
283 1034 434 1075 „Datum
458 1033 598 1076 Pragae
630 1033 667 1067 in
702 1033 780 1076 ipso
812 1032 998 1076 procinctu
1024 1032 1245 1075 migrationis
1272 1037 1412 1078 meae“;
1440 1036 1531 1071 Solis
1558 1037 1738 1074 defectum
1763 1041 1882 1076 obser-

97 1092 193 1126 vavit
218 1091 251 1126 d.
277 1092 330 1127 30.
356 1091 440 1135 Maji
466 1091 589 1125 Lincii.
643 1091 745 1125 Circa
777 1090 884 1125 finem
918 1090 1001 1124 anni
1027 1091 1133 1125 rediit
1158 1091 1336 1136 Keplerus
1362 1094 1515 1138 Pragam
1542 1097 1672 1137 „dahin
1706 1099 1765 1134 ich
1789 1100 1885 1136 mich

95 1150 172 1185 auff
194 1151 250 1185 ein
274 1161 340 1194 par
355 1149 673 1201 Monatrverfiigen
692 1152 859 1183 musse11“
881 1150 948 1192 (10.
968 1149 1058 1184 Nov.
1079 1149 1201 1185 scribit
1229 1151 1286 1192 „in
1303 1152 1491 1195 procinctu
1515 1154 1653 1190 reditus
1670 1157 1884 1203 Lincium“).

234 1209 312 1243 Hoc
337 1219 425 1243 anno
460 1209 496 1242 in
521 1209 601 1243 lites
628 1207 754 1242 incidit
778 1206 956 1250 Keplerus
982 1218 1063 1241 cum
1088 1207 1256 1252 primario
1287 1210 1411 1254 templi
1444 1211 1602 1246 ministro
1629 1214 1778 1250 Daniele
1804 1216 1884 1251 Hiz-

95 1267 188 1313 lei-03
223 1277 325 1310 „cum
357 1267 445 1301 enim
471 1266 650 1310 Keplerus
676 1265 861 1310 perpetuis
896 1265 1076 1310 scrupulis
1111 1266 1311 1301 doctrinam
1337 1268 1584 1304 Lutheranam
1616 1271 1660 1306 de
1687 1274 1884 1318 omniprae-

95 1327 210 1362 sentia
235 1326 352 1361 carnis
380 1325 509 1360 Christi
533 1325 641 1359 verbo
670 1324 790 1358 unitae
815 1323 1034 1367 lancinaret,
1059 1324 1172 1358 nihilo
1199 1326 1316 1360 minus
1340 1337 1424 1360 vero
1452 1327 1486 1363 S.
1509 1329 1628 1364 Coena
1653 1341 1784 1366 usurus
1800 1333 1884 1367 Hiz-

94 1386 209 1420 lerum
234 1385 432 1427 accederet,
454 1384 512 1419 hic
539 1388 657 1418 autem
683 1386 933 1426 suspectarum
961 1381 1038 1425 ejus
1064 1382 1272 1426 opinionum
1304 1385 1423 1419 adhuc
1449 1396 1493 1420 ex
1518 1387 1730 1423 academicis
1757 1391 1885 1426 studiis

95 1453 228 1487 goarus
254 1452 335 1476 eum
359 1440 468 1476 nollet
494 1441 701 1486 admittere,
740 1441 918 1485 Keplerus
952 1451 993 1475 ea
1021 1441 1064 1475 de
1090 1451 1129 1475 re
1154 1441 1276 1477 literas
1310 1444 1355 1478 ad
1387 1446 1638 1481 consistorium
1664 1447 1773 1493 dedit,
1799 1450 1883 1485 Hiz-

95 1501 211 1536 lerum
235 1510 422 1535 accusans.
465 1501 572 1535 Enim
598 1510 681 1535 vero
709 1500 963 1535 consistorium
989 1501 1136 1536 cordate
1161 1502 1358 1547 rescripsit,
1384 1503 1564 1538 hominem
1589 1508 1628 1538 ut
1646 1507 1823 1550 scrupulis
1848 1513 1885 1543 et

94 1559 369 1601 subtilitatibus,
406 1569 488 1602 quas
515 1560 684 1604 vocabat,
719 1559 889 1594 nuncium
922 1559 1079 1594 mitteret
1114 1560 1271 1605 graviter
1303 1560 1498 1595 admonens
1533 1566 1567 1596 et
1591 1563 1724 1598 Hizleri
1748 1564 1883 1601 factum

95 1617 344 1653 confirmans“.
394 1616 621 1661 (Fischlinus,
649 1618 818 1652 memoria
844 1618 1095 1662 theologorum
1120 1620 1561 1665 Wi'irttembergensium.)
1597 1620 1695 1665 Quae
1715 1623 1757 1658 de
1773 1625 1882 1660 rebus

94 1668 313 1720 theologicis
332 1676 403 1719 egit
428 1675 602 1719 Keplerus
629 1687 709 1710 cum
735 1680 863 1711 senatu
900 1677 1143 1713 ecclesiastico
1174 1678 1497 1722 Wiirttembeigico
1524 1685 1559 1714 et
1583 1680 1678 1725 aliis,
1710 1681 1803 1717 infra
1830 1693 1884 1718 se-

97 1738 268 1778 quentur3
304 1734 430 1777 paucis
455 1736 564 1777 tangit
588 1735 766 1779 Keplerus
800 1735 894 1770 hanc
928 1736 1027 1770 litem
1053 1736 1121 1770 vol.
1151 1737 1208 1770 VI.
1236 1748 1269 1781 p.
1301 1737 1353 1772 19.
1385 1737 1566 1772 Hizlerum
1591 1739 1634 1773 ab
1661 1739 1777 1775 officio
1804 1752 1881 1776 sus-

94 1805 246 1840 pensum
272 1803 350 1827 esse
378 1793 549 1837 „impeiiis
576 1794 847 1837 magistratuum
873 1793 1140 1838 pontificiorum
1174 1795 1218 1830 ob
1246 1795 1454 1830 societatem
1482 1796 1637 1830 criminis
1665 1797 1882 1841 rebellionis,

95 1858 177 1888 ante
209 1855 283 1886 tres
315 1850 390 1886 fere
424 1861 531 1886 annos
565 1852 601 1886 in
632 1852 749 1896 ipsum
783 1852 890 1888 etiam
921 1857 1146 1898 congestum,
1182 1853 1334 1889 necdum
1371 1858 1489 1889 tamen
1528 1855 1738 1899 probatum“
1773 1857 1883 1892 refert

97 1912 254 1955 Criigero
281 1920 373 1945 anno
403 1909 537 1951 162415

233 1967 428 2014 Keplerum
445 1968 514 2003 hoc
532 1978 617 2004 anno
637 1968 691 2003 vel
706 1970 781 2013 jam
799 1980 891 2004 anno
913 1970 997 2005 1611
1011 1971 1058 2013 Ἧι)
1094 1971 1271 2014 cogitasse
1290 1970 1333 2005 de
1352 1970 1465 2005 altera
1483 1971 1645 2006 ducenda
1671 1983 1802 2017 uxore,
1837 1982 1882 2007 ex

96 2028 249 2074 epistola
265 2028 448 2073 privignae
467 2032 624 2072 apparet,
654 2039 760 2072 quam
787 2027 949 2073 sequenti
975 2039 1068 2063 anno
1093 2029 1374 2072 reservavimus,
1403 2032 1438 2064 et
1463 2029 1724 2073 quadamtenus
1751 2041 1795 2066 ex
1811 2031 1882 2066 hac

95 2086 214 2122 Ursini
239 2086 398 2130 epistola.

231 2237 264 2281 *)
291 2240 479 2270 Fischlinus
516 2239 555 2270 de
585 2240 648 2270 vita
674 2240 798 2270 Hizleri
832 2240 911 2271 haec
944 2241 1058 2272 refert:
1093 2242 1130 2272 In
1156 2240 1262 2272 lucem
1299 2241 1404 2272 editus
1439 2245 1488 2272 est
1519 2242 1750 2273 Heidenhemii
1777 2244 1878 2286 1576,

95 2286 245 2318 absoluto
271 2287 440 2324 Tubingae
465 2286 641 2316 studiorum
667 2296 763 2317 cursu
789 2287 947 2318 diaconus
968 2288 1227 2327 Waiblingensis
1248 2289 1356 2329 1600,
1384 2289 1426 2319 ad
1452 2298 1639 2330 supremum
1668 2290 1776 2320 Lincii
1801 2300 1878 2330 pas-

94 2338 237 2364 toratum
270 2337 404 2364 vocatus
439 2342 525 2364 auno
554 2335 645 2365 1⁴10.
697 2333 1002 2364 confoederationis
1028 2334 1227 2366 Bohemicae
1262 2337 1429 2366 conscium
1465 2336 1644 2366 adversarii
1678 2335 1761 2367 falso
1788 2337 1878 2378 apud

97 2380 266 2411 Caesarem
294 2379 498 2420 detulerunt,
534 2382 618 2426 jussu
644 2383 713 2419 eJus
739 2381 778 2410 ab
805 2380 1065 2412 Herbersdorffio
1091 2392 1120 2413 a.
1148 2383 1236 2412 1621
1263 2383 1476 2420 constrictus,
1508 2383 1542 2413 in
1568 2392 1727 2413 carcerem
1751 2385 1876 2414 malefi-

96 2437 208 2458 corum
227 2427 463 2465 conjiciebatur
481 2436 537 2466 per
613 2427 855 2468 hebdomada53
876 2437 963 2457 anno
982 2429 1070 2459 1622
1091 2432 1122 2458 et
1140 2430 1219 2459 urbe
1238 2432 1268 2458 et
1287 2430 1457 2468 provincia
1480 2439 1553 2459 cum
1572 2431 1724 2460 omnibus
1743 2431 1876 2460 concio-

96 2475 265 2504 natoribus
283 2477 314 2503 et
329 2472 567 2511 ludimagistris
597 2474 773 2512 vangelicis
791 2473 907 2512 pulsus
925 2475 958 2504 in
976 2475 1118 2515 patriam
1138 2476 1282 2516 recessit,
1297 2476 1354 2505 ubi
1370 2477 1476 2516 primo
1496 2476 1876 2507 Kirchhemo-Teckensi

97 2521 284 2561 episcopia,
320 2519 438 2549 deinde
470 2505 648 2563 praetextus
675 2520 932 2550 Bebenhusanus
959 2519 1031 2560 (cfr.
1057 2522 1114 2553 VI.
1141 2521 1238 2561 633),
1274 2523 1359 2552 anno
1386 2515 1474 2553 1632
1507 2523 1742 2563 praepositura
1766 2521 1876 2553 Stutt-

96 2567 251 2605 gardiana
282 2565 334 2595 illi
366 2565 430 2595 fuit
464 2567 572 2596 collat·
637 2567 717 2596 Post
748 2566 874 2596 cladem
900 2567 1190 2605 Noerdlingensem
1224 2569 1314 2599 1634
1348 2569 1566 2607 Argentinum
1599 2570 1633 2598 in
1667 2568 1803 2598 exilium
1828 2569 1875 2599 ire

98 2613 283 2652 cogebatur,
308 2612 366 2642 ubi
391 2615 423 2641 et
447 2613 578 2642 miseria
588 2622 642 2643 um
667 2613 821 2653 vitaeque
845 2611 942 2642 finem
967 2614 1095 2644 invenit
1119 2623 1202 2645 anno
1231 2615 1332 2646 1635.

234 2655 290 2700 *Ὅ
316 2659 355 2688 111
379 2658 573 2689 collectione
588 2658 803 2700 epistolarum
822 2657 1055 2690 Wolfianarum
1080 2661 1161 2691 haec
1187 2664 1292 2691 exstat
1317 2661 1456 2700 epistola
1473 2660 1600 2691 Memh
1615 2660 1703 2690 ardi
1724 2657 1875 2701 (rectoris

98 2705 263 2745 quondam
291 2704 422 2735 scholae
446 2705 582 2735 Lincian
597 2706 630 2747 e)
656 2706 697 2735 ad
714 2706 1019 2743 Berneggerum
1046 2707 1075 2738 d.
1097 2708 1150 2738 16.
1179 2706 1250 2738 Oct.
1272 2708 1359 2738 1611
1388 2707 1482 2737 data:
1509 2707 1671 2747 Keplerus
1697 2706 1735 2737 de
1761 2708 1874 2737 matri-

99 2752 208 2782 monio
235 2761 320 2782 novo
346 2749 509 2781 sollicitus
535 2755 591 2790 est¹
609 2762 650 2782 ne-
674 2752 839 2792 impingat
862 2753 898 2781 in
915 2761 1096 2794 morosam,
1123 2754 1190 2783 suis
1209 2754 1327 2783 studiis
1344 2753 1628 2793 impedimentum,
1654 2752 1710 2783 sed
1729 2753 1876 2783 offendat

99 2798 246 2839 aliquam
273 2794 448 2837 οἰκουρον,
496 2797 557 2827 Est
587 2799 663 2829 mim
690 2798 753 2827 tibi
778 2801 911 2838 notum,
947 2808 1045 2837 quam
1077 2808 1144 2828 non
1180 2801 1263 2829 bene
1301 2809 1366 2829 rem
1401 2799 1616 2829 domesticam
1650 2802 1790 2829 tractent
1821 2799 1874 2830 vel

99 2845 338 2875 mathematum
364 2845 414 2874 vel
439 2843 662 2884 philosophiae
688 2844 850 2883 studiosi,
888 2845 946 2884 qui
971 2854 1037 2874 non
1063 2845 1152 2885 quod
1178 2849 1252 2875 ante
1276 2845 1378 2885 pedes
1404 2849 1471 2886 est,
1498 2845 1555 2876 sed
1579 2854 1705 2875 summa
1730 2849 1872 2876 coutem-

99 2892 247 2932 plantur,
285 2900 367 2932 quae
393 2892 444 2920 vel
470 2891 505 2920 in
529 2891 692 2930 acrejsunt
716 2890 769 2920 vel
794 2890 829 2920 ln
853 2890 1042 2929 phantasia.
1092 2890 1193 2921 Salva
1217 2901 1297 2931 pace
1325 2891 1397 2921 dico
1425 2900 1551 2930 eorum,
1588 2893 1646 2932 qui
1670 2893 1873 2931 temporaria

101 2947 173 2968 cum
199 2938 341 2968 aeternis
365 2940 450 2967 recte
476 2937 584 2966 metiri
605 2938 717 2970 iciunt,
765 2936 904 2966 Animus
931 2940 1000 2966 erat
1024 2937 1188 2977 Keplero,
1216 2941 1291 2976 post
1316 2937 1505 2967 defunctam
1530 2937 1672 2976 priorem
1699 2940 1871 2977 conjugem

99 2983 317 3025 praedivitem
343 2984 459 3014 ducere
483 2983 631 3022 puellam.
681 2982 746 3014 Sed
771 2992 828 3023 spe
854 2982 999 3020 deJ'ectns
1025 2992 1113 3013 nunc
1138 2991 1316 3024 suspensus
1342 2986 1489 3024 tenetur,
1516 2983 1598 3024 quid
1622 2987 1711 3023 agat.
1761 2984 1870 3016 Unum

101 3033 208 3060 autem
233 3031 295 3061 hoc
320 3039 413 3069 agere
437 3029 575 3067 videtur,
600 3033 628 3064 lit
653 3029 802 3060 debitum
826 3038 863 3059 ac
886 3029 1085 3069 promissum
1109 3028 1283 3068 salarium,
1317 3030 1405 3070 quod
1432 3039 1465 3060 se
1490 3030 1529 3060 ad
1555 3031 1645 3062 5000
1670 3030 1870 3062 thalerorum

102 3076 268 3117 extendit,
301 3086 392 3108 suam
416 3078 450 3107 in
476 3067 665 3117 potestaiem
696 3075 837 3114 redigat.
885 3074 921 3106 Si
946 3075 982 3105 id
1002 3076 1174 3118 impetret,
1200 3085 1267 3106 non
1293 3072 1552 3118 opulentassed
1578 3081 1671 3110 casta
1695 3081 1728 3108 et
1750 3078 1873 3120 pudica

103 3131 185 3163 opus
209 3124 280 3156 erit.
