2126 3388
247 147 333 193 742
924 145 1009 182 Vita
1032 144 1055 182 J
1057 144 1184 182 oannis
1208 144 1368 191 Kepleri.

245 274 357 310 pense
382 263 563 299 addictum
586 272 651 307 per
676 265 749 296 tam
772 261 994 307 importunas
1020 261 1144 297 literas
1170 262 1375 298 alieniorem
1402 265 1437 297 et
1453 261 1570 297 minus
1594 262 1775 298 faventem
1799 262 1948 308 reddaS,
1974 264 2038 300 sed

245 322 282 357 in
305 325 489 367 posterum
514 324 550 354 te
574 319 845 364 prudentiorem
871 323 906 354 et
929 318 1207 355 moderatiorem
1231 319 1402 356 exhibeas
1420 319 1633 365 praesertim
1658 329 1744 364 erga
1771 330 1861 365 eum,
1888 320 1949 365 qui
1965 321 2037 364 iam

245 383 353 415 antea
373 389 458 422 erga
475 383 511 412 te
528 388 659 422 magna
676 378 851 423 patientia
867 382 922 413 est
940 388 1027 413 usus
1054 382 1090 413 et
1114 378 1180 413 tibi
1204 378 1349 423 tuisque
1368 388 1475 422 quam
1492 377 1626 421 optime
1643 387 1688 411 ex
1706 377 1822 412 animo
1842 379 1974 422 cupit.“
1997 398 2037 404 —-

381 435 624 472 Difficultates
648 436 717 472 hae
741 436 834 471 inter
859 435 1066 480 Tychonem
1092 439 1128 470 et
1151 435 1348 480 Keplerum
1373 435 1502 470 iterum
1528 438 1628 470 ortae
1653 439 1736 480 post
1760 436 1916 471 reditum
1940 437 2037 482 Kep-

243 495 308 530 leri
334 495 466 538 (mense
490 494 667 538 Augusto)
699 494 921 538 compositae
946 503 1026 528 esse
1051 492 1235 538 videntur;
1269 493 1305 528 in
1332 494 1482 538 gratiam
1508 492 1689 537 Tychonis
1721 497 1890 538 receptus
1923 497 1978 528 est
2003 498 2038 529 et

242 562 294 596 ea,
321 562 413 596 quae
438 551 561 596 Tycho
587 552 657 596 ipsi
682 551 901 587 elaboranda
926 550 1119 592 commisit,
1144 551 1297 586 fideliter
1321 550 1474 596 peregit,
1509 550 1651 586 libellos
1676 551 1890 596 conscripsit
1915 555 2039 587 eontra

241 609 372 644 Ursum
398 613 434 644 et
453 608 632 653 Craigium
651 610 695 652 (p.
713 612 740 645 I.
762 613 829 644 217
850 622 892 645 se.
913 614 945 642 et
962 609 1054 653 280),
1081 609 1210 653 quibus
1236 609 1444 654 Tychonem
1470 607 1630 643 defendit
1654 612 1780 643 contra
1796 609 1880 644 Ursi
1904 609 2037 644 calum-

241 667 330 710 nias,
355 670 394 701 et
421 666 552 711 Craigii
577 667 791 701 sententiam
818 667 862 701 de
888 666 1037 701 cometis
1071 666 1218 701 refutat.
1266 667 1367 701 Haec
1392 665 1469 710 ipse
1493 664 1606 700 refert
1630 665 1827 710 Keplerus:
1870 664 1906 701 A
1938 664 2036 714 Sep-

241 722 379 760 tembri
399 723 584 772 inquisivi
605 724 928 761 eccentricitatem
949 722 1064 769 Solis,
1098 723 1134 758 in
1157 733 1232 770 quo
1264 721 1396 759 labore
1417 720 1552 771 Tycho
1574 726 1746 759 mortuus
1770 726 1839 759 est.
1889 721 2036 760 Mensis

241 780 354 818 nobis
386 791 432 818 eo
465 780 635 818 curando
668 780 756 819 dum
780 785 999 831 aegrotaret
1031 786 1068 818 et
1091 779 1313 829 sepeliendo
1337 784 1488 817 mortuo
1512 784 1749 817 consumtus.
1801 779 1895 818 Inde
1916 792 2037 830 usque

239 837 288 876 ad
325 838 440 876 serias
478 839 675 876 natalitias
713 838 833 888 relegi
873 839 1266 889 Proyymnasmczta,
1311 838 1445 886 scripsi
1486 836 1669 884 indicem,
1712 839 1871 887 concepi
1910 845 2035 887 notas,

240 908 402 945 quarum
435 896 600 946 aliquae,
633 898 809 946 privatae
829 898 1053 935 monitionis
1086 908 1203 934 causa
1234 896 1412 944 scriptae,
1445 894 1692 944 postmodum
1722 907 1790 944 per
1820 895 2036 935 simultates

238 959 390 992 nostras
422 966 482 993 me
513 966 590 993 non
622 954 789 1004 amplius
821 955 996 993 consulto
1028 954 1182 993 fuerunt
1213 954 1268 991 ita
1296 953 1441 991 ruditer
1464 958 1502 991 et
1525 953 1702 1001 eruditer,
1735 957 1778 991 ut
1800 958 1907 991 erant
1928 966 1951 992 a
1974 966 2035 993 me

237 1017 458 1062 conceptae,
492 1014 586 1051 citra
618 1025 770 1052 omnem
800 1015 1069 1052 necessitatem
1101 1014 1327 1061 impressae,
1361 1011 1534 1058 consilio,
1567 1016 1609 1049 ut
1630 1012 1751 1060 aJunt,
1784 1023 1830 1049 ne
1853 1012 2035 1051 haberem

237 1083 308 1120 ego
342 1082 418 1120 quo
452 1071 718 1110 calumniarer.
750 1093 805 1100 ——
835 1071 991 1110 Mortuo
1024 1070 1210 1120 Tychone
1241 1069 1449 1106 Barwitius
1488 1068 1582 1106 mihi
1616 1074 1680 1107 26.
1714 1067 1893 1108 Octobris
1933 1070 2032 1109 ultro

234 1128 418 1167 salarium
460 1129 694 1168 Caesareum
730 1131 1000 1178 annunciavit,
1042 1128 1081 1165 id
1114 1134 1156 1166 ut
1194 1127 1480 1166 confirmaretur
1519 1127 1730 1176 petendum
1770 1133 1869 1175 erat,
1913 1128 2034 1167 donee

234 1187 390 1226 tandem
423 1191 460 1226 9.
492 1187 624 1225 Martii
659 1190 780 1226 1602.
814 1190 976 1238 primam
1008 1187 1140 1236 accepi
1172 1187 1389 1235 pecuniam.
1423 1207 1479 1212 —
1510 1185 1644 1235 Tycho
1667 1185 1841 1224 Braheus
1871 1186 1909 1223 in
1932 1186 2033 1224 ulnis

233 1245 283 1284 D.
316 1245 418 1283 Erici
450 1245 576 1283 Brahe
607 1250 832 1295 aspectante
864 1258 924 1285 me
957 1246 1182 1294 exspiravit.
1243 1243 1462 1282 Moriens
1495 1256 1518 1282 a
1548 1256 1638 1290 me,
1680 1256 1824 1293 quem
1865 1246 1910 1281 in
1943 1244 2032 1282 Co-

233 1304 437 1353 pernici
481 1305 746 1342 sententia
786 1316 896 1343 esse
932 1304 1150 1350 sciebat,
1194 1302 1373 1352 petiit,
1414 1302 1493 1339 uti
1530 1302 1578 1338 in
1617 1313 1707 1340 sua
1745 1302 2033 1353 hypothesi

235 1362 408 1401 omnia
441 1360 843 1402 demonstrarem.

369 1427 555 1463 Mortuum
574 1428 781 1474 Tyehonem
798 1428 977 1474 Keplerus
1003 1430 1218 1473 prosecutus
1244 1431 1299 1462 est
1314 1426 1448 1473 Eleqia
1471 1427 1512 1462 in
1537 1427 1674 1463 obitum
1699 1427 1879 1473 Tychonis
1894 1428 2032 1473 Brahe,

235 1495 341 1530 quam
365 1485 426 1521 fol.
456 1486 520 1521 138
546 1496 594 1522 ss.
620 1487 880 1532 praemisimus.

370 1544 541 1589 Tychone
559 1545 745 1581 etiamtum
762 1545 840 1580 vivo
859 1545 1012 1589 Pragam
1029 1544 1126 1578 venit
1143 1543 1243 1578 initio
1264 1542 1348 1578 anni
1367 1543 1469 1579 1601.
1501 1542 1670 1578 Davide
1683 1553 1698 1578 s
1716 1544 1961 1581 Fabricius
1987 1556 2033 1581 ex

231 1602 348 1638 Frisia
374 1602 548 1647 orientali,
574 1603 698 1639 literas
717 1613 838 1639 secum
856 1602 972 1638 ferens
993 1601 1316 1638 commendatorias
1342 1601 1604 1637 Eberhardi
1632 1601 1819 1645 Schele,
1848 1602 2032 1639 orientalis

233 1660 373 1696 Frisiae
401 1661 628 1703 „secretarii“
649 1662 722 1706 (cfr.
740 1664 801 1695 ΙΙΙ.
822 1663 921 1705 727),
949 1661 1010 1706 qui
1034 1664 1163 1705 postea
1190 1659 1259 1704 (Id.
1278 1659 1393 1703 Junii)
1419 1659 1510 1694 haee
1536 1659 1634 1694 dedit
1661 1659 1707 1695 ad
1732 1660 1939 1705 Tychonem
1967 1672 2033 1704 „ex

232 1729 315 1754 arce
340 1718 562 1755 Auricana“:
591 1720 694 1763 „Non
720 1720 855 1764 dubito,
882 1729 979 1754 meas
1005 1729 1077 1755 una
1103 1728 1183 1753 cum
1209 1717 1335 1762 latore,
1362 1718 1405 1752 D.
1423 1717 1588 1752 Fabricio
1615 1722 1751 1761 nostro,
1776 1723 1812 1754 te
1838 1720 2032 1765 accepisse.

230 1777 313 1814 Non
336 1777 438 1823 potui
463 1779 550 1822 quin
574 1783 610 1813 te
636 1779 706 1814 hac
731 1777 903 1814 schedula
926 1777 1123 1821 inviserim,
1151 1776 1422 1820 sciscitaturus,
1448 1787 1533 1811 num
1561 1776 1680 1812 salvus
1706 1788 1748 1812 ac
1772 1778 1960 1813 incolumis
1987 1780 2032 1815 ad

230 1847 294 1871 vos
324 1837 539 1880 pervenerit.
587 1837 706 1872 Multa
740 1846 869 1881 nempe
899 1835 1082 1871 metuebat
1115 1839 1224 1879 atque
1258 1839 1298 1870 ut
1330 1835 1417 1870 mihi
1452 1834 1640 1870 videbatur
1672 1836 1739 1871 sibi
1776 1837 2032 1883 persuadebat,

231 1894 334 1938 quasi
358 1904 431 1929 non
457 1894 533 1929 sine
558 1894 719 1939 periculo
745 1895 816 1930 hoc
846 1893 916 1928 iter
939 1893 1115 1938 perficere
1140 1897 1280 1938 posset.
1319 1893 1538 1927 Persuasum
1563 1903 1647 1928 vero
1673 1893 1801 1939 habeo,
1827 1894 2032 1931 Fabricium

230 1951 446 1987 incolumem
480 1962 522 1986 ac
547 1950 684 1987 salvum
716 1952 789 1988 huc
819 1953 1067 1987 reversurum“
1096 1954 1161 1986 etc.
1193 1971 1237 1976 —-
1263 1951 1404 1996 Pragae
1434 1961 1581 1986 versans
1616 1951 1805 1987 Fabricius
1837 1952 2032 1997 Keplerum

230 2009 367 2045 frustra
392 2009 536 2045 visitare
560 2010 674 2046 voluit
699 2010 913 2055 absentique
938 2010 1061 2045 literas
1080 2009 1179 2045 dedit
1201 2020 1308 2054 aegre
1333 2009 1452 2045 ferens
1470 2008 1567 2044 illius
1585 2008 1783 2044 absentiam
1802 2009 1877 2054 (cfr.
1892 2011 1920 2045 Ι.
1939 2011 2030 2057 305),

231 2077 321 2111 quas
356 2067 455 2102 brevi
486 2067 732 2112 sequebantur
765 2068 857 2104 aliae
888 2079 932 2103 ex
961 2068 1092 2113 Frisia,
1128 2068 1222 2103 unde
1255 2072 1334 2103 orta
1366 2072 1421 2104 est
1445 2066 1671 2102 familiaritas
1700 2068 1796 2102 inter
1825 2072 2030 2114 utrumque,

230 2135 296 2170 per
321 2128 437 2161 totum
463 2126 674 2161 decennium
698 2137 771 2161 non
796 2126 1014 2162 intermissa.
1065 2127 1318 2169 (Rollenhagius
1345 2128 1378 2162 d.
1408 2130 1462 2160 15.
1488 2127 1570 2168 Maji
1590 2129 1679 2159 1601
1707 2128 1858 2168 Tychoni
1881 2130 2029 2172 nunciat,

231 2180 419 2211 Fabricium
444 2190 482 2211 ex
508 2181 623 2211 itinere
649 2190 719 2221 suo,
748 2182 836 2221 quod
854 2181 897 2212 ad
915 2181 1009 2211 illum
1028 2181 1219 2220 instituerit,
1246 2181 1399 2216 rediisse,
1426 2179 1593 2219 Tychonis
1619 2181 1745 2224 studia,
1772 2184 1810 2212 ut
1833 2186 2029 2224 mereantur,

233 2233 480 2264 commendasse
505 2234 818 2275 observationesque
844 2243 919 2264 suas
950 2243 1060 2264 coram
1090 2233 1291 2275 ostendisse,
1327 2236 1358 2264 et
1383 2233 1434 2263 his
1457 2231 1557 2263 finem
1584 2233 1680 2266 facit:
1716 2232 1840 2274 „Dolui
1870 2235 2029 2276 profecto,

233 2285 457 2325 Ganymedem
482 2289 551 2317 tam
585 2285 767 2326 elegantem
792 2287 919 2319 Frisios
943 2288 1056 2329 potius
1082 2289 1183 2319 boves
1208 2295 1359 2327 pascere,
1395 2294 1496 2327 quam
1521 2286 1561 2316 ab
1594 2285 1711 2328 aquila
1741 2286 1866 2318 Joviali
1897 2290 2030 2329 raptum

230 2338 305 2370 Diis
330 2338 366 2368 in
391 2339 480 2369 coelo
506 2339 740 2381 ministrare.“)

368 2394 486 2430 Amici
509 2398 545 2429 et
568 2394 727 2430 fautores
752 2395 901 2440 Kepleri
925 2398 1077 2429 mortem
1094 2393 1276 2440 Tychonis
1302 2393 1338 2428 in
1362 2393 1496 2429 bonum
1515 2395 1703 2439 augurium
1728 2395 1928 2432 vertebant.
1971 2396 2030 2432 Sic

233 2452 425 2498 theologus
457 2452 832 2489 Hafenrefferus
865 2453 990 2488 scribit
1024 2454 1093 2498 (14.
1126 2455 1207 2488 Nov.
1241 2455 1361 2498 1601):
1398 2453 1452 2488 De
1483 2457 1598 2488 morte
1633 2453 1814 2499 Tychonis
1845 2464 1918 2489 non
1953 2454 2030 2490 sine

231 2522 359 2556 magno
386 2511 510 2546 dolore
535 2511 655 2546 audivi
659 2538 779 2548 .....
841 2512 985 2547 Lenivit
1012 2511 1172 2547 dolorem
1197 2521 1298 2556 spes,
1325 2521 1416 2555 quae
1443 2522 1524 2546 eum
1548 2512 1653 2548 nobis
1679 2512 1913 2557 superstitem
1929 2513 2028 2557 fecit,

233 2570 295 2616 qui
321 2570 441 2606 divina
466 2570 611 2615 adjutus
638 2581 707 2615 ope
731 2570 943 2615 imperfecta
968 2569 1150 2615 Tychonis
1175 2580 1286 2614 opera
1310 2569 1484 2614 perficere
1509 2575 1643 2614 potest.
1691 2570 1792 2614 Quae
1816 2581 1874 2606 res
1899 2571 1949 2606 ita
1972 2581 2030 2606 me

231 2627 373 2671 refecit,
406 2630 446 2663 ut
476 2632 649 2672 quantum
681 2628 814 2664 doloris
845 2628 1056 2663 immaturus
1086 2628 1149 2663 ille
1181 2627 1361 2672 Tychonis
1396 2627 1513 2664 obitus
1543 2629 1630 2664 mihi
1654 2629 1853 2673 attulisset,
1888 2633 2029 2665 tantum

232 2687 353 2730 gaudii
378 2686 760 2731 et·congratulationis
791 2687 882 2723 haec
913 2687 987 2723 fida
1012 2687 1232 2722 successoris
1265 2686 1463 2722 dexteritas
1497 2687 1703 2723 felicissime
1734 2692 1880 2733 sperata
1905 2698 2027 2733 super-

233 2744 391 2780 adderet.
418 2764 462 2769 —-
486 2744 757 2781 Herwartus
783 2746 827 2788 (2.
854 2746 988 2790 Decb.):
1009 2772 1017 2780 .
1037 2771 1046 2781 .
1068 2772 1077 2781 .
1096 2772 1103 2780 .
1130 2745 1204 2780 kan
1228 2744 1288 2780 ich
1312 2745 1365 2779 Im
1383 2755 1446 2789 gar
1463 2746 1516 2781 nit
1533 2746 1673 2790 rathen,
1700 2746 1783 2782 dass
1801 2746 1853 2780 Er
1870 2756 1915 2781 an
1933 2746 2029 2790 einig

234 2803 346 2838 ander
370 2802 434 2838 Ort
459 2802 585 2838 weckh
619 2803 795 2847 trachtet,
830 2803 926 2839 dann
951 2802 1009 2839 ich
1034 2803 1093 2838 fur
1116 2804 1339 2848 vnzweifelig
1369 2804 1486 2849 halte,
1519 2805 1570 2839 Er
1595 2804 1713 2840 werde
1739 2804 1856 2839 dieses
1882 2804 1966 2840 Orts
1991 2804 2028 2840 in

232 2860 387 2896 Kurzem
411 2873 455 2896 zu
481 2872 643 2906 grossem
659 2862 887 2898 Aufnehmen
906 2863 1085 2907 kommen,
1114 2862 1160 2897 da
1184 2863 1241 2898 ich
1268 2862 1375 2906 dann,
1402 2872 1441 2897 so
1459 2862 1528 2899 viel
1546 2873 1591 2897 an
1608 2862 1684 2907 mir,
1709 2862 1862 2897 treulich
1879 2862 2028 2898 furdern

233 2918 355 2954 helsen
387 2920 470 2957 will.
520 2920 639 2956 Allein
673 2922 746 2957 seie
778 2932 816 2957 er
849 2925 954 2958 caute
987 2925 1022 2957 et
1057 2922 1334 2967 circumspecte,
1370 2922 1453 2958 dass
1487 2932 1525 2956 er
1556 2922 1614 2957 bei
1640 2921 1708 2956 den
1733 2920 1857 2956 Erben
1881 2921 1918 2956 in
1942 2921 2027 2957 kein

234 2977 433 3014 Mistrauen
457 2979 610 3015 komme.
661 2980 708 3015 So
733 2980 837 3016 wolle
863 2980 939 3015 sich
965 2980 1028 3015 der
1053 2980 1147 3015 Herr
1170 2980 1235 3015 mit
1261 2980 1323 3015 der
1347 2980 1556 3026 Beseldung
1581 2980 1633 3015 nit
1657 2990 1696 3016 so
1723 2978 1847 3024 gering
1863 2979 1934 3014 vnd
1952 2979 2024 3014 ein-

236 3044 392 3079 gezogen
417 3037 639 3082 beschlagen
661 3037 800 3083 lassen,
835 3037 990 3073 sondern
1016 3037 1095 3074 eine
1121 3039 1243 3074 starke
1274 3039 1517 3083 austragliche
1542 3037 1749 3082 Besoldung
1772 3037 2026 3082 praetendiren

235 3092 305 3128 vnd
330 3093 463 3133 dieselb
488 3096 541 3132 nit
565 3106 631 3143 pro
660 3097 863 3141 quantitate
889 3096 1051 3142 corporis
1077 3100 1113 3134 et
1137 3097 1314 3133 tenuitate
1331 3096 1459 3142 victus,
1484 3096 1548 3134 sed
1563 3105 1629 3142 pro
1654 3095 1900 3142 magnitudine
1917 3094 2025 3131 animi
