<?xml version="1.0" encoding="UTF-8"?>
<!DOCTYPE html PUBLIC "-//W3C//DTD XHTML 1.0 Transitional//EN"
    "http://www.w3.org/TR/xhtml1/DTD/xhtml1-transitional.dtd">
<html xmlns="http://www.w3.org/1999/xhtml" xml:lang="en" lang="en">
 <head>
  <title>
</title>
<meta http-equiv="Content-Type" content="text/html;charset=utf-8" />
  <meta name='ocr-system' content='tesseract 3.04.00' />
  <meta name='ocr-capabilities' content='ocr_page ocr_carea ocr_par ocr_line ocrx_word'/>
</head>
<body>
  <div class='ocr_page' id='page_1' title='image "./p2operaomniaedid08kepluoft_0376.png"; bbox 0 0 2126 3388; ppageno 0'>
   <div class='ocr_carea' id='block_1_1' title="bbox 196 178 1417 228">
    <p class='ocr_par' dir='ltr' id='par_1_1' title="bbox 196 178 1417 228">
     <span class='ocr_line' id='line_1_1' title="bbox 196 178 1417 228; baseline -0.001 -8"><span class='ocrx_word' id='word_1_1' title='bbox 196 178 279 224; x_wconf 76' lang='lat'><strong>922</strong></span> <span class='ocrx_word' id='word_1_2' title='bbox 824 180 937 218; x_wconf 82' lang='lat' dir='ltr'><strong>Amici</strong></span> <span class='ocrx_word' id='word_1_3' title='bbox 961 181 1109 228; x_wconf 87' lang='lat' dir='ltr'><strong>Kepleri</strong></span> <span class='ocrx_word' id='word_1_4' title='bbox 1134 181 1178 218; x_wconf 87' lang='lat' dir='ltr'><strong>de</strong></span> <span class='ocrx_word' id='word_1_5' title='bbox 1203 181 1280 228; x_wconf 86' lang='lat' dir='ltr'><strong>ejus</strong></span> <span class='ocrx_word' id='word_1_6' title='bbox 1305 182 1417 220; x_wconf 86' lang='lat' dir='ltr'><strong>obitu.</strong></span> 
     </span>
    </p>
   </div>
   <div class='ocr_carea' id='block_1_2' title="bbox 194 296 2032 3191">
    <p class='ocr_par' dir='ltr' id='par_1_2' title="bbox 194 296 1989 1916">
     <span class='ocr_line' id='line_1_2' title="bbox 196 296 1979 342; baseline 0.003 -11"><span class='ocrx_word' id='word_1_7' title='bbox 196 298 309 333; x_wconf 83' lang='lat' dir='ltr'><strong>terris.</strong></span> <span class='ocrx_word' id='word_1_8' title='bbox 354 298 423 334; x_wconf 88' lang='lat' dir='ltr'><strong>Sed</strong></span> <span class='ocrx_word' id='word_1_9' title='bbox 448 299 542 333; x_wconf 83' lang='lat' dir='ltr'>habe</span> <span class='ocrx_word' id='word_1_10' title='bbox 566 296 674 342; x_wconf 87' lang='lat' dir='ltr'><strong>paulo</strong></span> <span class='ocrx_word' id='word_1_11' title='bbox 699 297 827 342; x_wconf 86' lang='lat' dir='ltr'><strong>altius,</strong></span> <span class='ocrx_word' id='word_1_12' title='bbox 861 307 953 342; x_wconf 88' lang='lat' dir='ltr'><strong>quae</strong></span> <span class='ocrx_word' id='word_1_13' title='bbox 979 298 1023 333; x_wconf 92' lang='lat' dir='ltr'><strong>de</strong></span> <span class='ocrx_word' id='word_1_14' title='bbox 1047 301 1161 332; x_wconf 89' lang='lat' dir='ltr'><strong>morte</strong></span> <span class='ocrx_word' id='word_1_15' title='bbox 1186 298 1298 342; x_wconf 88' lang='lat' dir='ltr'><strong>ipsius</strong></span> <span class='ocrx_word' id='word_1_16' title='bbox 1323 297 1451 332; x_wconf 88' lang='lat' dir='ltr'><strong>habeo.</strong></span> <span class='ocrx_word' id='word_1_17' title='bbox 1494 297 1650 342; x_wconf 71' lang='lat' dir='ltr'><strong>Nuper-is</strong></span> <span class='ocrx_word' id='word_1_18' title='bbox 1676 298 1833 335; x_wconf 85' lang='lat' dir='ltr'><strong>Comitiis</strong></span> <span class='ocrx_word' id='word_1_19' title='bbox 1858 305 1979 337; x_wconf 87' lang='lat' dir='ltr'><strong>noster</strong></span> 
     </span>
     <span class='ocr_line' id='line_1_3' title="bbox 195 354 1978 401; baseline 0.001 -10"><span class='ocrx_word' id='word_1_20' title='bbox 195 357 398 401; x_wconf 85' lang='lat' dir='ltr'><strong>chplerus</strong></span> <span class='ocrx_word' id='word_1_21' title='bbox 422 365 551 390; x_wconf 87' lang='lat' dir='ltr'><strong>manno</strong></span> <span class='ocrx_word' id='word_1_22' title='bbox 578 356 731 398; x_wconf 76' lang='lat' dir='ltr'><strong>strigoso</strong></span> <span class='ocrx_word' id='word_1_23' title='bbox 759 356 917 400; x_wconf 83' lang='lat' dir='ltr'><strong>(duobus</strong></span> <span class='ocrx_word' id='word_1_24' title='bbox 942 355 1089 390; x_wconf 89' lang='lat' dir='ltr'><strong>florenis</strong></span> <span class='ocrx_word' id='word_1_25' title='bbox 1114 360 1242 399; x_wconf 85' lang='lat' dir='ltr'><strong>postea</strong></span> <span class='ocrx_word' id='word_1_26' title='bbox 1266 355 1367 389; x_wconf 88' lang='lat' dir='ltr'><strong>illum</strong></span> <span class='ocrx_word' id='word_1_27' title='bbox 1386 354 1573 400; x_wconf 75' lang='lat' dir='ltr'><strong>vendidit),</strong></span> <span class='ocrx_word' id='word_1_28' title='bbox 1600 356 1637 390; x_wconf 89' lang='lat' dir='ltr'><strong>in</strong></span> <span class='ocrx_word' id='word_1_29' title='bbox 1661 360 1820 392; x_wconf 85' lang='lat' dir='ltr'><strong>nostram</strong></span> <span class='ocrx_word' id='word_1_30' title='bbox 1837 357 1978 393; x_wconf 87' lang='lat' dir='ltr'><strong>devenit</strong></span> 
     </span>
     <span class='ocr_line' id='line_1_4' title="bbox 197 411 1979 459; baseline 0.002 -12"><span class='ocrx_word' id='word_1_31' title='bbox 197 413 327 448; x_wconf 86' lang='lat' dir='ltr'><strong>urbem.</strong></span> <span class='ocrx_word' id='word_1_32' title='bbox 377 413 446 447; x_wconf 75' lang='lat' dir='ltr'><strong>Vix</strong></span> <span class='ocrx_word' id='word_1_33' title='bbox 472 412 629 447; x_wconf 88' lang='lat' dir='ltr'><strong>triduum</strong></span> <span class='ocrx_word' id='word_1_34' title='bbox 653 412 713 448; x_wconf 86' lang='lat' dir='ltr'><strong>hic</strong></span> <span class='ocrx_word' id='word_1_35' title='bbox 738 416 977 448; x_wconf 83' lang='lat' dir='ltr'>commoratus</span> <span class='ocrx_word' id='word_1_36' title='bbox 1003 412 1118 447; x_wconf 87' lang='lat' dir='ltr'><strong>calido</strong></span> <span class='ocrx_word' id='word_1_37' title='bbox 1142 412 1263 457; x_wconf 87' lang='lat' dir='ltr'><strong>coepit</strong></span> <span class='ocrx_word' id='word_1_38' title='bbox 1292 411 1452 447; x_wconf 86' lang='lat' dir='ltr'><strong>infestari</strong></span> <span class='ocrx_word' id='word_1_39' title='bbox 1485 412 1620 447; x_wconf 89' lang='lat' dir='ltr'><strong>morbo.</strong></span> <span class='ocrx_word' id='word_1_40' title='bbox 1667 413 1782 448; x_wconf 88' lang='lat' dir='ltr'><strong>Ratus</strong></span> <span class='ocrx_word' id='word_1_41' title='bbox 1806 414 1884 458; x_wconf 87' lang='lat' dir='ltr'><strong>ipse</strong></span> <span class='ocrx_word' id='word_1_42' title='bbox 1906 417 1979 459; x_wconf 90' lang='lat' dir='ltr'><strong>pri-</strong></span> 
     </span>
     <span class='ocr_line' id='line_1_5' title="bbox 195 469 1978 515; baseline 0.002 -11"><span class='ocrx_word' id='word_1_43' title='bbox 195 471 301 505; x_wconf 85' lang='lat' dir='ltr'><strong>mitus</strong></span> <span class='ocrx_word' id='word_1_44' title='bbox 328 469 450 511; x_wconf 79' lang='lat' dir='ltr'><strong>fuerat,</strong></span> <span class='ocrx_word' id='word_1_45' title='bbox 477 479 514 504; x_wconf 86' lang='lat' dir='ltr'><strong>se</strong></span> <span class='ocrx_word' id='word_1_46' title='bbox 533 480 634 505; x_wconf 85' lang='lat' dir='ltr'><strong>sacro</strong></span> <span class='ocrx_word' id='word_1_47' title='bbox 661 475 799 506; x_wconf 89' lang='lat' dir='ltr'><strong>tantum</strong></span> <span class='ocrx_word' id='word_1_48' title='bbox 825 471 908 515; x_wconf 84' lang='lat' dir='ltr'><strong>igne</strong></span> <span class='ocrx_word' id='word_1_49' title='bbox 925 469 1094 513; x_wconf 89' lang='lat' dir='ltr'><strong>ustulari,</strong></span> <span class='ocrx_word' id='word_1_50' title='bbox 1120 470 1271 514; x_wconf 87' lang='lat' dir='ltr'><strong>proinde</strong></span> <span class='ocrx_word' id='word_1_51' title='bbox 1296 479 1431 513; x_wconf 86' lang='lat' dir='ltr'><strong>susque</strong></span> <span class='ocrx_word' id='word_1_52' title='bbox 1457 469 1573 514; x_wconf 85' lang='lat' dir='ltr'>deque</span> <span class='ocrx_word' id='word_1_53' title='bbox 1598 480 1702 505; x_wconf 89' lang='lat' dir='ltr'><strong>suum</strong></span> <span class='ocrx_word' id='word_1_54' title='bbox 1726 471 1863 506; x_wconf 86' lang='lat' dir='ltr'><strong>ferebat</strong></span> <span class='ocrx_word' id='word_1_55' title='bbox 1887 484 1978 508; x_wconf 89' lang='lat' dir='ltr'><strong>mor-</strong></span> 
     </span>
     <span class='ocr_line' id='line_1_6' title="bbox 195 527 1981 574; baseline 0.003 -13"><span class='ocrx_word' id='word_1_56' title='bbox 195 528 288 561; x_wconf 87' lang='lat' dir='ltr'><strong>bum.</strong></span> <span class='ocrx_word' id='word_1_57' title='bbox 337 527 405 562; x_wconf 65' lang='lat' dir='ltr'><strong>[bi</strong></span> <span class='ocrx_word' id='word_1_58' title='bbox 430 527 565 571; x_wconf 84' lang='lat' dir='ltr'><strong>majore</strong></span> <span class='ocrx_word' id='word_1_59' title='bbox 590 528 731 565; x_wconf 84' lang='lat' dir='ltr'><strong>fervore</strong></span> <span class='ocrx_word' id='word_1_60' title='bbox 755 530 937 573; x_wconf 88' lang='lat' dir='ltr'><strong>urebatur,</strong></span> <span class='ocrx_word' id='word_1_61' title='bbox 963 528 1159 563; x_wconf 83' lang='lat' dir='ltr'><strong>adhibuere</strong></span> <span class='ocrx_word' id='word_1_62' title='bbox 1183 532 1412 572; x_wconf 77' lang='grc' dir='ltr'><strong><em>φλεβοτομιαν</em></strong></span> <span class='ocrx_word' id='word_1_63' title='bbox 1436 528 1497 572; x_wconf 92' lang='lat' dir='ltr'><strong>qui</strong></span> <span class='ocrx_word' id='word_1_64' title='bbox 1521 528 1615 563; x_wconf 87' lang='lat' dir='ltr'><strong>circa</strong></span> <span class='ocrx_word' id='word_1_65' title='bbox 1638 528 1756 572; x_wconf 86' lang='lat' dir='ltr'><strong>ipsum</strong></span> <span class='ocrx_word' id='word_1_66' title='bbox 1782 534 1892 574; x_wconf 84' lang='lat' dir='ltr'><strong>erant,</strong></span> <span class='ocrx_word' id='word_1_67' title='bbox 1918 532 1981 566; x_wconf 88' lang='lat' dir='ltr'><strong>sed</strong></span> 
     </span>
     <span class='ocr_line' id='line_1_7' title="bbox 196 582 1982 632; baseline 0.002 -12"><span class='ocrx_word' id='word_1_68' title='bbox 196 586 283 620; x_wconf 86' lang='lat' dir='ltr'><strong>nibil</strong></span> <span class='ocrx_word' id='word_1_69' title='bbox 309 586 514 620; x_wconf 87' lang='lat' dir='ltr'><strong>effecerunt.</strong></span> <span class='ocrx_word' id='word_1_70' title='bbox 563 582 669 622; x_wconf 65' lang='lat' dir='ltr'><strong>Brevi</strong></span> <span class='ocrx_word' id='word_1_71' title='bbox 697 587 788 622; x_wconf 89' lang='lat' dir='ltr'><strong>enim</strong></span> <span class='ocrx_word' id='word_1_72' title='bbox 815 598 856 622; x_wconf 89' lang='lat' dir='ltr'><strong>eo</strong></span> <span class='ocrx_word' id='word_1_73' title='bbox 882 587 1130 632; x_wconf 79' lang='lat' dir='ltr'><strong>redigebatur,</strong></span> <span class='ocrx_word' id='word_1_74' title='bbox 1165 591 1204 623; x_wconf 92' lang='lat' dir='ltr'><strong>ut</strong></span> <span class='ocrx_word' id='word_1_75' title='bbox 1229 587 1356 623; x_wconf 89' lang='lat' dir='ltr'><strong>ardore</strong></span> <span class='ocrx_word' id='word_1_76' title='bbox 1382 587 1494 631; x_wconf 83' lang='lat' dir='ltr'><strong>magis</strong></span> <span class='ocrx_word' id='word_1_77' title='bbox 1526 588 1712 632; x_wconf 80' lang='lat' dir='ltr'><strong>magisque</strong></span> <span class='ocrx_word' id='word_1_78' title='bbox 1737 594 1919 624; x_wconf 79' lang='lat' dir='ltr'><strong>crescente</strong></span> <span class='ocrx_word' id='word_1_79' title='bbox 1944 599 1982 623; x_wconf 91' lang='lat' dir='ltr'><strong>se</strong></span> 
     </span>
     <span class='ocr_line' id='line_1_8' title="bbox 195 644 1982 690; baseline 0.001 -12"><span class='ocrx_word' id='word_1_80' title='bbox 195 645 310 687; x_wconf 87' lang='lat' dir='ltr'><strong>ipsum</strong></span> <span class='ocrx_word' id='word_1_81' title='bbox 345 644 543 679; x_wconf 77' lang='lat' dir='ltr'><strong>nesciverit.</strong></span> <span class='ocrx_word' id='word_1_82' title='bbox 594 646 757 680; x_wconf 88' lang='lat' dir='ltr'><strong>Durante</strong></span> <span class='ocrx_word' id='word_1_83' title='bbox 792 646 916 681; x_wconf 91' lang='lat' dir='ltr'><strong>morbo</strong></span> <span class='ocrx_word' id='word_1_84' title='bbox 949 657 1022 681; x_wconf 91' lang='lat' dir='ltr'><strong>non</strong></span> <span class='ocrx_word' id='word_1_85' title='bbox 1053 646 1270 690; x_wconf 81' lang='lat' dir='ltr'><strong>loquebatur</strong></span> <span class='ocrx_word' id='word_1_86' title='bbox 1304 647 1361 690; x_wconf 88' lang='lat' dir='ltr'><strong>(ut</strong></span> <span class='ocrx_word' id='word_1_87' title='bbox 1384 645 1462 680; x_wconf 89' lang='lat' dir='ltr'><strong>fieri</strong></span> <span class='ocrx_word' id='word_1_88' title='bbox 1488 646 1639 685; x_wconf 69' lang='lat' dir='ltr'><strong>assolet]</strong></span> <span class='ocrx_word' id='word_1_89' title='bbox 1674 651 1842 690; x_wconf 78' lang='lat' dir='ltr'><strong>tanquam</strong></span> <span class='ocrx_word' id='word_1_90' title='bbox 1876 646 1982 681; x_wconf 86' lang='lat' dir='ltr'><strong>animi</strong></span> 
     </span>
     <span class='ocr_line' id='line_1_9' title="bbox 196 703 1982 750; baseline 0.002 -14"><span class='ocrx_word' id='word_1_91' title='bbox 196 713 351 746; x_wconf 89' lang='lat' dir='ltr'><strong>compos.</strong></span> <span class='ocrx_word' id='word_1_92' title='bbox 401 704 696 739; x_wconf 82' lang='lat' dir='ltr'><strong>Concionatorum</strong></span> <span class='ocrx_word' id='word_1_93' title='bbox 730 705 866 749; x_wconf 82' lang='lat' dir='ltr'><strong>aliquot</strong></span> <span class='ocrx_word' id='word_1_94' title='bbox 896 705 1013 749; x_wconf 90' lang='lat' dir='ltr'><strong>ipsum</strong></span> <span class='ocrx_word' id='word_1_95' title='bbox 1047 704 1184 749; x_wconf 87' lang='lat' dir='ltr'><strong>adiere,</strong></span> <span class='ocrx_word' id='word_1_96' title='bbox 1220 710 1255 740; x_wconf 92' lang='lat' dir='ltr'><strong>et</strong></span> <span class='ocrx_word' id='word_1_97' title='bbox 1280 704 1396 739; x_wconf 88' lang='lat' dir='ltr'><strong>vivida</strong></span> <span class='ocrx_word' id='word_1_98' title='bbox 1430 703 1639 738; x_wconf 85' lang='lat' dir='ltr'><strong>solatiorum</strong></span> <span class='ocrx_word' id='word_1_99' title='bbox 1670 715 1762 748; x_wconf 86' lang='lat' dir='ltr'><strong>aqua</strong></span> <span class='ocrx_word' id='word_1_100' title='bbox 1786 705 1903 750; x_wconf 88' lang='lat' dir='ltr'><strong>ipsum</strong></span> <span class='ocrx_word' id='word_1_101' title='bbox 1928 716 1982 740; x_wconf 87' lang='lat' dir='ltr'><strong>re-</strong></span> 
     </span>
     <span class='ocr_line' id='line_1_10' title="bbox 194 761 1982 808; baseline 0.002 -13"><span class='ocrx_word' id='word_1_102' title='bbox 194 761 322 796; x_wconf 81' lang='lat' dir='ltr'><strong>fecere.</strong></span> <span class='ocrx_word' id='word_1_103' title='bbox 364 761 523 796; x_wconf 84' lang='lat' dir='ltr'><strong>Tandem</strong></span> <span class='ocrx_word' id='word_1_104' title='bbox 548 772 648 798; x_wconf 90' lang='lat' dir='ltr'><strong>meus</strong></span> <span class='ocrx_word' id='word_1_105' title='bbox 666 763 793 798; x_wconf 86' lang='lat' dir='ltr'><strong>Affinis</strong></span> <span class='ocrx_word' id='word_1_106' title='bbox 812 763 1061 807; x_wconf 78' lang='lat' dir='ltr'><strong>sigismundus</strong></span> <span class='ocrx_word' id='word_1_107' title='bbox 1089 763 1369 808; x_wconf 83' lang='lat' dir='ltr'><strong>Christophorus</strong></span> <span class='ocrx_word' id='word_1_108' title='bbox 1395 763 1604 797; x_wconf 78' lang='lat' dir='ltr'><strong>Donaverus</strong></span> <span class='ocrx_word' id='word_1_109' title='bbox 1629 762 1795 797; x_wconf 84' lang='lat' dir='ltr'><strong>Minister</strong></span> <span class='ocrx_word' id='word_1_110' title='bbox 1818 763 1982 807; x_wconf 83' lang='lat' dir='ltr'><strong>Evange-</strong></span> 
     </span>
     <span class='ocr_line' id='line_1_11' title="bbox 196 817 1983 868; baseline 0.003 -17"><span class='ocrx_word' id='word_1_111' title='bbox 196 817 284 853; x_wconf 76' lang='lat' dir='ltr'><strong>licus</strong></span> <span class='ocrx_word' id='word_1_112' title='bbox 310 818 582 855; x_wconf 84' lang='lat' dir='ltr'><strong>Ratisbonensis</strong></span> <span class='ocrx_word' id='word_1_113' title='bbox 619 826 654 855; x_wconf 89' lang='lat' dir='ltr'><strong>et</strong></span> <span class='ocrx_word' id='word_1_114' title='bbox 688 823 805 866; x_wconf 65' lang='lat' dir='ltr'><strong>ipsum</strong></span> <span class='ocrx_word' id='word_1_115' title='bbox 838 823 1082 867; x_wconf 74' lang='lat' dir='ltr'><strong>agonizantem</strong></span> <span class='ocrx_word' id='word_1_116' title='bbox 1114 824 1352 868; x_wconf 83' lang='lat' dir='ltr'><strong>spiritumque</strong></span> <span class='ocrx_word' id='word_1_117' title='bbox 1386 824 1461 858; x_wconf 89' lang='lat' dir='ltr'><strong>Deo</strong></span> <span class='ocrx_word' id='word_1_118' title='bbox 1494 823 1702 857; x_wconf 86' lang='lat' dir='ltr'><strong>reddentem</strong></span> <span class='ocrx_word' id='word_1_119' title='bbox 1734 823 1908 866; x_wconf 74' lang='lat' dir='ltr'><strong>masculo,</strong></span> <span class='ocrx_word' id='word_1_120' title='bbox 1944 827 1983 857; x_wconf 91' lang='lat' dir='ltr'><strong>ut</strong></span> 
     </span>
     <span class='ocr_line' id='line_1_12' title="bbox 197 875 1985 927; baseline 0.004 -17"><span class='ocrx_word' id='word_1_121' title='bbox 197 875 338 919; x_wconf 85' lang='lat' dir='ltr'><strong>quidem</strong></span> <span class='ocrx_word' id='word_1_122' title='bbox 365 887 506 913; x_wconf 87' lang='lat' dir='ltr'><strong>servum</strong></span> <span class='ocrx_word' id='word_1_123' title='bbox 531 879 597 915; x_wconf 88' lang='lat' dir='ltr'><strong>Dei</strong></span> <span class='ocrx_word' id='word_1_124' title='bbox 624 880 784 924; x_wconf 84' lang='lat' dir='ltr'><strong>addecet,</strong></span> <span class='ocrx_word' id='word_1_125' title='bbox 811 881 1016 916; x_wconf 83' lang='lat' dir='ltr'><strong>consolatus</strong></span> <span class='ocrx_word' id='word_1_126' title='bbox 1043 886 1109 917; x_wconf 85' lang='lat' dir='ltr'><strong>est.</strong></span> <span class='ocrx_word' id='word_1_127' title='bbox 1157 882 1309 917; x_wconf 87' lang='lat' dir='ltr'><strong>Factum</strong></span> <span class='ocrx_word' id='word_1_128' title='bbox 1334 881 1403 916; x_wconf 92' lang='lat' dir='ltr'><strong>hoc</strong></span> <span class='ocrx_word' id='word_1_129' title='bbox 1428 886 1483 917; x_wconf 89' lang='lat' dir='ltr'><strong>est</strong></span> <span class='ocrx_word' id='word_1_130' title='bbox 1508 884 1538 916; x_wconf 72' lang='lat'><strong>5.</strong></span> <span class='ocrx_word' id='word_1_131' title='bbox 1564 881 1620 916; x_wconf 89' lang='lat' dir='ltr'><strong>die</strong></span> <span class='ocrx_word' id='word_1_132' title='bbox 1638 882 1848 917; x_wconf 81' lang='lat' dir='ltr'><strong>Novembris</strong></span> <span class='ocrx_word' id='word_1_133' title='bbox 1868 883 1985 927; x_wconf 77' lang='lat'>(1)630</span> 
     </span>
     <span class='ocr_line' id='line_1_13' title="bbox 196 934 1984 975; baseline 0.003 -6"><span class='ocrx_word' id='word_1_134' title='bbox 196 934 308 969; x_wconf 76' lang='lat' dir='ltr'><strong>Anno.</strong></span> <span class='ocrx_word' id='word_1_135' title='bbox 357 935 461 970; x_wconf 89' lang='lat' dir='ltr'><strong>Nono</strong></span> <span class='ocrx_word' id='word_1_136' title='bbox 487 936 655 973; x_wconf 85' lang='lat' dir='ltr'><strong>humatus</strong></span> <span class='ocrx_word' id='word_1_137' title='bbox 682 943 736 973; x_wconf 84' lang='lat' dir='ltr'><strong>est</strong></span> <span class='ocrx_word' id='word_1_138' title='bbox 761 939 797 974; x_wconf 89' lang='lat' dir='ltr'><strong>in</strong></span> <span class='ocrx_word' id='word_1_139' title='bbox 822 939 1035 974; x_wconf 89' lang='lat' dir='ltr'><strong>coemeterio</strong></span> <span class='ocrx_word' id='word_1_140' title='bbox 1061 939 1142 973; x_wconf 91' lang='lat' dir='ltr'><strong>Divi</strong></span> <span class='ocrx_word' id='word_1_141' title='bbox 1167 939 1264 973; x_wconf 89' lang='lat' dir='ltr'><strong>Petri</strong></span> <span class='ocrx_word' id='word_1_142' title='bbox 1290 944 1392 972; x_wconf 81' lang='lat' dir='ltr'><strong>extra</strong></span> <span class='ocrx_word' id='word_1_143' title='bbox 1417 939 1608 974; x_wconf 85' lang='lat' dir='ltr'><strong>civitatem.</strong></span> <span class='ocrx_word' id='word_1_144' title='bbox 1658 939 1770 974; x_wconf 88' lang='lat' dir='ltr'><strong>Moris</strong></span> <span class='ocrx_word' id='word_1_145' title='bbox 1797 939 1887 974; x_wconf 90' lang='lat' dir='ltr'><strong>enim</strong></span> <span class='ocrx_word' id='word_1_146' title='bbox 1913 951 1984 975; x_wconf 87' lang='lat' dir='ltr'><strong>non</strong></span> 
     </span>
     <span class='ocr_line' id='line_1_14' title="bbox 197 993 1984 1042; baseline 0.003 -16"><span class='ocrx_word' id='word_1_147' title='bbox 197 997 262 1036; x_wconf 84' lang='lat' dir='ltr'><strong>est,</strong></span> <span class='ocrx_word' id='word_1_148' title='bbox 287 996 327 1027; x_wconf 88' lang='lat' dir='ltr'><strong>ut</strong></span> <span class='ocrx_word' id='word_1_149' title='bbox 352 993 444 1028; x_wconf 89' lang='lat' dir='ltr'><strong>intra</strong></span> <span class='ocrx_word' id='word_1_150' title='bbox 468 996 605 1030; x_wconf 90' lang='lat' dir='ltr'><strong>moenia</strong></span> <span class='ocrx_word' id='word_1_151' title='bbox 632 997 830 1032; x_wconf 86' lang='lat' dir='ltr'><strong>Lutherani</strong></span> <span class='ocrx_word' id='word_1_152' title='bbox 856 997 1085 1042; x_wconf 76' lang='lat' dir='ltr'><strong>sepeliantur.</strong></span> <span class='ocrx_word' id='word_1_153' title='bbox 1136 998 1351 1032; x_wconf 88' lang='lat' dir='ltr'><strong>Concionem</strong></span> <span class='ocrx_word' id='word_1_154' title='bbox 1376 997 1562 1031; x_wconf 83' lang='lat' dir='ltr'><strong>funebrem</strong></span> <span class='ocrx_word' id='word_1_155' title='bbox 1590 996 1717 1032; x_wconf 88' lang='lat' dir='ltr'><strong>habuit</strong></span> <span class='ocrx_word' id='word_1_156' title='bbox 1742 1002 1848 1032; x_wconf 84' lang='lat' dir='ltr'><strong>antea</strong></span> <span class='ocrx_word' id='word_1_157' title='bbox 1872 998 1984 1032; x_wconf 88' lang='lat' dir='ltr'><strong>nomi-</strong></span> 
     </span>
     <span class='ocr_line' id='line_1_15' title="bbox 197 1052 1985 1100; baseline 0.004 -17"><span class='ocrx_word' id='word_1_158' title='bbox 197 1055 301 1084; x_wconf 84' lang='lat' dir='ltr'><strong>natus</strong></span> <span class='ocrx_word' id='word_1_159' title='bbox 326 1061 426 1085; x_wconf 88' lang='lat' dir='ltr'><strong>meus</strong></span> <span class='ocrx_word' id='word_1_160' title='bbox 451 1052 583 1089; x_wconf 86' lang='lat' dir='ltr'><strong>affinis.</strong></span> <span class='ocrx_word' id='word_1_161' title='bbox 634 1055 821 1098; x_wconf 79' lang='lat' dir='ltr'><strong>Exequiae</strong></span> <span class='ocrx_word' id='word_1_162' title='bbox 845 1055 991 1090; x_wconf 88' lang='lat' dir='ltr'><strong>fuerunt</strong></span> <span class='ocrx_word' id='word_1_163' title='bbox 1018 1056 1105 1090; x_wconf 87' lang='lat' dir='ltr'><strong>satis</strong></span> <span class='ocrx_word' id='word_1_164' title='bbox 1133 1056 1352 1100; x_wconf 87' lang='lat' dir='ltr'><strong>splendidae.</strong></span> <span class='ocrx_word' id='word_1_165' title='bbox 1394 1057 1531 1091; x_wconf 79' lang='lat' dir='ltr'><strong>Textus</strong></span> <span class='ocrx_word' id='word_1_166' title='bbox 1558 1055 1718 1090; x_wconf 86' lang='lat' dir='ltr'><strong>funebris</strong></span> <span class='ocrx_word' id='word_1_167' title='bbox 1745 1060 1822 1090; x_wconf 88' lang='lat' dir='ltr'><strong>erat</strong></span> <span class='ocrx_word' id='word_1_168' title='bbox 1847 1056 1985 1091; x_wconf 85' lang='lat' dir='ltr'><strong>desum-</strong></span> 
     </span>
     <span class='ocr_line' id='line_1_16' title="bbox 197 1109 1985 1159; baseline 0.004 -17"><span class='ocrx_word' id='word_1_169' title='bbox 197 1114 255 1143; x_wconf 88' lang='lat' dir='ltr'><strong>tns</strong></span> <span class='ocrx_word' id='word_1_170' title='bbox 282 1119 326 1142; x_wconf 84' lang='lat' dir='ltr'><strong>ex</strong></span> <span class='ocrx_word' id='word_1_171' title='bbox 350 1109 438 1144; x_wconf 88' lang='lat' dir='ltr'><strong>Luc.</strong></span> <span class='ocrx_word' id='word_1_172' title='bbox 466 1121 544 1154; x_wconf 91' lang='lat' dir='ltr'><strong>cap.</strong></span> <span class='ocrx_word' id='word_1_173' title='bbox 572 1113 627 1147; x_wconf 58' lang='lat'>¹11.</span> <span class='ocrx_word' id='word_1_174' title='bbox 653 1124 681 1147; x_wconf 92' lang='lat' dir='ltr'><strong>v.</strong></span> <span class='ocrx_word' id='word_1_175' title='bbox 708 1113 764 1149; x_wconf 69' lang='lat'><strong>28.</strong></span> <span class='ocrx_word' id='word_1_176' title='bbox 792 1114 910 1159; x_wconf 85' lang='lat' dir='ltr'><strong>Seelig</strong></span> <span class='ocrx_word' id='word_1_177' title='bbox 935 1114 1015 1149; x_wconf 90' lang='lat' dir='ltr'><strong>sind</strong></span> <span class='ocrx_word' id='word_1_178' title='bbox 1041 1115 1097 1149; x_wconf 89' lang='lat' dir='ltr'><strong>die</strong></span> <span class='ocrx_word' id='word_1_179' title='bbox 1122 1115 1248 1150; x_wconf 87' lang='lat' dir='ltr'><strong>Gottes</strong></span> <span class='ocrx_word' id='word_1_180' title='bbox 1274 1118 1363 1148; x_wconf 77' lang='lat' dir='ltr'><strong>wort</strong></span> <span class='ocrx_word' id='word_1_181' title='bbox 1396 1114 1509 1149; x_wconf 66' lang='lat' dir='ltr'><strong>heren</strong></span> <span class='ocrx_word' id='word_1_182' title='bbox 1534 1119 1602 1149; x_wconf 84' lang='lat' dir='ltr'><strong>etc.</strong></span> <span class='ocrx_word' id='word_1_183' title='bbox 1652 1114 1770 1148; x_wconf 86' lang='lat' dir='ltr'><strong>Aedes</strong></span> <span class='ocrx_word' id='word_1_184' title='bbox 1795 1114 1831 1149; x_wconf 90' lang='lat' dir='ltr'><strong>in</strong></span> <span class='ocrx_word' id='word_1_185' title='bbox 1858 1115 1985 1158; x_wconf 83' lang='lat' dir='ltr'><strong>quibus</strong></span> 
     </span>
     <span class='ocr_line' id='line_1_17' title="bbox 196 1166 1984 1219; baseline 0.003 -18"><span class='ocrx_word' id='word_1_186' title='bbox 196 1168 303 1202; x_wconf 87' lang='lat' dir='ltr'><strong>vitam</strong></span> <span class='ocrx_word' id='word_1_187' title='bbox 327 1166 419 1201; x_wconf 89' lang='lat' dir='ltr'><strong>finiit</strong></span> <span class='ocrx_word' id='word_1_188' title='bbox 445 1174 529 1203; x_wconf 87' lang='lat' dir='ltr'><strong>sunt</strong></span> <span class='ocrx_word' id='word_1_189' title='bbox 553 1170 597 1206; x_wconf 78' lang='lat' dir='ltr'><strong>N.</strong></span> <span class='ocrx_word' id='word_1_190' title='bbox 625 1171 929 1207; x_wconf 89' lang='lat' dir='ltr'><strong>Hillebrandi.</strong></span> <span class='ocrx_word' id='word_1_191' title='bbox 974 1173 1151 1219; x_wconf 85' lang='lat' dir='ltr'><strong>Resculae</strong></span> <span class='ocrx_word' id='word_1_192' title='bbox 1175 1173 1300 1218; x_wconf 79' lang='lat' dir='ltr'><strong>ipsiuS,</strong></span> <span class='ocrx_word' id='word_1_193' title='bbox 1330 1184 1418 1217; x_wconf 82' lang='lat' dir='ltr'><strong>quas</strong></span> <span class='ocrx_word' id='word_1_194' title='bbox 1445 1183 1565 1208; x_wconf 87' lang='lat' dir='ltr'><strong>secum</strong></span> <span class='ocrx_word' id='word_1_195' title='bbox 1592 1172 1826 1207; x_wconf 85' lang='lat' dir='ltr'><strong>Ratisbonam</strong></span> <span class='ocrx_word' id='word_1_196' title='bbox 1852 1173 1984 1217; x_wconf 84' lang='lat' dir='ltr'><strong>attulit,</strong></span> 
     </span>
     <span class='ocr_line' id='line_1_18' title="bbox 197 1225 1987 1276; baseline 0.003 -16"><span class='ocrx_word' id='word_1_197' title='bbox 197 1225 311 1268; x_wconf 83' lang='lat' dir='ltr'><strong>sigillo</strong></span> <span class='ocrx_word' id='word_1_198' title='bbox 337 1230 419 1261; x_wconf 88' lang='lat' dir='ltr'><strong>sunt</strong></span> <span class='ocrx_word' id='word_1_199' title='bbox 443 1229 679 1264; x_wconf 80' lang='lat' dir='ltr'><strong>communitae</strong></span> <span class='ocrx_word' id='word_1_200' title='bbox 703 1241 816 1275; x_wconf 86' lang='lat' dir='ltr'><strong>usque</strong></span> <span class='ocrx_word' id='word_1_201' title='bbox 842 1231 886 1266; x_wconf 86' lang='lat' dir='ltr'><strong>ad</strong></span> <span class='ocrx_word' id='word_1_202' title='bbox 912 1230 1103 1266; x_wconf 79' lang='lat' dir='ltr'><strong>adventum</strong></span> <span class='ocrx_word' id='word_1_203' title='bbox 1128 1232 1241 1276; x_wconf 89' lang='lat' dir='ltr'><strong>ipsius</strong></span> <span class='ocrx_word' id='word_1_204' title='bbox 1266 1232 1414 1276; x_wconf 76' lang='lat' dir='ltr'><strong>Uxoris,</strong></span> <span class='ocrx_word' id='word_1_205' title='bbox 1443 1231 1520 1276; x_wconf 87' lang='lat' dir='ltr'><strong>jam</strong></span> <span class='ocrx_word' id='word_1_206' title='bbox 1550 1231 1687 1266; x_wconf 70' lang='lat' dir='ltr'><strong>viduae.</strong></span> <span class='ocrx_word' id='word_1_207' title='bbox 1738 1232 1794 1266; x_wconf 87' lang='lat' dir='ltr'><strong>Ita</strong></span> <span class='ocrx_word' id='word_1_208' title='bbox 1818 1236 1905 1276; x_wconf 91' lang='lat' dir='ltr'><strong>puto</strong></span> <span class='ocrx_word' id='word_1_209' title='bbox 1931 1242 1987 1266; x_wconf 89' lang='lat' dir='ltr'><strong>me</strong></span> 
     </span>
     <span class='ocr_line' id='line_1_19' title="bbox 197 1284 1989 1335; baseline 0.005 -19"><span class='ocrx_word' id='word_1_210' title='bbox 197 1293 319 1318; x_wconf 77' lang='lat' dir='ltr'><strong>omnes</strong></span> <span class='ocrx_word' id='word_1_211' title='bbox 357 1284 644 1322; x_wconf 74' lang='lat' dir='ltr'><strong>circumstantias</strong></span> <span class='ocrx_word' id='word_1_212' title='bbox 681 1293 1012 1326; x_wconf 79' lang='lat' dir='ltr'><strong>commemorasse.“</strong></span> <span class='ocrx_word' id='word_1_213' title='bbox 1063 1291 1162 1325; x_wconf 87' lang='lat' dir='ltr'><strong>Haec</strong></span> <span class='ocrx_word' id='word_1_214' title='bbox 1186 1291 1398 1333; x_wconf 75' lang='lat' dir='ltr'><strong>Fischerus,</strong></span> <span class='ocrx_word' id='word_1_215' title='bbox 1439 1291 1568 1335; x_wconf 88' lang='lat' dir='ltr'><strong>quibus</strong></span> <span class='ocrx_word' id='word_1_216' title='bbox 1601 1289 1713 1334; x_wconf 87' lang='lat' dir='ltr'><strong>addo,</strong></span> <span class='ocrx_word' id='word_1_217' title='bbox 1747 1290 1841 1335; x_wconf 86' lang='lat' dir='ltr'><strong>quod</strong></span> <span class='ocrx_word' id='word_1_218' title='bbox 1873 1301 1989 1335; x_wconf 83' lang='lat' dir='ltr'><strong>nuper</strong></span> 
     </span>
     <span class='ocr_line' id='line_1_20' title="bbox 197 1341 1989 1394; baseline 0.006 -20"><span class='ocrx_word' id='word_1_219' title='bbox 197 1341 417 1376; x_wconf 81' lang='lat' dir='ltr'><strong>Ratisbonae</strong></span> <span class='ocrx_word' id='word_1_220' title='bbox 449 1346 550 1378; x_wconf 79' lang='lat' dir='ltr'><strong>tanta</strong></span> <span class='ocrx_word' id='word_1_221' title='bbox 582 1345 680 1380; x_wconf 90' lang='lat' dir='ltr'><strong>illum</strong></span> <span class='ocrx_word' id='word_1_222' title='bbox 705 1347 905 1391; x_wconf 83' lang='lat' dir='ltr'><strong>Imperator</strong></span> <span class='ocrx_word' id='word_1_223' title='bbox 935 1352 1057 1384; x_wconf 88' lang='lat' dir='ltr'><strong>noster</strong></span> <span class='ocrx_word' id='word_1_224' title='bbox 1086 1348 1336 1384; x_wconf 88' lang='lat' dir='ltr'><strong>Ferdinandus</strong></span> <span class='ocrx_word' id='word_1_225' title='bbox 1368 1350 1483 1394; x_wconf 81' lang='lat' dir='ltr'><strong>gratia</strong></span> <span class='ocrx_word' id='word_1_226' title='bbox 1515 1354 1550 1384; x_wconf 87' lang='lat' dir='ltr'><strong>et</strong></span> <span class='ocrx_word' id='word_1_227' title='bbox 1575 1349 1762 1383; x_wconf 87' lang='lat' dir='ltr'><strong>clementia</strong></span> <span class='ocrx_word' id='word_1_228' title='bbox 1795 1359 1989 1393; x_wconf 88' lang='lat' dir='ltr'><strong>proseque-</strong></span> 
     </span>
     <span class='ocr_line' id='line_1_21' title="bbox 198 1399 1989 1451; baseline 0.005 -19"><span class='ocrx_word' id='word_1_229' title='bbox 198 1400 303 1434; x_wconf 85' lang='lat' dir='ltr'><strong>batur</strong></span> <span class='ocrx_word' id='word_1_230' title='bbox 326 1399 418 1435; x_wconf 89' lang='lat' dir='ltr'><strong>lecto</strong></span> <span class='ocrx_word' id='word_1_231' title='bbox 445 1401 725 1448; x_wconf 83' lang='lat' dir='ltr'><strong>decumbentem,</strong></span> <span class='ocrx_word' id='word_1_232' title='bbox 752 1410 789 1439; x_wconf 88' lang='lat' dir='ltr'><strong>ut</strong></span> <span class='ocrx_word' id='word_1_233' title='bbox 809 1417 888 1441; x_wconf 90' lang='lat' dir='ltr'><strong>cum</strong></span> <span class='ocrx_word' id='word_1_234' title='bbox 906 1407 1022 1441; x_wconf 81' lang='lat' dir='ltr'><strong>navim</strong></span> <span class='ocrx_word' id='word_1_235' title='bbox 1045 1407 1311 1442; x_wconf 86' lang='lat' dir='ltr'><strong>conscendisset</strong></span> <span class='ocrx_word' id='word_1_236' title='bbox 1331 1412 1365 1442; x_wconf 92' lang='lat' dir='ltr'><strong>et</strong></span> <span class='ocrx_word' id='word_1_237' title='bbox 1387 1407 1533 1451; x_wconf 82' lang='lat' dir='ltr'><strong>jamjam</strong></span> <span class='ocrx_word' id='word_1_238' title='bbox 1553 1407 1649 1442; x_wconf 85' lang='lat' dir='ltr'><strong>abire</strong></span> <span class='ocrx_word' id='word_1_239' title='bbox 1667 1407 1847 1450; x_wconf 77' lang='lat' dir='ltr'><strong>voluisset,</strong></span> <span class='ocrx_word' id='word_1_240' title='bbox 1867 1407 1989 1442; x_wconf 87' lang='lat' dir='ltr'><strong>audita</strong></span> 
     </span>
     <span class='ocr_line' id='line_1_22' title="bbox 199 1457 1988 1509; baseline 0.003 -18"><span class='ocrx_word' id='word_1_241' title='bbox 199 1457 370 1502; x_wconf 83' lang='lat' dir='ltr'><strong>Keppleri</strong></span> <span class='ocrx_word' id='word_1_242' title='bbox 395 1458 544 1494; x_wconf 85' lang='lat' dir='ltr'><strong>adversa</strong></span> <span class='ocrx_word' id='word_1_243' title='bbox 576 1461 780 1497; x_wconf 82' lang='lat' dir='ltr'><strong>valetudine</strong></span> <span class='ocrx_word' id='word_1_244' title='bbox 804 1473 869 1508; x_wconf 90' lang='lat' dir='ltr'><strong>per</strong></span> <span class='ocrx_word' id='word_1_245' title='bbox 894 1475 977 1499; x_wconf 86' lang='lat' dir='ltr'><strong>suos</strong></span> <span class='ocrx_word' id='word_1_246' title='bbox 1002 1465 1119 1508; x_wconf 88' lang='lat' dir='ltr'><strong>ipsum</strong></span> <span class='ocrx_word' id='word_1_247' title='bbox 1144 1465 1312 1506; x_wconf 82' lang='lat' dir='ltr'><strong>invisere,</strong></span> <span class='ocrx_word' id='word_1_248' title='bbox 1351 1466 1455 1509; x_wconf 90' lang='lat' dir='ltr'><strong>eique</strong></span> <span class='ocrx_word' id='word_1_249' title='bbox 1480 1466 1525 1502; x_wconf 81' lang='lat'><strong>30</strong></span> <span class='ocrx_word' id='word_1_250' title='bbox 1551 1465 1604 1499; x_wconf 86' lang='lat' dir='ltr'><strong>vel</strong></span> <span class='ocrx_word' id='word_1_251' title='bbox 1637 1469 1676 1500; x_wconf 90' lang='lat' dir='ltr'><strong>ut</strong></span> <span class='ocrx_word' id='word_1_252' title='bbox 1711 1465 1770 1499; x_wconf 84' lang='lat' dir='ltr'><strong>alii</strong></span> <span class='ocrx_word' id='word_1_253' title='bbox 1795 1464 1920 1499; x_wconf 87' lang='lat' dir='ltr'><strong>volunt</strong></span> <span class='ocrx_word' id='word_1_254' title='bbox 1944 1465 1988 1499; x_wconf 67' lang='lat'><strong>25</strong></span> 
     </span>
     <span class='ocr_line' id='line_1_23' title="bbox 199 1519 1988 1568; baseline 0.004 -19"><span class='ocrx_word' id='word_1_255' title='bbox 199 1525 387 1551; x_wconf 85' lang='lat' dir='ltr'><strong>aureorum</strong></span> <span class='ocrx_word' id='word_1_256' title='bbox 413 1519 662 1562; x_wconf 83' lang='lat' dir='ltr'><strong>ungaricorum</strong></span> <span class='ocrx_word' id='word_1_257' title='bbox 688 1520 934 1558; x_wconf 81' lang='lat' dir='ltr'><strong>valedictionis</strong></span> <span class='ocrx_word' id='word_1_258' title='bbox 952 1523 1093 1558; x_wconf 88' lang='lat' dir='ltr'><strong>nomine</strong></span> <span class='ocrx_word' id='word_1_259' title='bbox 1119 1522 1239 1558; x_wconf 85' lang='lat' dir='ltr'><strong>offerri</strong></span> <span class='ocrx_word' id='word_1_260' title='bbox 1264 1524 1355 1559; x_wconf 90' lang='lat' dir='ltr'><strong>serio</strong></span> <span class='ocrx_word' id='word_1_261' title='bbox 1376 1523 1537 1568; x_wconf 84' lang='lat' dir='ltr'><strong>jusserit.</strong></span> <span class='ocrx_word' id='word_1_262' title='bbox 1580 1525 1620 1558; x_wconf 92' lang='lat' dir='ltr'><strong>In</strong></span> <span class='ocrx_word' id='word_1_263' title='bbox 1646 1522 1770 1558; x_wconf 89' lang='lat' dir='ltr'><strong>ultimo</strong></span> <span class='ocrx_word' id='word_1_264' title='bbox 1794 1522 1870 1557; x_wconf 88' lang='lat' dir='ltr'><strong>fere</strong></span> <span class='ocrx_word' id='word_1_265' title='bbox 1893 1523 1988 1556; x_wconf 64' lang='lat' dir='ltr'><strong>vitae</strong></span> 
     </span>
     <span class='ocr_line' id='line_1_24' title="bbox 199 1573 1987 1625; baseline 0.004 -18"><span class='ocrx_word' id='word_1_266' title='bbox 199 1573 350 1609; x_wconf 88' lang='lat' dir='ltr'><strong>articulo</strong></span> <span class='ocrx_word' id='word_1_267' title='bbox 375 1575 633 1621; x_wconf 78' lang='lat' dir='ltr'><strong>interrogatus,</strong></span> <span class='ocrx_word' id='word_1_268' title='bbox 666 1589 736 1622; x_wconf 89' lang='lat' dir='ltr'><strong>quo</strong></span> <span class='ocrx_word' id='word_1_269' title='bbox 768 1581 884 1616; x_wconf 88' lang='lat' dir='ltr'><strong>medio</strong></span> <span class='ocrx_word' id='word_1_270' title='bbox 911 1590 948 1615; x_wconf 90' lang='lat' dir='ltr'><strong>se</strong></span> <span class='ocrx_word' id='word_1_271' title='bbox 974 1580 1120 1616; x_wconf 89' lang='lat' dir='ltr'><strong>tandem</strong></span> <span class='ocrx_word' id='word_1_272' title='bbox 1146 1581 1283 1616; x_wconf 87' lang='lat' dir='ltr'><strong>salvum</strong></span> <span class='ocrx_word' id='word_1_273' title='bbox 1307 1581 1384 1617; x_wconf 91' lang='lat' dir='ltr'><strong>fieri</strong></span> <span class='ocrx_word' id='word_1_274' title='bbox 1411 1581 1551 1625; x_wconf 83' lang='lat' dir='ltr'><strong>credat,</strong></span> <span class='ocrx_word' id='word_1_275' title='bbox 1586 1580 1808 1616; x_wconf 84' lang='lat' dir='ltr'><strong>confidenter</strong></span> <span class='ocrx_word' id='word_1_276' title='bbox 1840 1590 1987 1624; x_wconf 87' lang='lat' dir='ltr'><strong>respon-</strong></span> 
     </span>
     <span class='ocr_line' id='line_1_25' title="bbox 201 1632 1986 1684; baseline 0.003 -17"><span class='ocrx_word' id='word_1_277' title='bbox 201 1632 324 1667; x_wconf 85' lang='lat' dir='ltr'><strong>debat:</strong></span> <span class='ocrx_word' id='word_1_278' title='bbox 357 1634 469 1670; x_wconf 78' lang='lat' dir='ltr'><strong>Unico</strong></span> <span class='ocrx_word' id='word_1_279' title='bbox 496 1635 702 1672; x_wconf 59' lang='lat' dir='ltr'><strong>Salv-aroris</strong></span> <span class='ocrx_word' id='word_1_280' title='bbox 726 1639 844 1674; x_wconf 72' lang='lat' dir='ltr'><strong>nostri</strong></span> <span class='ocrx_word' id='word_1_281' title='bbox 867 1639 958 1674; x_wconf 74' lang='lat' dir='ltr'><strong>Jcsu</strong></span> <span class='ocrx_word' id='word_1_282' title='bbox 986 1639 1124 1676; x_wconf 69' lang='lat' dir='ltr'><strong>Christi</strong></span> <span class='ocrx_word' id='word_1_283' title='bbox 1146 1641 1293 1684; x_wconf 77' lang='lat' dir='ltr'><strong>merito,</strong></span> <span class='ocrx_word' id='word_1_284' title='bbox 1327 1640 1362 1674; x_wconf 87' lang='lat' dir='ltr'><strong>in</strong></span> <span class='ocrx_word' id='word_1_285' title='bbox 1389 1640 1484 1684; x_wconf 87' lang='lat' dir='ltr'><strong>quod</strong></span> <span class='ocrx_word' id='word_1_286' title='bbox 1511 1639 1646 1674; x_wconf 86' lang='lat' dir='ltr'><strong>scilicet</strong></span> <span class='ocrx_word' id='word_1_287' title='bbox 1672 1649 1775 1673; x_wconf 90' lang='lat' dir='ltr'><strong>omne</strong></span> <span class='ocrx_word' id='word_1_288' title='bbox 1798 1638 1986 1681; x_wconf 69' lang='lat' dir='ltr'><strong>refugium,</strong></span> 
     </span>
     <span class='ocr_line' id='line_1_26' title="bbox 199 1689 1987 1739; baseline 0.003 -15"><span class='ocrx_word' id='word_1_289' title='bbox 199 1689 366 1732; x_wconf 82' lang='lat' dir='ltr'><strong>solatium</strong></span> <span class='ocrx_word' id='word_1_290' title='bbox 392 1695 427 1726; x_wconf 88' lang='lat' dir='ltr'><strong>et</strong></span> <span class='ocrx_word' id='word_1_291' title='bbox 451 1693 602 1728; x_wconf 84' lang='lat' dir='ltr'><strong>salutem</strong></span> <span class='ocrx_word' id='word_1_292' title='bbox 627 1705 729 1730; x_wconf 85' lang='lat' dir='ltr'><strong>suam</strong></span> <span class='ocrx_word' id='word_1_293' title='bbox 755 1696 939 1731; x_wconf 86' lang='lat' dir='ltr'><strong>fundatam</strong></span> <span class='ocrx_word' id='word_1_294' title='bbox 966 1707 1044 1731; x_wconf 83' lang='lat' dir='ltr'><strong>esse</strong></span> <span class='ocrx_word' id='word_1_295' title='bbox 1071 1698 1359 1732; x_wconf 83' lang='lat' dir='ltr'><strong>constantissime</strong></span> <span class='ocrx_word' id='word_1_296' title='bbox 1393 1708 1431 1732; x_wconf 90' lang='lat' dir='ltr'><strong>se</strong></span> <span class='ocrx_word' id='word_1_297' title='bbox 1457 1697 1594 1732; x_wconf 85' lang='lat' dir='ltr'><strong>testari.</strong></span> <span class='ocrx_word' id='word_1_298' title='bbox 1646 1696 1703 1731; x_wconf 82' lang='lat' dir='ltr'><strong>Sic</strong></span> <span class='ocrx_word' id='word_1_299' title='bbox 1729 1696 1871 1731; x_wconf 88' lang='lat' dir='ltr'><strong>omnino</strong></span> <span class='ocrx_word' id='word_1_300' title='bbox 1898 1696 1987 1739; x_wconf 87' lang='lat' dir='ltr'><strong>peti-</strong></span> 
     </span>
     <span class='ocr_line' id='line_1_27' title="bbox 198 1748 1987 1800; baseline 0.003 -18"><span class='ocrx_word' id='word_1_301' title='bbox 198 1748 285 1782; x_wconf 87' lang='lat' dir='ltr'><strong>tioni</strong></span> <span class='ocrx_word' id='word_1_302' title='bbox 318 1754 401 1784; x_wconf 88' lang='lat' dir='ltr'><strong>tuae</strong></span> <span class='ocrx_word' id='word_1_303' title='bbox 435 1751 658 1787; x_wconf 83' lang='lat' dir='ltr'><strong>satisfactum</strong></span> <span class='ocrx_word' id='word_1_304' title='bbox 690 1758 789 1798; x_wconf 89' lang='lat' dir='ltr'><strong>puto.</strong></span> <span class='ocrx_word' id='word_1_305' title='bbox 850 1755 954 1798; x_wconf 82' lang='lat' dir='ltr'><strong>Quod</strong></span> <span class='ocrx_word' id='word_1_306' title='bbox 988 1760 1100 1790; x_wconf 84' lang='lat' dir='ltr'><strong>restat</strong></span> <span class='ocrx_word' id='word_1_307' title='bbox 1133 1760 1167 1790; x_wconf 91' lang='lat' dir='ltr'><strong>et</strong></span> <span class='ocrx_word' id='word_1_308' title='bbox 1200 1766 1265 1800; x_wconf 85' lang='lat' dir='ltr'><strong>pro</strong></span> <span class='ocrx_word' id='word_1_309' title='bbox 1301 1755 1422 1790; x_wconf 84' lang='lat' dir='ltr'><strong>oblato</strong></span> <span class='ocrx_word' id='word_1_310' title='bbox 1456 1756 1644 1790; x_wconf 84' lang='lat' dir='ltr'><strong>Musarum</strong></span> <span class='ocrx_word' id='word_1_311' title='bbox 1678 1758 1743 1789; x_wconf 86' lang='lat' dir='ltr'><strong>etc.</strong></span> <span class='ocrx_word' id='word_1_312' title='bbox 1787 1753 1987 1797; x_wconf 88' lang='lat' dir='ltr'><strong>salutisque</strong></span> 
     </span>
     <span class='ocr_line' id='line_1_28' title="bbox 200 1806 1988 1858; baseline 0.003 -19"><span class='ocrx_word' id='word_1_313' title='bbox 200 1806 338 1850; x_wconf 81' lang='lat' dir='ltr'><strong>favore,</strong></span> <span class='ocrx_word' id='word_1_314' title='bbox 367 1819 437 1851; x_wconf 91' lang='lat' dir='ltr'><strong>quo</strong></span> <span class='ocrx_word' id='word_1_315' title='bbox 463 1820 518 1844; x_wconf 88' lang='lat' dir='ltr'><strong>me</strong></span> <span class='ocrx_word' id='word_1_316' title='bbox 543 1812 713 1855; x_wconf 86' lang='lat' dir='ltr'><strong>prosequi</strong></span> <span class='ocrx_word' id='word_1_317' title='bbox 737 1812 849 1847; x_wconf 88' lang='lat' dir='ltr'><strong>literis</strong></span> <span class='ocrx_word' id='word_1_318' title='bbox 875 1813 947 1847; x_wconf 87' lang='lat' dir='ltr'><strong>tuis</strong></span> <span class='ocrx_word' id='word_1_319' title='bbox 973 1813 1133 1856; x_wconf 88' lang='lat' dir='ltr'><strong>voluisti,</strong></span> <span class='ocrx_word' id='word_1_320' title='bbox 1166 1824 1222 1847; x_wconf 87' lang='lat' dir='ltr'><strong>me</strong></span> <span class='ocrx_word' id='word_1_321' title='bbox 1248 1823 1388 1858; x_wconf 83' lang='lat' dir='ltr'><strong>semper</strong></span> <span class='ocrx_word' id='word_1_322' title='bbox 1413 1812 1563 1848; x_wconf 82' lang='lat' dir='ltr'><strong>habebis</strong></span> <span class='ocrx_word' id='word_1_323' title='bbox 1594 1812 1691 1846; x_wconf 88' lang='lat' dir='ltr'><strong>mille</strong></span> <span class='ocrx_word' id='word_1_324' title='bbox 1716 1811 1828 1846; x_wconf 86' lang='lat' dir='ltr'><strong>modis</strong></span> <span class='ocrx_word' id='word_1_325' title='bbox 1856 1810 1988 1855; x_wconf 81' lang='lat' dir='ltr'><strong>obliga-</strong></span> 
     </span>
     <span class='ocr_line' id='line_1_29' title="bbox 199 1864 1579 1916; baseline 0.007 -19"><span class='ocrx_word' id='word_1_326' title='bbox 199 1864 374 1899; x_wconf 87' lang='lat' dir='ltr'><strong>tissimum</strong></span> <span class='ocrx_word' id='word_1_327' title='bbox 399 1867 514 1901; x_wconf 90' lang='lat' dir='ltr'><strong>Tuum</strong></span> <span class='ocrx_word' id='word_1_328' title='bbox 540 1868 579 1904; x_wconf 80' lang='lat' dir='ltr'><strong>S.</strong></span> <span class='ocrx_word' id='word_1_329' title='bbox 604 1869 796 1906; x_wconf 76' lang='lat' dir='ltr'><strong>Lansium.</strong></span> <span class='ocrx_word' id='word_1_330' title='bbox 837 1870 1018 1916; x_wconf 87' lang='lat' dir='ltr'><strong>Scriptum</strong></span> <span class='ocrx_word' id='word_1_331' title='bbox 1043 1871 1261 1906; x_wconf 80' lang='lat' dir='ltr'><strong>Ratisbonae</strong></span> <span class='ocrx_word' id='word_1_332' title='bbox 1287 1871 1352 1914; x_wconf 60' lang='lat'><strong>24„</strong></span> <span class='ocrx_word' id='word_1_333' title='bbox 1368 1871 1451 1907; x_wconf 73' lang='lat' dir='ltr'><strong>JaU.</strong></span> <span class='ocrx_word' id='word_1_334' title='bbox 1480 1871 1579 1907; x_wconf 83' lang='lat'><strong>1631.</strong></span> 
     </span>
    </p>

    <p class='ocr_par' dir='ltr' id='par_1_3' title="bbox 339 1924 1450 1973">
     <span class='ocr_line' id='line_1_30' title="bbox 339 1924 1450 1973; baseline 0.005 -15"><span class='ocrx_word' id='word_1_335' title='bbox 339 1924 600 1961; x_wconf 88' lang='lat' dir='ltr'><strong>Gulielmus</strong></span> <span class='ocrx_word' id='word_1_336' title='bbox 622 1927 940 1965; x_wconf 81' lang='lat' dir='ltr'><strong>Schickardus</strong></span> <span class='ocrx_word' id='word_1_337' title='bbox 965 1930 1054 1965; x_wconf 86' lang='lat' dir='ltr'><strong>haec</strong></span> <span class='ocrx_word' id='word_1_338' title='bbox 1080 1929 1179 1965; x_wconf 86' lang='lat' dir='ltr'><strong>dedit</strong></span> <span class='ocrx_word' id='word_1_339' title='bbox 1204 1930 1450 1973; x_wconf 76' lang='lat' dir='ltr'><strong>Berneggero:</strong></span> 
     </span>
    </p>

    <p class='ocr_par' dir='ltr' id='par_1_4' title="bbox 202 1983 2032 2726">
     <span class='ocr_line' id='line_1_31' title="bbox 341 1983 1989 2031; baseline 0.002 -15"><span class='ocrx_word' id='word_1_340' title='bbox 341 1983 582 2019; x_wconf 78' lang='lat' dir='ltr'><strong>Schickardus</strong></span> <span class='ocrx_word' id='word_1_341' title='bbox 600 1985 826 2031; x_wconf 77' lang='lat' dir='ltr'><strong>Berneggero</strong></span> <span class='ocrx_word' id='word_1_342' title='bbox 846 1988 881 2023; x_wconf 89' lang='lat' dir='ltr'><strong>S.</strong></span> <span class='ocrx_word' id='word_1_343' title='bbox 909 1992 945 2022; x_wconf 87' lang='lat' dir='ltr'><strong>et</strong></span> <span class='ocrx_word' id='word_1_344' title='bbox 968 1988 1258 2023; x_wconf 87' lang='lat' dir='ltr'><strong>incolumitatem.</strong></span> <span class='ocrx_word' id='word_1_345' title='bbox 1311 1988 1415 2030; x_wconf 81' lang='lat' dir='ltr'><strong>Quod</strong></span> <span class='ocrx_word' id='word_1_346' title='bbox 1440 1987 1543 2021; x_wconf 86' lang='lat' dir='ltr'><strong>siccis</strong></span> <span class='ocrx_word' id='word_1_347' title='bbox 1568 1985 1682 2021; x_wconf 90' lang='lat' dir='ltr'><strong>oculis</strong></span> <span class='ocrx_word' id='word_1_348' title='bbox 1707 1985 1766 2019; x_wconf 80' lang='lat' dir='ltr'><strong>vix</strong></span> <span class='ocrx_word' id='word_1_349' title='bbox 1791 1985 1855 2020; x_wconf 89' lang='lat' dir='ltr'><strong>tibi</strong></span> <span class='ocrx_word' id='word_1_350' title='bbox 1880 1986 1989 2030; x_wconf 83' lang='lat' dir='ltr'><strong>signi-</strong></span> 
     </span>
     <span class='ocr_line' id='line_1_32' title="bbox 203 2039 2032 2090; baseline 0.003 -18"><span class='ocrx_word' id='word_1_351' title='bbox 203 2039 309 2074; x_wconf 86' lang='lat' dir='ltr'><strong>ficare</strong></span> <span class='ocrx_word' id='word_1_352' title='bbox 340 2051 504 2086; x_wconf 88' lang='lat' dir='ltr'><strong>possum,</strong></span> <span class='ocrx_word' id='word_1_353' title='bbox 540 2044 823 2087; x_wconf 82' lang='lat' dir='ltr'><strong>praeclarissime</strong></span> <span class='ocrx_word' id='word_1_354' title='bbox 847 2047 889 2081; x_wconf 95' lang='lat' dir='ltr'><strong>D.</strong></span> <span class='ocrx_word' id='word_1_355' title='bbox 915 2047 1158 2090; x_wconf 70' lang='lat' dir='ltr'><strong>Ber-neggere,</strong></span> <span class='ocrx_word' id='word_1_356' title='bbox 1191 2046 1385 2081; x_wconf 87' lang='lat' dir='ltr'><strong>amicorum</strong></span> <span class='ocrx_word' id='word_1_357' title='bbox 1409 2044 1596 2088; x_wconf 84' lang='lat' dir='ltr'><strong>fidissime,</strong></span> <span class='ocrx_word' id='word_1_358' title='bbox 1621 2043 1848 2079; x_wconf 85' lang='lat' dir='ltr'><strong>dissimulare</strong></span> <span class='ocrx_word' id='word_1_359' title='bbox 1871 2048 1989 2079; x_wconf 87' lang='lat' dir='ltr'><strong>tamen</strong></span> <span class='ocrx_word' id='word_1_360' title='bbox 2029 2069 2032 2072; x_wconf 78' lang='lat'>-</span> 
     </span>
     <span class='ocr_line' id='line_1_33' title="bbox 203 2098 1989 2148; baseline 0.003 -17"><span class='ocrx_word' id='word_1_361' title='bbox 203 2098 300 2132; x_wconf 89' lang='lat' dir='ltr'><strong>haud</strong></span> <span class='ocrx_word' id='word_1_362' title='bbox 327 2099 451 2145; x_wconf 83' lang='lat' dir='ltr'><strong>debeo,</strong></span> <span class='ocrx_word' id='word_1_363' title='bbox 478 2112 709 2147; x_wconf 75' lang='lat' dir='ltr'><strong>communem,</strong></span> <span class='ocrx_word' id='word_1_364' title='bbox 738 2103 807 2138; x_wconf 87' lang='lat' dir='ltr'><strong>heu</strong></span> <span class='ocrx_word' id='word_1_365' title='bbox 834 2104 1028 2148; x_wconf 82' lang='lat' dir='ltr'><strong>quondam!</strong></span> <span class='ocrx_word' id='word_1_366' title='bbox 1055 2109 1216 2139; x_wconf 89' lang='lat' dir='ltr'><strong>nostrum</strong></span> <span class='ocrx_word' id='word_1_367' title='bbox 1243 2103 1482 2148; x_wconf 83' lang='lat' dir='ltr'><strong>Kepplerum,</strong></span> <span class='ocrx_word' id='word_1_368' title='bbox 1515 2102 1604 2137; x_wconf 90' lang='lat' dir='ltr'><strong>illud</strong></span> <span class='ocrx_word' id='word_1_369' title='bbox 1630 2101 1873 2137; x_wconf 81' lang='lat' dir='ltr'><strong>mathematici</strong></span> <span class='ocrx_word' id='word_1_370' title='bbox 1898 2102 1989 2137; x_wconf 92' lang='lat' dir='ltr'><strong>coeli</strong></span> 
     </span>
     <span class='ocr_line' id='line_1_34' title="bbox 202 2155 1989 2204; baseline 0.003 -15"><span class='ocrx_word' id='word_1_371' title='bbox 202 2155 300 2190; x_wconf 87' lang='lat' dir='ltr'><strong>sidus</strong></span> <span class='ocrx_word' id='word_1_372' title='bbox 326 2157 460 2201; x_wconf 88' lang='lat' dir='ltr'><strong>primae</strong></span> <span class='ocrx_word' id='word_1_373' title='bbox 484 2159 752 2203; x_wconf 77' lang='lat' dir='ltr'><strong>magnitudinis,</strong></span> <span class='ocrx_word' id='word_1_374' title='bbox 780 2161 990 2196; x_wconf 87' lang='lat' dir='ltr'><strong>occubuisse</strong></span> <span class='ocrx_word' id='word_1_375' title='bbox 1017 2172 1058 2196; x_wconf 86' lang='lat' dir='ltr'><strong>ac</strong></span> <span class='ocrx_word' id='word_1_376' title='bbox 1082 2161 1310 2196; x_wconf 86' lang='lat' dir='ltr'><strong>mortalitatis</strong></span> <span class='ocrx_word' id='word_1_377' title='bbox 1328 2162 1549 2196; x_wconf 81' lang='lat' dir='ltr'><strong>horizontem</strong></span> <span class='ocrx_word' id='word_1_378' title='bbox 1575 2160 1726 2196; x_wconf 82' lang='lat' dir='ltr'><strong>subiisse</strong></span> <span class='ocrx_word' id='word_1_379' title='bbox 1751 2161 1915 2204; x_wconf 86' lang='lat' dir='ltr'><strong>proxima</strong></span> <span class='ocrx_word' id='word_1_380' title='bbox 1933 2161 1989 2196; x_wconf 89' lang='lat' dir='ltr'><strong>die</strong></span> 
     </span>
     <span class='ocr_line' id='line_1_35' title="bbox 203 2214 1990 2263; baseline 0.003 -16"><span class='ocrx_word' id='word_1_381' title='bbox 203 2214 306 2257; x_wconf 68' lang='grc'><strong>5,]15.</strong></span> <span class='ocrx_word' id='word_1_382' title='bbox 334 2215 422 2250; x_wconf 79' lang='lat' dir='ltr'><strong>Nov.</strong></span> <span class='ocrx_word' id='word_1_383' title='bbox 449 2216 665 2252; x_wconf 86' lang='lat' dir='ltr'><strong>Ratisbonae</strong></span> <span class='ocrx_word' id='word_1_384' title='bbox 698 2218 900 2263; x_wconf 84' lang='lat' dir='ltr'><strong>ibidemque</strong></span> <span class='ocrx_word' id='word_1_385' title='bbox 933 2218 1111 2262; x_wconf 87' lang='lat' dir='ltr'><strong>sepultum</strong></span> <span class='ocrx_word' id='word_1_386' title='bbox 1143 2219 1257 2263; x_wconf 90' lang='lat' dir='ltr'><strong>pridie</strong></span> <span class='ocrx_word' id='word_1_387' title='bbox 1284 2219 1419 2254; x_wconf 85' lang='lat' dir='ltr'><strong>lunaris</strong></span> <span class='ocrx_word' id='word_1_388' title='bbox 1451 2218 1611 2263; x_wconf 70' lang='lat' dir='ltr'><strong>eclipsis,</strong></span> <span class='ocrx_word' id='word_1_389' title='bbox 1645 2223 1683 2252; x_wconf 93' lang='lat' dir='ltr'><strong>ut</strong></span> <span class='ocrx_word' id='word_1_390' title='bbox 1715 2229 1843 2263; x_wconf 88' lang='lat' dir='ltr'><strong>nempe</strong></span> <span class='ocrx_word' id='word_1_391' title='bbox 1871 2229 1990 2253; x_wconf 88' lang='lat' dir='ltr'><strong>coram</strong></span> 
     </span>
     <span class='ocr_line' id='line_1_36' title="bbox 203 2273 1989 2322; baseline 0.002 -16"><span class='ocrx_word' id='word_1_392' title='bbox 203 2283 313 2316; x_wconf 83' lang='lat' dir='ltr'><strong>supra</strong></span> <span class='ocrx_word' id='word_1_393' title='bbox 338 2273 526 2318; x_wconf 87' lang='lat' dir='ltr'><strong>lustraret,</strong></span> <span class='ocrx_word' id='word_1_394' title='bbox 564 2277 661 2319; x_wconf 90' lang='lat' dir='ltr'><strong>quod</strong></span> <span class='ocrx_word' id='word_1_395' title='bbox 687 2276 789 2311; x_wconf 86' lang='lat' dir='ltr'><strong>uobis</strong></span> <span class='ocrx_word' id='word_1_396' title='bbox 815 2277 913 2310; x_wconf 90' lang='lat' dir='ltr'><strong>humi</strong></span> <span class='ocrx_word' id='word_1_397' title='bbox 938 2276 1044 2310; x_wconf 85' lang='lat' dir='ltr'><strong>toties</strong></span> <span class='ocrx_word' id='word_1_398' title='bbox 1069 2276 1280 2311; x_wconf 84' lang='lat' dir='ltr'><strong>monstravit</strong></span> <span class='ocrx_word' id='word_1_399' title='bbox 1313 2280 1421 2321; x_wconf 85' lang='lat' dir='ltr'><strong>atque</strong></span> <span class='ocrx_word' id='word_1_400' title='bbox 1454 2276 1633 2322; x_wconf 80' lang='lat' dir='ltr'><strong>praedixit</strong></span> <span class='ocrx_word' id='word_1_401' title='bbox 1659 2276 1776 2312; x_wconf 89' lang='lat' dir='ltr'><strong>etiam.</strong></span> <span class='ocrx_word' id='word_1_402' title='bbox 1826 2277 1855 2311; x_wconf 93' lang='lat' dir='ltr'>O</span> <span class='ocrx_word' id='word_1_403' title='bbox 1883 2288 1989 2320; x_wconf 88' lang='lat' dir='ltr'><strong>quam</strong></span> 
     </span>
     <span class='ocr_line' id='line_1_37' title="bbox 202 2330 1988 2379; baseline 0.003 -15"><span class='ocrx_word' id='word_1_404' title='bbox 202 2330 462 2367; x_wconf 84' lang='lat' dir='ltr'><strong>inaestimabile</strong></span> <span class='ocrx_word' id='word_1_405' title='bbox 488 2332 656 2369; x_wconf 89' lang='lat' dir='ltr'><strong>damnum</strong></span> <span class='ocrx_word' id='word_1_406' title='bbox 681 2345 810 2378; x_wconf 88' lang='lat' dir='ltr'><strong>passae</strong></span> <span class='ocrx_word' id='word_1_407' title='bbox 836 2339 919 2369; x_wconf 87' lang='lat' dir='ltr'><strong>sunt</strong></span> <span class='ocrx_word' id='word_1_408' title='bbox 943 2334 1012 2369; x_wconf 88' lang='lat' dir='ltr'><strong>hae</strong></span> <span class='ocrx_word' id='word_1_409' title='bbox 1037 2333 1163 2368; x_wconf 85' lang='lat' dir='ltr'><strong>literae</strong></span> <span class='ocrx_word' id='word_1_410' title='bbox 1180 2335 1470 2379; x_wconf 87' lang='lat' dir='ltr'><strong>incomparabilis</strong></span> <span class='ocrx_word' id='word_1_411' title='bbox 1489 2335 1553 2369; x_wconf 85' lang='lat' dir='ltr'><strong>viri</strong></span> <span class='ocrx_word' id='word_1_412' title='bbox 1579 2334 1695 2369; x_wconf 89' lang='lat' dir='ltr'><strong>obitu!</strong></span> <span class='ocrx_word' id='word_1_413' title='bbox 1723 2334 1776 2369; x_wconf 92' lang='lat' dir='ltr'><strong>Ac</strong></span> <span class='ocrx_word' id='word_1_414' title='bbox 1800 2334 1868 2369; x_wconf 88' lang='lat' dir='ltr'><strong>nisi</strong></span> <span class='ocrx_word' id='word_1_415' title='bbox 1887 2336 1988 2371; x_wconf 86' lang='lat' dir='ltr'><strong>Bart-</strong></span> 
     </span>
     <span class='ocr_line' id='line_1_38' title="bbox 204 2388 1989 2437; baseline 0.004 -16"><span class='ocrx_word' id='word_1_416' title='bbox 204 2388 323 2422; x_wconf 85' lang='lat' dir='ltr'><strong>schius</strong></span> <span class='ocrx_word' id='word_1_417' title='bbox 349 2389 497 2434; x_wconf 88' lang='lat' dir='ltr'><strong>aliquis,</strong></span> <span class='ocrx_word' id='word_1_418' title='bbox 533 2397 725 2426; x_wconf 86' lang='lat' dir='ltr'><strong>conatuum</strong></span> <span class='ocrx_word' id='word_1_419' title='bbox 751 2393 915 2428; x_wconf 88' lang='lat' dir='ltr'><strong>conscius</strong></span> <span class='ocrx_word' id='word_1_420' title='bbox 942 2397 977 2427; x_wconf 90' lang='lat' dir='ltr'><strong>et</strong></span> <span class='ocrx_word' id='word_1_421' title='bbox 1000 2392 1137 2437; x_wconf 88' lang='lat' dir='ltr'><strong>peritus</strong></span> <span class='ocrx_word' id='word_1_422' title='bbox 1164 2392 1375 2427; x_wconf 86' lang='lat' dir='ltr'><strong>schedarum</strong></span> <span class='ocrx_word' id='word_1_423' title='bbox 1409 2393 1538 2428; x_wconf 86' lang='lat' dir='ltr'><strong>haeres</strong></span> <span class='ocrx_word' id='word_1_424' title='bbox 1570 2392 1839 2437; x_wconf 87' lang='lat' dir='ltr'><strong>semiperfectas</strong></span> <span class='ocrx_word' id='word_1_425' title='bbox 1869 2393 1989 2428; x_wconf 88' lang='lat' dir='ltr'><strong>inven—</strong></span> 
     </span>
     <span class='ocr_line' id='line_1_39' title="bbox 202 2446 1990 2495; baseline 0.003 -16"><span class='ocrx_word' id='word_1_426' title='bbox 202 2446 317 2481; x_wconf 84' lang='lat' dir='ltr'><strong>tiones</strong></span> <span class='ocrx_word' id='word_1_427' title='bbox 343 2447 518 2491; x_wconf 76' lang='lat' dir='ltr'><strong>absolvat,</strong></span> <span class='ocrx_word' id='word_1_428' title='bbox 542 2449 766 2484; x_wconf 85' lang='lat' dir='ltr'><strong>fraudabitur</strong></span> <span class='ocrx_word' id='word_1_429' title='bbox 791 2450 984 2493; x_wconf 87' lang='lat' dir='ltr'><strong>posteritas</strong></span> <span class='ocrx_word' id='word_1_430' title='bbox 1010 2450 1164 2485; x_wconf 79' lang='lat' dir='ltr'><strong>maximo</strong></span> <span class='ocrx_word' id='word_1_431' title='bbox 1183 2450 1355 2485; x_wconf 90' lang='lat' dir='ltr'><strong>nobilium</strong></span> <span class='ocrx_word' id='word_1_432' title='bbox 1375 2451 1660 2495; x_wconf 84' lang='lat' dir='ltr'><strong>speculationum</strong></span> <span class='ocrx_word' id='word_1_433' title='bbox 1677 2454 1861 2494; x_wconf 79' lang='lat' dir='ltr'><strong>proventu.</strong></span> <span class='ocrx_word' id='word_1_434' title='bbox 1903 2450 1990 2495; x_wconf 77' lang='lat' dir='ltr'><strong>Quis</strong></span> 
     </span>
     <span class='ocr_line' id='line_1_40' title="bbox 202 2506 1988 2553; baseline 0.002 -14"><span class='ocrx_word' id='word_1_435' title='bbox 202 2515 286 2540; x_wconf 79' lang='lat' dir='ltr'><strong>vero</strong></span> <span class='ocrx_word' id='word_1_436' title='bbox 320 2506 564 2551; x_wconf 89' lang='lat' dir='ltr'><strong>Hipparchum</strong></span> <span class='ocrx_word' id='word_1_437' title='bbox 599 2507 703 2542; x_wconf 74' lang='lat' dir='ltr'><strong>edet?</strong></span> <span class='ocrx_word' id='word_1_438' title='bbox 753 2507 840 2551; x_wconf 74' lang='lat' dir='ltr'><strong>Quis</strong></span> <span class='ocrx_word' id='word_1_439' title='bbox 873 2507 1161 2543; x_wconf 85' lang='lat' dir='ltr'><strong>observationum</strong></span> <span class='ocrx_word' id='word_1_440' title='bbox 1194 2508 1422 2553; x_wconf 80' lang='lat' dir='ltr'><strong>protocolla‘?</strong></span> <span class='ocrx_word' id='word_1_441' title='bbox 1466 2507 1725 2552; x_wconf 80' lang='lat' dir='ltr'><strong>Ephemerides</strong></span> <span class='ocrx_word' id='word_1_442' title='bbox 1760 2507 1851 2541; x_wconf 89' lang='lat' dir='ltr'><strong>enim</strong></span> <span class='ocrx_word' id='word_1_443' title='bbox 1886 2508 1988 2542; x_wconf 89' lang='lat' dir='ltr'><strong>doleo</strong></span> 
     </span>
     <span class='ocr_line' id='line_1_41' title="bbox 203 2563 1989 2611; baseline 0.001 -14"><span class='ocrx_word' id='word_1_444' title='bbox 203 2563 329 2607; x_wconf 88' lang='lat' dir='ltr'><strong>miuus,</strong></span> <span class='ocrx_word' id='word_1_445' title='bbox 356 2565 440 2608; x_wconf 89' lang='lat' dir='ltr'><strong>quia</strong></span> <span class='ocrx_word' id='word_1_446' title='bbox 465 2575 484 2598; x_wconf 88' lang='lat' dir='ltr'><strong>e</strong></span> <span class='ocrx_word' id='word_1_447' title='bbox 509 2564 639 2599; x_wconf 83' lang='lat' dir='ltr'><strong>tabulis</strong></span> <span class='ocrx_word' id='word_1_448' title='bbox 661 2565 736 2609; x_wconf 84' lang='lat' dir='ltr'><strong>jam</strong></span> <span class='ocrx_word' id='word_1_449' title='bbox 762 2565 990 2600; x_wconf 80' lang='lat' dir='ltr'><strong>exstantibus</strong></span> <span class='ocrx_word' id='word_1_450' title='bbox 1015 2576 1035 2600; x_wconf 88' lang='lat' dir='ltr'><strong>a</strong></span> <span class='ocrx_word' id='word_1_451' title='bbox 1060 2567 1184 2610; x_wconf 86' lang='lat' dir='ltr'><strong>quovis</strong></span> <span class='ocrx_word' id='word_1_452' title='bbox 1211 2566 1408 2611; x_wconf 88' lang='lat' dir='ltr'><strong>computari</strong></span> <span class='ocrx_word' id='word_1_453' title='bbox 1432 2571 1604 2611; x_wconf 75' lang='lat' dir='ltr'><strong>possunt,</strong></span> <span class='ocrx_word' id='word_1_454' title='bbox 1639 2565 1690 2599; x_wconf 86' lang='lat' dir='ltr'><strong>illi</strong></span> <span class='ocrx_word' id='word_1_455' title='bbox 1715 2575 1798 2600; x_wconf 83' lang='lat' dir='ltr'><strong>vero</strong></span> <span class='ocrx_word' id='word_1_456' title='bbox 1829 2570 1884 2600; x_wconf 84' lang='lat' dir='ltr'><strong>tot</strong></span> <span class='ocrx_word' id='word_1_457' title='bbox 1905 2565 1989 2609; x_wconf 85' lang='lat' dir='ltr'><strong>vigi-</strong></span> 
     </span>
     <span class='ocr_line' id='line_1_42' title="bbox 203 2620 1989 2667; baseline 0.002 -13"><span class='ocrx_word' id='word_1_458' title='bbox 203 2620 331 2655; x_wconf 82' lang='lat' dir='ltr'><strong>liarum</strong></span> <span class='ocrx_word' id='word_1_459' title='bbox 355 2622 494 2657; x_wconf 87' lang='lat' dir='ltr'><strong>fructus</strong></span> <span class='ocrx_word' id='word_1_460' title='bbox 519 2633 591 2657; x_wconf 89' lang='lat' dir='ltr'><strong>non</strong></span> <span class='ocrx_word' id='word_1_461' title='bbox 615 2633 729 2667; x_wconf 86' lang='lat' dir='ltr'><strong>aeque</strong></span> <span class='ocrx_word' id='word_1_462' title='bbox 755 2623 934 2667; x_wconf 86' lang='lat' dir='ltr'><strong>parabiles</strong></span> <span class='ocrx_word' id='word_1_463' title='bbox 939 2649 1066 2659; x_wconf 89' lang='grc'><strong>.....</strong></span> <span class='ocrx_word' id='word_1_464' title='bbox 1116 2624 1230 2659; x_wconf 88' lang='lat' dir='ltr'><strong>Velim</strong></span> <span class='ocrx_word' id='word_1_465' title='bbox 1266 2624 1372 2659; x_wconf 83' lang='lat' dir='ltr'><strong>etiam</strong></span> <span class='ocrx_word' id='word_1_466' title='bbox 1398 2625 1442 2659; x_wconf 85' lang='lat' dir='ltr'><strong>D.</strong></span> <span class='ocrx_word' id='word_1_467' title='bbox 1469 2625 1511 2658; x_wconf 92' lang='lat' dir='ltr'><strong>D.</strong></span> <span class='ocrx_word' id='word_1_468' title='bbox 1538 2622 1766 2658; x_wconf 88' lang='lat' dir='ltr'><strong>Habrechtus</strong></span> <span class='ocrx_word' id='word_1_469' title='bbox 1792 2623 1989 2659; x_wconf 85' lang='lat' dir='ltr'><strong>Aristarchi</strong></span> 
     </span>
     <span class='ocr_line' id='line_1_43' title="bbox 205 2680 1639 2726; baseline 0.001 -14"><span class='ocrx_word' id='word_1_470' title='bbox 205 2680 317 2713; x_wconf 88' lang='lat' dir='ltr'><strong>nostri</strong></span> <span class='ocrx_word' id='word_1_471' title='bbox 343 2680 477 2714; x_wconf 88' lang='lat' dir='ltr'><strong>obitum</strong></span> <span class='ocrx_word' id='word_1_472' title='bbox 502 2681 685 2717; x_wconf 74' lang='lat' dir='ltr'><strong>resciscat,</strong></span> <span class='ocrx_word' id='word_1_473' title='bbox 733 2681 870 2715; x_wconf 85' lang='lat' dir='ltr'><strong>Valete.</strong></span> <span class='ocrx_word' id='word_1_474' title='bbox 909 2682 1094 2725; x_wconf 76' lang='lat' dir='ltr'><strong>Tubingae</strong></span> <span class='ocrx_word' id='word_1_475' title='bbox 1121 2681 1154 2716; x_wconf 87' lang='lat' dir='ltr'><strong>d.</strong></span> <span class='ocrx_word' id='word_1_476' title='bbox 1185 2683 1237 2717; x_wconf 86' lang='lat'><strong>15.</strong></span> <span class='ocrx_word' id='word_1_477' title='bbox 1264 2682 1355 2716; x_wconf 85' lang='lat' dir='ltr'><strong>Nov.</strong></span> <span class='ocrx_word' id='word_1_478' title='bbox 1382 2684 1424 2724; x_wconf 87' lang='lat' dir='ltr'><strong>(v.</strong></span> <span class='ocrx_word' id='word_1_479' title='bbox 1453 2683 1511 2726; x_wconf 88' lang='lat' dir='ltr'><strong>st.)</strong></span> <span class='ocrx_word' id='word_1_480' title='bbox 1538 2681 1639 2716; x_wconf 61' lang='lat' dir='ltr'><strong>1t330.</strong></span> 
     </span>
    </p>

    <p class='ocr_par' dir='ltr' id='par_1_5' title="bbox 207 2738 1989 3017">
     <span class='ocr_line' id='line_1_44' title="bbox 344 2738 1989 2784; baseline 0 -12"><span class='ocrx_word' id='word_1_481' title='bbox 344 2738 442 2773; x_wconf 89' lang='lat' dir='ltr'><strong>Idem</strong></span> <span class='ocrx_word' id='word_1_482' title='bbox 469 2738 513 2772; x_wconf 88' lang='lat' dir='ltr'><strong>ad</strong></span> <span class='ocrx_word' id='word_1_483' title='bbox 539 2739 708 2773; x_wconf 80' lang='lat' dir='ltr'><strong>eundem:</strong></span> <span class='ocrx_word' id='word_1_484' title='bbox 737 2739 907 2784; x_wconf 80' lang='lat' dir='ltr'><strong>Obsecro,</strong></span> <span class='ocrx_word' id='word_1_485' title='bbox 935 2740 1020 2784; x_wconf 91' lang='lat' dir='ltr'><strong>quid</strong></span> <span class='ocrx_word' id='word_1_486' title='bbox 1046 2740 1157 2775; x_wconf 85' lang='lat' dir='ltr'><strong>habes</strong></span> <span class='ocrx_word' id='word_1_487' title='bbox 1184 2740 1227 2774; x_wconf 86' lang='lat' dir='ltr'><strong>de</strong></span> <span class='ocrx_word' id='word_1_488' title='bbox 1253 2743 1349 2774; x_wconf 83' lang='lat' dir='ltr'><strong>statu</strong></span> <span class='ocrx_word' id='word_1_489' title='bbox 1373 2739 1501 2774; x_wconf 68' lang='lat' dir='ltr'><strong>viduae</strong></span> <span class='ocrx_word' id='word_1_490' title='bbox 1528 2739 1736 2784; x_wconf 78' lang='lat' dir='ltr'><strong>(Keple1·i)‘?</strong></span> <span class='ocrx_word' id='word_1_491' title='bbox 1778 2739 1834 2774; x_wconf 92' lang='lat' dir='ltr'><strong>An</strong></span> <span class='ocrx_word' id='word_1_492' title='bbox 1860 2739 1989 2781; x_wconf 79' lang='lat' dir='ltr'><strong>Sagani</strong></span> 
     </span>
     <span class='ocr_line' id='line_1_45' title="bbox 207 2796 1989 2843; baseline 0.001 -14"><span class='ocrx_word' id='word_1_493' title='bbox 207 2796 384 2840; x_wconf 83' lang='lat' dir='ltr'><strong>persistet,</strong></span> <span class='ocrx_word' id='word_1_494' title='bbox 411 2801 473 2831; x_wconf 84' lang='lat' dir='ltr'><strong>aut</strong></span> <span class='ocrx_word' id='word_1_495' title='bbox 490 2797 518 2831; x_wconf 86' lang='lat' dir='ltr'>F</span> <span class='ocrx_word' id='word_1_496' title='bbox 521 2797 706 2833; x_wconf 86' lang='lat' dir='ltr'><strong>ridlandus</strong></span> <span class='ocrx_word' id='word_1_497' title='bbox 725 2798 875 2843; x_wconf 86' lang='lat' dir='ltr'><strong>gratiam</strong></span> <span class='ocrx_word' id='word_1_498' title='bbox 893 2798 1038 2842; x_wconf 88' lang='lat' dir='ltr'><strong>pupillis</strong></span> <span class='ocrx_word' id='word_1_499' title='bbox 1065 2798 1170 2833; x_wconf 82' lang='lat' dir='ltr'><strong>etiam</strong></span> <span class='ocrx_word' id='word_1_500' title='bbox 1189 2802 1370 2842; x_wconf 76' lang='lat' dir='ltr'><strong>prorogat,</strong></span> <span class='ocrx_word' id='word_1_501' title='bbox 1398 2798 1494 2841; x_wconf 89' lang='lat' dir='ltr'><strong>quod</strong></span> <span class='ocrx_word' id='word_1_502' title='bbox 1520 2797 1685 2841; x_wconf 88' lang='lat' dir='ltr'><strong>equidem</strong></span> <span class='ocrx_word' id='word_1_503' title='bbox 1703 2797 1861 2832; x_wconf 83' lang='lat' dir='ltr'><strong>defuncti</strong></span> <span class='ocrx_word' id='word_1_504' title='bbox 1878 2796 1989 2831; x_wconf 80' lang='lat' dir='ltr'><strong>virtus</strong></span> 
     </span>
     <span class='ocr_line' id='line_1_46' title="bbox 207 2853 1989 2900; baseline 0.002 -14"><span class='ocrx_word' id='word_1_505' title='bbox 207 2858 241 2887; x_wconf 87' lang='lat' dir='ltr'><strong>et</strong></span> <span class='ocrx_word' id='word_1_506' title='bbox 266 2853 415 2889; x_wconf 88' lang='lat' dir='ltr'><strong>eruditio</strong></span> <span class='ocrx_word' id='word_1_507' title='bbox 440 2860 649 2890; x_wconf 82' lang='lat' dir='ltr'><strong>mereretur.</strong></span> <span class='ocrx_word' id='word_1_508' title='bbox 698 2857 787 2891; x_wconf 85' lang='lat' dir='ltr'><strong>Item</strong></span> <span class='ocrx_word' id='word_1_509' title='bbox 812 2857 872 2891; x_wconf 89' lang='lat' dir='ltr'><strong>ubi</strong></span> <span class='ocrx_word' id='word_1_510' title='bbox 897 2862 970 2892; x_wconf 85' lang='lat' dir='ltr'><strong>tam</strong></span> <span class='ocrx_word' id='word_1_511' title='bbox 986 2857 1054 2899; x_wconf 40' lang='lat' dir='ltr'><strong>,diu</strong></span> <span class='ocrx_word' id='word_1_512' title='bbox 1079 2857 1120 2891; x_wconf 93' lang='lat' dir='ltr'><strong>D.</strong></span> <span class='ocrx_word' id='word_1_513' title='bbox 1145 2856 1375 2897; x_wconf 87' lang='lat' dir='ltr'><strong>Bartschius,</strong></span> <span class='ocrx_word' id='word_1_514' title='bbox 1403 2856 1587 2900; x_wconf 86' lang='lat' dir='ltr'><strong>ecquando</strong></span> <span class='ocrx_word' id='word_1_515' title='bbox 1614 2861 1813 2891; x_wconf 85' lang='lat' dir='ltr'><strong>revertetur</strong></span> <span class='ocrx_word' id='word_1_516' title='bbox 1837 2855 1882 2890; x_wconf 91' lang='lat' dir='ltr'><strong>ad</strong></span> <span class='ocrx_word' id='word_1_517' title='bbox 1908 2866 1989 2899; x_wconf 89' lang='lat' dir='ltr'><strong>pro-</strong></span> 
     </span>
     <span class='ocr_line' id='line_1_47' title="bbox 208 2910 1989 2958; baseline 0.002 -14"><span class='ocrx_word' id='word_1_518' title='bbox 208 2910 395 2945; x_wconf 84' lang='lat' dir='ltr'><strong>fessionem</strong></span> <span class='ocrx_word' id='word_1_519' title='bbox 421 2912 487 2947; x_wconf 88' lang='lat' dir='ltr'><strong>sibi</strong></span> <span class='ocrx_word' id='word_1_520' title='bbox 511 2913 694 2949; x_wconf 79' lang='lat' dir='ltr'><strong>vobiscum</strong></span> <span class='ocrx_word' id='word_1_521' title='bbox 720 2914 960 2950; x_wconf 77' lang='lat' dir='ltr'><strong>destinatam?</strong></span> <span class='ocrx_word' id='word_1_522' title='bbox 1002 2915 1059 2949; x_wconf 85' lang='lat' dir='ltr'><strong>Ex</strong></span> <span class='ocrx_word' id='word_1_523' title='bbox 1085 2914 1218 2950; x_wconf 89' lang='lat' dir='ltr'><strong>reduce</strong></span> <span class='ocrx_word' id='word_1_524' title='bbox 1243 2924 1330 2949; x_wconf 91' lang='lat' dir='ltr'><strong>aveo</strong></span> <span class='ocrx_word' id='word_1_525' title='bbox 1356 2915 1464 2958; x_wconf 86' lang='lat' dir='ltr'><strong>scire,</strong></span> <span class='ocrx_word' id='word_1_526' title='bbox 1498 2914 1583 2958; x_wconf 90' lang='lat' dir='ltr'><strong>quid</strong></span> <span class='ocrx_word' id='word_1_527' title='bbox 1610 2915 1653 2949; x_wconf 88' lang='lat' dir='ltr'><strong>de</strong></span> <span class='ocrx_word' id='word_1_528' title='bbox 1677 2913 1876 2958; x_wconf 89' lang='lat' dir='ltr'><strong>posthumis</strong></span> <span class='ocrx_word' id='word_1_529' title='bbox 1901 2913 1989 2948; x_wconf 85' lang='lat' dir='ltr'><strong>Ura-</strong></span> 
     </span>
     <span class='ocr_line' id='line_1_48' title="bbox 209 2967 1017 3017; baseline 0.009 -16"><span class='ocrx_word' id='word_1_530' title='bbox 209 2967 295 3002; x_wconf 85' lang='lat' dir='ltr'><strong>nicis</strong></span> <span class='ocrx_word' id='word_1_531' title='bbox 321 2970 535 3012; x_wconf 89' lang='lat' dir='ltr'><strong>sperandum</strong></span> <span class='ocrx_word' id='word_1_532' title='bbox 561 2972 608 3006; x_wconf 84' lang='lat' dir='ltr'><strong>sit</strong></span> <span class='ocrx_word' id='word_1_533' title='bbox 632 2972 677 3015; x_wconf 71' lang='lat' dir='ltr'><strong>(d.</strong></span> <span class='ocrx_word' id='word_1_534' title='bbox 704 2972 759 3007; x_wconf 58' lang='lat'><strong>253.</strong></span> <span class='ocrx_word' id='word_1_535' title='bbox 786 2973 872 3017; x_wconf 78' lang='lat' dir='ltr'><strong>Maj.</strong></span> <span class='ocrx_word' id='word_1_536' title='bbox 904 2973 1017 3017; x_wconf 68' lang='lat'><strong>1631).</strong></span> 
     </span>
    </p>

    <p class='ocr_par' dir='ltr' id='par_1_6' title="bbox 210 3027 1991 3191">
     <span class='ocr_line' id='line_1_49' title="bbox 346 3027 1989 3075; baseline 0.002 -15"><span class='ocrx_word' id='word_1_537' title='bbox 346 3027 593 3071; x_wconf 86' lang='lat' dir='ltr'><strong>Berneggerus</strong></span> <span class='ocrx_word' id='word_1_538' title='bbox 625 3030 831 3074; x_wconf 88' lang='lat' dir='ltr'><strong>respondit:</strong></span> <span class='ocrx_word' id='word_1_539' title='bbox 869 3031 923 3072; x_wconf 86' lang='lat' dir='ltr'><strong>De</strong></span> <span class='ocrx_word' id='word_1_540' title='bbox 949 3031 1201 3075; x_wconf 83' lang='lat' dir='ltr'><strong>Kepplerianis</strong></span> <span class='ocrx_word' id='word_1_541' title='bbox 1236 3030 1342 3066; x_wconf 87' lang='lat' dir='ltr'><strong>rebus</strong></span> <span class='ocrx_word' id='word_1_542' title='bbox 1377 3030 1436 3064; x_wconf 81' lang='lat' dir='ltr'><strong>vix</strong></span> <span class='ocrx_word' id='word_1_543' title='bbox 1466 3030 1656 3074; x_wconf 88' lang='lat' dir='ltr'><strong>quicquam</strong></span> <span class='ocrx_word' id='word_1_544' title='bbox 1681 3027 1772 3071; x_wconf 91' lang='lat' dir='ltr'><strong>scio,</strong></span> <span class='ocrx_word' id='word_1_545' title='bbox 1801 3027 1869 3063; x_wconf 88' lang='lat' dir='ltr'><strong>nisi</strong></span> <span class='ocrx_word' id='word_1_546' title='bbox 1895 3029 1989 3072; x_wconf 88' lang='lat' dir='ltr'><strong>quod</strong></span> 
     </span>
     <span class='ocr_line' id='line_1_50' title="bbox 210 3083 1991 3133; baseline 0.003 -17"><span class='ocrx_word' id='word_1_547' title='bbox 210 3083 363 3126; x_wconf 88' lang='lat' dir='ltr'><strong>memini,</strong></span> <span class='ocrx_word' id='word_1_548' title='bbox 387 3085 430 3119; x_wconf 91' lang='lat' dir='ltr'><strong>D.</strong></span> <span class='ocrx_word' id='word_1_549' title='bbox 457 3086 682 3121; x_wconf 88' lang='lat' dir='ltr'><strong>Bartschium</strong></span> <span class='ocrx_word' id='word_1_550' title='bbox 708 3088 847 3131; x_wconf 90' lang='lat' dir='ltr'><strong>pridem</strong></span> <span class='ocrx_word' id='word_1_551' title='bbox 874 3089 1072 3133; x_wconf 88' lang='lat' dir='ltr'><strong>scripsisse,</strong></span> <span class='ocrx_word' id='word_1_552' title='bbox 1100 3090 1145 3124; x_wconf 89' lang='lat' dir='ltr'><strong>ad</strong></span> <span class='ocrx_word' id='word_1_553' title='bbox 1170 3088 1400 3124; x_wconf 81' lang='lat' dir='ltr'><strong>excudendas</strong></span> <span class='ocrx_word' id='word_1_554' title='bbox 1427 3086 1696 3123; x_wconf 87' lang='lat' dir='ltr'><strong>observationes</strong></span> <span class='ocrx_word' id='word_1_555' title='bbox 1713 3085 1936 3129; x_wconf 84' lang='lat' dir='ltr'><strong>Tychonicas</strong></span> <span class='ocrx_word' id='word_1_556' title='bbox 1955 3091 1991 3122; x_wconf 89' lang='lat' dir='ltr'><strong>et</strong></span> 
     </span>
     <span class='ocr_line' id='line_1_51' title="bbox 211 3142 1990 3191; baseline 0.004 -17"><span class='ocrx_word' id='word_1_557' title='bbox 211 3145 328 3175; x_wconf 82' lang='lat' dir='ltr'><strong>cetera</strong></span> <span class='ocrx_word' id='word_1_558' title='bbox 352 3142 594 3177; x_wconf 89' lang='lat' dir='ltr'><strong>Fridlandium</strong></span> <span class='ocrx_word' id='word_1_559' title='bbox 627 3143 752 3179; x_wconf 89' lang='lat' dir='ltr'><strong>ducem</strong></span> <span class='ocrx_word' id='word_1_560' title='bbox 791 3146 836 3181; x_wconf 92' lang='lat' dir='ltr'><strong>ob</strong></span> <span class='ocrx_word' id='word_1_561' title='bbox 868 3151 1042 3183; x_wconf 89' lang='lat' dir='ltr'><strong>mutatum</strong></span> <span class='ocrx_word' id='word_1_562' title='bbox 1072 3157 1189 3183; x_wconf 87' lang='lat' dir='ltr'><strong>rerum</strong></span> <span class='ocrx_word' id='word_1_563' title='bbox 1222 3157 1366 3183; x_wconf 84' lang='lat' dir='ltr'><strong>suarum</strong></span> <span class='ocrx_word' id='word_1_564' title='bbox 1400 3148 1533 3181; x_wconf 88' lang='lat' dir='ltr'><strong>statum</strong></span> <span class='ocrx_word' id='word_1_565' title='bbox 1563 3147 1701 3180; x_wconf 82' lang='lat' dir='ltr'><strong>sumtus</strong></span> <span class='ocrx_word' id='word_1_566' title='bbox 1732 3154 1803 3180; x_wconf 91' lang='lat' dir='ltr'><strong>non</strong></span> <span class='ocrx_word' id='word_1_567' title='bbox 1836 3145 1990 3191; x_wconf 86' lang='lat' dir='ltr'><strong>amplius</strong></span> 
     </span>
    </p>
   </div>
  </div>
 </body>
</html>
