2126 3388
168 173 256 218 824
845 168 928 204 Vita
952 168 974 203 J
977 167 1102 202 oannis
1126 166 1282 212 Kepleri.

169 293 274 324 esset.
322 289 401 331 Ego
427 290 466 322 ut
489 284 719 330 Argentorati
744 282 1005 328 imprimeretur
1030 294 1100 318 non
1126 283 1404 328 consuluissem,
1430 281 1599 317 Roslinus
1624 281 1727 316 nimis
1751 281 1823 317 illie
1847 286 1953 316 notus

169 350 234 390 est,
260 345 338 380 ideo
366 344 442 386 ejus
468 342 627 376 fautores
653 341 749 376 facili
774 340 962 375 occasione
986 343 1163 375 remoram
1188 342 1416 385 interponere
1446 339 1658 384 potuissent.
1699 339 1843 374 Fortius
1868 349 1952 382 ergo

168 409 207 439 ut
232 411 359 445 urgeas
385 400 440 434 vel
467 399 659 434 editionem
684 399 739 434 vel
765 397 1026 434 restitutionem
1051 401 1103 434 tui
1138 400 1260 445 scripti
1287 410 1376 444 opus
1403 402 1469 433 est.
1517 398 1580 432 Vir
1605 402 1659 431 est
1683 396 1863 442 cordatus,
1890 397 1953 432 sed

169 460 280 505 primo
298 461 494 500 conceptae
514 457 691 500 opinionis
709 457 812 491 nimis
831 462 953 500 tenax,
981 457 1061 493 ideo
1086 463 1125 494 ut
1142 469 1180 493 se
1198 457 1349 498 evolvat,
1374 456 1531 500 undique
1550 465 1781 499 quascunque
1797 455 1953 490 rationes

169 517 314 560 colligit.
335 536 377 541 --
395 515 449 549 De
475 515 728 558 chronologico
753 519 876 549 nostro
904 515 1022 550 studio
1047 520 1086 550 tu
1106 527 1160 550 me
1180 515 1340 550 nonnihil
1362 515 1488 557 erigis.
1506 542 1513 549 .
1531 541 1537 548 .
1566 515 1636 557 (cfr.
1657 516 1720 546 vol.
1738 516 1797 550 IV.
1814 525 1845 556 p.
1862 517 1953 556 121).

303 575 357 608 De
383 573 533 608 maculis
565 573 600 607 in
627 573 709 606 Sole
740 573 852 616 magis
884 573 1066 617 magisque
1099 575 1235 608 turbor.
1283 572 1440 608 Multum
1471 583 1526 608 me
1559 576 1677 606 movet
1708 571 1804 615 quod
1830 571 1954 606 scribis

170 634 213 668 de
238 632 410 667 divisione
437 631 542 666 unius
567 631 602 665 in
630 631 751 674 plures
779 636 814 666 et
840 632 1031 667 coalitione
1056 632 1208 676 plurium
1234 631 1269 665 in
1288 642 1409 667 unam.
1427 657 1433 663 .
1454 658 1463 666 .
1484 658 1491 666 .
1531 630 1585 664 De
1610 629 1735 664 Lunae
1760 628 1955 672 inaequali-

167 696 241 726 tate
259 701 351 735 quae
369 691 496 726 scribis
515 700 570 724 me
588 689 701 733 magis
720 688 930 723 confirmant
948 689 1158 734 praesertim
1172 689 1272 734 iniis,
1294 699 1385 732 quae
1401 689 1437 723 in
1452 686 1752 730 „Dissertatione“
1770 685 1954 730 scripsi...

167 750 248 794 (cfr.
274 750 320 786 ΙΙ,
345 749 442 793 784).

305 807 361 842 Ad
387 807 578 842 editionem
606 804 792 850 Copernici
822 804 915 839 redit
941 804 1154 839 Maestlinus
1185 804 1221 838 in
1246 803 1358 838 literis
1385 804 1418 839 d.
1445 803 1478 838 d.
1504 803 1630 847 itm.
1657 803 1744 846 Maji
1770 803 1872 845 1614,
1903 813 1957 837 re-

167 865 348 910 spondens
376 865 421 900 ad
447 864 593 908 Kepleri
618 865 754 905 literas,
780 863 864 898 item
890 863 1114 907 deperditas,
1141 873 1229 907 quas
1255 863 1315 897 ille
1341 862 1488 896 dederat
1515 862 1546 896 d.
1570 861 1624 896 24.
1652 861 1799 905 Aprilis,
1843 860 1957 904 „Quid

166 923 412 967 typographus
439 923 650 958 Basiliensis
672 925 772 966 agat,
809 931 901 955 anne
925 921 960 954 in
987 920 1142 955 editione
1170 921 1357 964 Copernici
1382 922 1523 964 pergat,
1550 918 1680 954 nescio.
1729 919 1957 963 Responsum

166 981 211 1016 ad
235 980 367 1024 literas,
396 991 485 1023 quas
511 981 555 1014 ad
581 981 697 1024 ipsum
723 979 803 1014 dedi
829 990 921 1014 anno
949 979 1124 1023 superiori
1150 984 1185 1013 et
1209 979 1370 1023 proxime
1388 976 1589 1021 praeteritis
1615 974 1793 1015 nundinis,
1820 975 1957 1009 nullum

166 1039 300 1082 accepi.
349 1038 491 1074 Rhetici
516 1038 767 1073 Narrationem
794 1036 940 1071 editioni
967 1037 1108 1071 omnino
1135 1035 1408 1080 adjungendam,
1435 1033 1595 1077 intelligo
1620 1034 1683 1068 tibi
1709 1044 1851 1078 quoque
1876 1044 1956 1068 con-

169 1096 302 1131 sultum
329 1095 457 1139 videri,
491 1096 555 1130 sed
581 1095 828 1140 typographus
854 1095 1126 1138 persuadendus
1153 1101 1225 1139 est,
1259 1105 1304 1129 ne
1329 1105 1405 1129 eam
1432 1103 1476 1128 ex
1501 1093 1619 1137 priore
1652 1092 1734 1127 olim
1763 1091 1959 1136 Copernico

168 1154 334 1189 Basileae
360 1165 493 1190 excuso
521 1153 642 1188 addita
668 1152 823 1188 editione
850 1152 1024 1197 desumat,
1051 1163 1093 1187 ea
1119 1153 1212 1188 enim
1230 1152 1333 1187 nimis
1352 1151 1479 1187 vitiosa
1505 1155 1559 1186 est
1584 1155 1618 1186 et
1644 1161 1664 1184 a
1681 1154 1799 1185 mente
1815 1149 1958 1186 Rhetici

165 1212 360 1258 plurimum
387 1211 499 1246 abest.

305 1271 347 1304 D.
373 1269 583 1304 Roeslinum
609 1268 715 1303 audio
743 1269 872 1302 iterum
900 1268 986 1311 quid
1011 1267 1137 1302 moliri.
1186 1266 1263 1302 Viri
1289 1267 1373 1302 boni
1400 1267 1566 1302 voluntas
1591 1266 1785 1308 laudanda,
1811 1266 1875 1301 sed
1900 1266 1959 1301 ab·

166 1333 261 1365 errat
286 1339 306 1363 a
331 1329 459 1362 semita
491 1327 651 1362 veritatis
679 1330 714 1360 et
737 1336 843 1370 aegre
875 1326 1064 1360 admodum
1098 1325 1312 1360 sententiam
1344 1330 1471 1360 mutat.
1522 1325 1711 1360 Calvisium
1742 1325 1850 1359 miror
1874 1325 1960 1370 quid

165 1391 295 1426 tentet;
322 1385 492 1429 scriptum
519 1384 595 1428 ejus
622 1383 780 1418 nondum
812 1384 892 1419 vidi.
943 1385 1045 1418 Anne
1070 1383 1105 1417 in
1131 1387 1232 1417 tanta
1266 1382 1346 1417 luce
1379 1383 1530 1427 proditis
1561 1382 1685 1418 solidis
1720 1375 1961 1418 fundamentis

166 1445 283 1480 lucem
307 1454 379 1478 non
404 1443 511 1484 videt,
537 1441 591 1476 vel
618 1452 710 1476 anne
736 1442 825 1485 ipse,
852 1442 912 1486 qui
937 1452 1104 1484 magnum
1131 1439 1339 1484 chronologi
1363 1451 1492 1475 nomen
1518 1446 1552 1476 et
1577 1440 1719 1476 laudem
1745 1446 1960 1477 consecutus

167 1503 233 1538 sibi
259 1502 416 1544 videtur,
448 1501 523 1545 jam
548 1505 652 1545 turpe
679 1499 747 1534 sibi
771 1504 873 1543 putat
900 1500 944 1534 de
977 1499 1157 1533 erroribus
1185 1498 1393 1533 admoneri?
1434 1498 1637 1542 Epistolam
1659 1502 1756 1533 tuam
1781 1499 1818 1534 in
1843 1500 1959 1543 ipsum

168 1562 300 1596 editam
326 1570 416 1604 esse,
445 1570 488 1594 ex
515 1558 677 1603 catalogo
704 1558 943 1593 nundinarum
970 1558 1093 1602 video,
1121 1568 1196 1591 eam
1224 1556 1380 1591 nondum
1405 1557 1486 1598 vidi,
1511 1556 1635 1591 laboro
1660 1561 1779 1591 tamen
1805 1563 1844 1592 ut
1861 1557 1961 1592 brevi

164 1630 212 1654 ex
248 1618 489 1662 Argentorato
525 1616 687 1651 habeam.
719 1636 753 1641 -
783 1616 908 1650 Nodus
940 1615 1115 1649 Herwarti
1147 1614 1309 1658 profecto
1347 1617 1423 1648 arte
1457 1625 1546 1657 opus
1576 1613 1687 1648 habet
1718 1614 1962 1659 utsolvatur,

166 1681 253 1721 puto
279 1679 399 1710 tamen
425 1680 461 1710 et
486 1685 564 1719 ego,
593 1674 751 1708 sectione
777 1684 849 1707 non
876 1683 965 1717 opus
993 1683 1091 1714 esse,
1128 1672 1213 1706 licet
1239 1674 1357 1715 capita
1383 1671 1574 1705 admodum
1600 1673 1669 1706 sint
1695 1672 1891 1707 recondita.
1917 1694 1960 1698 —-

171 1735 324 1770 Galilaei
349 1734 536 1778 scriptum,
564 1732 660 1777 quod
684 1732 804 1766 italico
831 1731 1000 1766 idiomate
1029 1731 1163 1765 editum
1190 1729 1314 1764 scribis
1341 1732 1391 1769 (de
1413 1731 1553 1762 maculis
1579 1731 1772 1773 solaribus),
1800 1735 1960 1775 optarem

168 1793 278 1827 latine
304 1792 412 1827 etiam
442 1790 636 1835 prodiisse,
668 1789 880 1835 praesertim
913 1789 941 1822 si
967 1788 1003 1821 in
1031 1798 1090 1832 e0,
1118 1792 1158 1821 ut
1186 1787 1284 1827 dicis,
1311 1797 1414 1821 omne
1440 1787 1563 1822 tulerit
1587 1792 1761 1831 punctum
1782 1815 1788 1821 .
1809 1814 1815 1821 .
1835 1813 1844 1822 .
1864 1814 1871 1820 .
1891 1789 1960 1831 (cfr.

167 1854 209 1885 II.
237 1852 327 1895 785).
377 1851 431 1884 De
462 1849 587 1892 eclipsi
620 1849 744 1883 Lunae
779 1858 844 1891 ego
878 1852 1026 1890 propter
1061 1845 1198 1880 coelum
1229 1845 1333 1879 nimis
1366 1845 1527 1880 nubilum
1551 1855 1698 1889 prorsus
1731 1845 1819 1880 nihil
1843 1846 1962 1881 videre

168 1909 282 1953 potui.
331 1907 543 1943 Gratissima
567 1906 653 1941 mihi
679 1906 809 1940 fuisset
832 1905 909 1948 ejus
937 1904 1151 1947 observatio,
1178 1903 1391 1948 praesertim
1410 1904 1505 1947 quod
1530 1914 1595 1948 per
1612 1903 1761 1938 eandem
1788 1914 1830 1939 ea
1856 1915 1963 1948 quam

170 1977 264 2002 anno
294 1967 381 2001 1590
406 1965 517 2000 habui
541 1965 656 2008 repeti
680 1963 875 2008 potuisset,
909 1963 1013 1996 Luna
1037 1961 1202 1996 videlicet
1229 1961 1415 1996 deficiente
1441 1967 1632 2006 utrumque
1656 1961 1829 1997 luminare
1853 1973 1963 2007 supra

170 2026 406 2061 horizontem.
456 2023 661 2068 Optandum
693 2027 764 2066 est,
801 2027 841 2056 ut
866 2021 964 2055 Deus
996 2020 1168 2064 largiatur
1202 2020 1329 2054 sudum
1363 2019 1502 2054 coelum
1534 2020 1589 2054 die
1615 2021 1647 2055 7.
1673 2019 1856 2065 Octobris,
1892 2031 1962 2064 qua

168 2084 273 2118 Luna
290 2083 406 2117 oriens
425 2082 665 2127 eclipsabitur.
701 2081 757 2115 Ea
775 2080 867 2114 enim
886 2079 1026 2123 egregie
1044 2078 1093 2112 illi
1112 2078 1147 2111 in
1165 2088 1257 2112 anno
1279 2079 1378 2113 1590.
1404 2077 1612 2112 observatae
1629 2077 1846 2121 respondere
1863 2081 1962 2122 pote-

169 2142 225 2176 rit.
275 2141 418 2176 Etenim
443 2140 536 2176 sicut
562 2139 651 2174 haec
677 2139 713 2172 in
739 2148 831 2172 anno
861 2137 960 2172 1590.
993 2135 1060 2170 fuit
1084 2134 1260 2169 matutina
1290 2135 1326 2168 in
1352 2134 1558 2180 occidente,
1592 2134 1642 2169 ita
1666 2135 1728 2169 illa
1753 2135 1788 2170 in
1815 2134 1962 2170 Octobri

168 2198 289 2233 futura
313 2199 379 2233 erit
402 2198 607 2243 vespertina
630 2197 667 2231 in
693 2197 842 2231 oriente.

308 2256 483 2292 Chronica
507 2260 569 2290 tua
594 2255 719 2290 scribis
746 2253 888 2297 quidem
913 2256 949 2286 te
974 2252 1115 2286 mittere
1141 2251 1227 2285 mihi
1251 2250 1423 2295 legenda,
1451 2250 1514 2285 sed
1540 2251 1610 2286 alia
1637 2251 1810 2286 schedula.
1835 2251 1960 2287 literis-

170 2326 238 2360 que
263 2315 417 2358 inclusa,
452 2319 488 2348 te
512 2319 631 2348 tecum
656 2313 866 2354 retinuisse,
903 2309 987 2353 quia
1012 2310 1056 2345 D.
1083 2310 1126 2344 D.
1153 2309 1337 2353 Langjahr
1373 2310 1415 2344 de
1451 2310 1527 2354 ejus
1564 2321 1671 2346 onere
1704 2314 1854 2355 questus
1880 2310 1959 2345 fuit.

168 2375 251 2410 Non
277 2379 399 2408 autem
426 2373 551 2408 dubito
579 2372 663 2416 quin
691 2370 897 2406 doctissime
923 2368 995 2402 sint
1021 2368 1191 2402 chronica
1216 2367 1278 2401 illa
1305 2368 1518 2412 conscripta.
1548 2388 1589 2393 -

305 2433 483 2467 Marcus
508 2432 553 2466 W
564 2431 736 2465 elserus
763 2428 871 2463 refert
897 2426 1006 2471 (Julio
1032 2427 1177 2470 mense),
1218 2425 1417 2460 Galilaeum
1444 2425 1488 2460 ad
1513 2425 1660 2471 Kepleri
1685 2426 1898 2462 sententiam
1918 2428 1961 2463 de

170 2490 320 2526 maculis
348 2489 525 2524 solaribus
551 2488 658 2532 longe
682 2486 832 2532 propius
859 2496 965 2528 quam
991 2484 1035 2519 ad
1060 2483 1223 2528 Apellem
1249 2484 1419 2519 accedere
1450 2484 1561 2519 videri
1588 2485 1658 2528 (cfr.
1685 2488 1727 2520 IL
1753 2488 1844 2534 ῖῖὸ).
1895 2486 1959 2520 His

170 2548 289 2583 addit:
316 2547 473 2590 Memini,
499 2550 535 2581 te
561 2544 753 2589 aliquando
779 2543 864 2578 mihi
888 2543 924 2576 in
950 2542 1159 2585 quaestione
1184 2553 1338 2586 ponere,
1364 2553 1408 2577 an
1433 2543 1656 2589 Porphyrius
1681 2544 1759 2589 ipse
1784 2555 1960 2579 commen-

169 2607 298 2640 tarium
325 2616 429 2640 suum
453 2605 489 2639 in
515 2603 710 2639 Ptolemaei
736 2601 951 2638 Harmonica
976 2600 1222 2645 imperfectum
1248 2600 1460 2645 reliquerit‘.>
1502 2602 1558 2637 Ad
1584 2603 1680 2646 quod
1705 2603 1790 2647 quid
1815 2614 1960 2648 respon-

170 2665 288 2699 derem
306 2674 420 2707 neque
439 2670 524 2699 tunc
541 2662 650 2697 habui
667 2671 782 2704 neque
800 2671 894 2694 nunc
911 2660 1039 2696 habeo.
1073 2661 1204 2694 Moneo
1223 2664 1359 2703 tamen,
1385 2661 1420 2694 in
1438 2665 1582 2696 nostrae
1600 2662 1815 2705 reipublicae
1833 2661 1959 2697 biblio-

170 2723 275 2757 theca
297 2722 578 2766 manuscriptum
604 2719 726 2754 haberi
752 2719 949 2754 Ptolemaei
975 2719 1272 2753 Harmonicorum
1297 2718 1407 2753 libros
1432 2724 1505 2754 tres
1532 2731 1611 2754 cum
1639 2720 1828 2764 Porphyrii
1854 2730 1958 2754 enar·

171 2780 311 2814 ratione
335 2779 440 2824 primi
467 2783 503 2813 et
528 2778 675 2813 secundi
704 2778 860 2821 capitum
886 2776 1034 2811 secundi
1058 2776 1150 2820 libri,
1176 2776 1271 2811 unde
1297 2775 1401 2811 facile
1428 2776 1585 2821 colliges,
1611 2788 1702 2812 anne
1728 2777 1889 2813 defectus
1907 2779 1959 2813 tui

173 2837 306 2872 codicis
333 2838 451 2881 aliqua
479 2848 522 2871 ex
548 2840 651 2881 part-e
671 2836 790 2880 juvari
814 2835 941 2880 possit.
990 2834 1131 2870 Adsunt
1158 2845 1300 2879 quoque
1325 2835 1493 2870 Aristidis
1521 2835 1727 2879 Quintiliani
1751 2835 1795 2869 de
1819 2836 1960 2871 Musica

171 2895 251 2929 libri
275 2900 359 2938 tres,
388 2906 477 2939 quos
503 2895 656 2930 fortasse
682 2905 753 2929 non
778 2898 922 2938 praeter
947 2903 1021 2927 rem
1047 2893 1093 2926 sit
1117 2893 1324 2928 Ptolemaeo
1351 2899 1386 2927 et
1411 2893 1610 2938 Porphyrio
1645 2893 1809 2937 adjicere.
1852 2896 1958 2937 (Quae

174 2955 212 2985 de
238 2956 288 2986 bis
315 2957 379 2994 egit
404 2955 568 2997 Keplerus
595 2965 667 2986 cum
694 2953 866 2986 Herwarto
892 2955 989 2985 annis
1017 2955 1105 2985 1599
1131 2963 1188 2994 SS„
1213 2953 1368 2992 leguntur
1393 2953 1459 2987 vol.
1488 2955 1528 2987 V.
1553 2965 1585 2995 p.
1615 2955 1657 2986 30
1683 2953 1740 2995 ss.)

310 3011 367 3044 Ex
393 3011 546 3055 epistola
572 3011 769 3045 Simonis
793 3009 944 3053 Marii,
982 3020 1053 3054 qua
1079 3009 1111 3044 d.
1138 3009 1194 3044 26.
1218 3009 1372 3053 Augusti
1396 3009 1582 3054 respondit
1606 3008 1650 3043 ad
1675 3008 1773 3043 illam
1798 3008 1956 3054 Kepleri,

175 3077 279 3115 quarn
304 3067 373 3102 vol.
390 3069 434 3102 II.
460 3079 493 3112 p.
512 3069 578 3105 473
604 3068 868 3120 proposuimus,
892 3067 983 3103 haec
1008 3066 1070 3102 illa
1100 3066 1310 3115 supplentes
1336 3066 1585 3103 desumsimus.
1602 3093 1610 3102 .
1631 3092 1639 3102 .
1659 3062 1670 3101 .’
1687 3093 1695 3102 .
1744 3066 1887 3103 Literae
1911 3067 1957 3102 ad
