2126 3388
912 119 1015 156 159⁷.
1769 124 1852 171 695

56 236 215 284 lilaeus,
259 238 315 276 uti
347 249 388 277 se
419 238 659 287 subscripsit.
722 238 791 275 Est
831 238 932 276 enim
963 244 1001 276 et
1040 239 1122 288 ipse
1155 239 1193 276 iu
1225 239 1492 290 Copernicana
1527 242 1678 282 haeresi
1709 244 1799 285 inde
1831 259 1854 285 a

55 295 186 333 multis
228 298 351 334 annis.
414 294 543 334 Unum
587 296 784 345 exemplar
824 297 930 334 misit
974 296 1139 334 Romam
1183 302 1220 336 et
1259 298 1370 348 plura.
1416 300 1560 341 habere
1604 301 1856 345 desideravit.

56 353 247 402 Equidem
288 356 384 392 scire
427 367 546 400 aveo,
591 354 942 403 Gruppenbachius
974 358 1249 402 (typographus)
1291 369 1367 406 qua
1403 359 1558 398 fortuna
1594 361 1644 398 sit
1685 373 1779 400 usus
1814 364 1853 400 in

56 411 304 451 distractione
329 412 606 462 exemplarium
629 419 666 450 et
686 414 717 449 si
741 413 827 461 quis
847 413 994 451 interea
1027 413 1189 452 celebris
1210 416 1269 451 vir
1289 417 1325 452 in
1348 421 1453 454 tuam
1475 419 1672 458 notionem
1694 422 1853 470 venerit,

56 472 121 520 qui
154 472 307 508 veritati
347 472 443 508 serat
473 471 710 518 suffrag-ium.
743 493 796 497 —
830 468 952 509 Ursus
985 471 1112 519 Praga
1143 471 1193 510 ad
1224 485 1284 512 me
1325 476 1497 524 scripsit,
1540 482 1677 526 petens
1721 490 1854 517 exem-

55 529 198 578 plaria,
243 530 302 566 cui
336 531 515 578 quamvis
547 530 701 566 minime
733 530 844 577 gravi
876 531 1024 567 auctori
1057 529 1199 567 indulsi
1230 537 1378 579 tamen,
1422 536 1514 583 quia
1555 547 1758 574 caesareus
1797 543 1855 575 est

30 638 36 641 .
56 587 352 626 mathematicus
385 588 555 636 mihique
578 599 655 636 qua
677 586 873 636 prodesse,
908 599 984 636 qua
1007 588 1144 626 obesse
1167 594 1304 638 potest.
1356 590 1468 630 Patet
1492 594 1593 631 enim
1625 595 1662 631 in
1683 594 1854 645 Styriam

57 657 179 694 usque
212 646 295 694 ejus
328 645 581 683 familiaritas.
633 644 810 694 Tychoni
843 645 990 682 nullum
1021 646 1149 685 adhuc
1180 649 1332 686 mittere
1362 652 1485 697 potui.
1526 651 1637 689 Illius
1665 653 1854 701 judicium

55 703 172 741 avide
205 709 399 753 exspecto.
462 704 550 741 Wie
585 702 643 741 ich
676 705 745 740 mit
777 703 862 740 dem
896 703 1069 742 Biiechel
1102 705 1333 745 ankhomme
1366 708 1440 757 bey
1473 710 1578 747 einer
1609 710 1671 749 Er.
1704 711 1854 750 Landt-

55 761 206 808 schafft,
240 763 351 800 weiss
384 761 444 799 ich
478 762 577 799 noch
610 761 726 799 nicht.
771 761 882 798 Auch
903 761 973 798 hor
1004 763 1064 799 icli
1096 763 1196 800 noch
1221 775 1297 802 von
1319 765 1449 803 kheim
1471 766 1662 817 Landtag.
1709 769 1855 808 Videor

55 821 147 858 mihi
172 819 373 869 voluptate
393 819 671 869 speculationis
695 824 898 858 contentus
920 831 1004 858 esse
1027 820 1166 858 debere
1189 833 1259 860 nec
1281 824 1486 872 quiequam
1510 825 1669 864 ulterius
1684 839 1852 876 sperare.

56 879 132 917 Sed
165 879 250 916 Deo
283 889 396 916 curae
429 884 538 916 erunt
568 879 709 916 onmia.

195 937 255 974 De
294 938 390 975 meis
429 936 566 973 studiis
609 937 700 985 quid
740 936 926 982 scribam,
971 947 1047 973 non
1080 936 1225 983 habeo,
1266 950 1355 976 nam
1396 951 1455 978 res
1487 943 1761 982 oeconomicae
1792 956 1854 983 me

56 995 293 1045 perturbant.
357 993 483 1033 Unum
516 1000 643 1032 tamen
676 999 746 1040 est,
780 996 816 1031 in
850 1005 926 1042 quo
959 995 1094 1032 merito
1126 995 1177 1033 H.
1207 996 1250 1035 Τ.
1284 997 1492 1046 appellam,
1525 1006 1566 1037 ut
1598 1001 1692 1038 mihi
1723 1003 1855 1051 opitu-

56 1054 127 1091 lari
160 1053 339 1102 digneris.
392 1052 514 1090 Incidi
548 1054 584 1089 in
616 1052 922 1101 speculationem
945 1052 1150 1101 quandam,
1185 1066 1301 1103 quam
1333 1067 1403 1094 nec
1436 1058 1602 1096 breviter
1632 1070 1702 1097 nec
1733 1060 1856 1098 confi-

57 1111 189 1150 denter
214 1113 534 1160 pronunciavero,
568 1122 615 1148 ue
637 1122 689 1148 sc.
712 1110 849 1149 ridear.
904 1111 1048 1149 Verum
1080 1116 1123 1149 ut
1142 1112 1192 1150 ab
1221 1124 1264 1150 ea
1298 1125 1359 1152 me
1392 1115 1606 1164 expediam,
1641 1128 1737 1167 opus
1761 1119 1855 1157 mihi

57 1175 114 1208 est
156 1171 232 1208 tuis
274 1169 396 1207 oculis
439 1175 476 1207 et
515 1180 657 1217 magno
698 1169 766 1206 illo
809 1168 1036 1218 quadrante.
1099 1170 1226 1208 Velim
1267 1183 1319 1209 sc.
1354 1178 1395 1210 ut
1435 1174 1548 1212 stella
1578 1175 1723 1224 polaris
1755 1178 1856 1215 circa

61 1225 164 1282 ¹²72?
187 1228 427 1277 Septembris
459 1228 543 1276 (sed
576 1228 652 1265 lieu
683 1227 776 1265 mihi
805 1227 887 1276 jam
919 1227 1087 1276 transiit)
1120 1228 1348 1278 culminans,
1381 1232 1480 1269 circa
1508 1230 1605 1285 ¹⁶46.
1628 1234 1855 1273 Decembris

55 1298 148 1325 vero
171 1286 306 1324 eadem
329 1286 543 1324 culminans
567 1291 604 1324 et
625 1285 841 1323 humillima
864 1286 1091 1324 observetur
1113 1292 1149 1324 et
1172 1287 1361 1335 videatur,
1384 1295 1511 1327 utrum
1534 1292 1632 1330 inter
1651 1297 1855 1343 utramque

55 1345 299 1384 culminantis
321 1343 565 1382 altitudinem
596 1355 672 1381 non
705 1345 755 1381 sit
787 1343 1003 1382 differentia
1026 1346 1138 1382 unius
1161 1351 1278 1395 atque
1311 1347 1470 1385 alterius
1491 1349 1660 1399 scrupuli
1693 1351 1730 1388 in
1755 1363 1854 1401 qua-

55 1403 202 1442 drante.
265 1403 353 1440 Hoc
396 1403 495 1440 enim
539 1404 702 1452 optarim
743 1402 931 1441 accidere.
1006 1403 1114 1452 {clegi
1164 1404 1301 1452 aliam,
1348 1408 1526 1454 quamvis
1569 1408 1661 1446 huic
1696 1411 1854 1459 negotio

54 1464 180 1499 minus
202 1460 394 1508 idoneam,
417 1460 540 1498 solam
563 1466 692 1498 tamen
721 1466 810 1510 post
829 1461 1016 1510 polarem,
1041 1472 1142 1510 quae
1164 1463 1256 1500 mihi
1279 1464 1453 1501 nonnihil
1476 1467 1702 1513 satisfaciat,
1735 1468 1855 1507 educ-

55 1522 198 1558 tionem
231 1520 381 1558 caudae
418 1520 456 1556 in
489 1518 587 1557 Ursa
619 1519 777 1568 majore.
839 1519 950 1557 Haec
981 1521 1013 1557 si
1056 1519 1157 1558 cirea
1191 1517 1272 1573 ⁵7¹9.
1307 1522 1402 1561 Dee.
1445 1523 1635 1563 altissima
1672 1526 1786 1564 simul
1819 1531 1856 1566 et

54 1578 271 1616 humillima
303 1578 590 1625 observaretur,
631 1589 760 1615 mense
801 1589 892 1615 vero
925 1578 1087 1626 Martio,
1132 1577 1222 1616 dum
1254 1579 1323 1618 Sol
1366 1586 1423 1618 est
1461 1583 1499 1619 in
1533 1582 1721 1632 quadrato
1753 1584 1853 1633 loco,

53 1649 203 1675 rursum
236 1641 437 1686 caperetur
469 1636 652 1674 alterutra
693 1636 776 1684 ejus
818 1635 1006 1683 altitudo,
1050 1648 1110 1674 res
1141 1637 1236 1675 mihi
1278 1643 1315 1675 et
1345 1644 1387 1676 ut
1419 1641 1555 1689 opinor
1595 1644 1855 1682 astronomiae

53 1695 258 1735 utilissima
291 1700 405 1741 esset,
439 1696 664 1744 praesertim
689 1696 720 1731 si
743 1696 841 1732 inter
862 1695 974 1732 binas
995 1694 1232 1743 altitudines,
1267 1707 1364 1746 quas
1396 1699 1579 1747 aequales
1602 1700 1684 1739 fore
1707 1713 1853 1751 speras,

55 1754 188 1803 aliqua
218 1758 424 1803 appareret
456 1753 683 1790 differentia.
718 1775 768 1780 “—

192 1821 251 1856 Ex
278 1821 515 1865 responsione
540 1819 782 1855 Maestlini
809 1820 856 1863 (d.
885 1821 916 1854 d.
945 1822 1000 1856 250.
1026 1820 1105 1856 Oct.
1134 1832 1163 1854 v.
1191 1822 1246 1863 st.)
1278 1820 1370 1856 haec
1395 1823 1658 1866 excerpsimus:
1697 1824 1749 1861 Te
1774 1836 1855 1861 cum

55 1881 208 1924 conjuge
234 1883 297 1913 tua
321 1879 480 1913 suaviter
505 1886 540 1912 et
567 1877 658 1912 bene
684 1882 792 1922 atque
818 1877 1069 1921 conjugialiter
1094 1877 1221 1923 valere,
1249 1889 1294 1913 ex
1319 1880 1437 1914 animo
1461 1881 1527 1915 tibi
1544 1882 1720 1924 gratulor.
1760 1884 1854 1929 Opto

54 1945 93 1975 ut
119 1939 150 1973 si
175 1938 236 1974 Sol
261 1938 329 1972 hoc
355 1937 534 1982 posterius
560 1936 771 1981 patefecerit
797 1937 931 1977 videas,
958 1938 1019 1982 qui
1045 1943 1080 1972 te
1106 1938 1260 1983 pietate,
1287 1939 1437 1983 virtute,
1464 1941 1624 1976 moribus
1651 1945 1686 1976 et
1709 1943 1853 1987 ingenio

53 1998 207 2033 feliciter
231 1996 423 2041 aliquando
443 2006 580 2032 summa
598 2006 678 2030 cum
697 2000 761 2030 tua
777 2000 996 2039 tuorumque
1022 2001 1257 2040 cognatorum
1275 2001 1312 2031 et
1332 1997 1526 2033 amicorum
1545 2000 1856 2044 congratulatione

53 2056 198 2092 referat.
247 2057 347 2090 Deus
379 2065 486 2099 porro
517 2055 618 2089 vobis
650 2053 815 2088 omnibus
848 2064 913 2088 sua
948 2054 1198 2090 benedictione
1235 2054 1371 2089 affatim
1405 2060 1477 2090 tam
1510 2056 1548 2090 in
1571 2067 1612 2091 re
1643 2056 1852 2104 domestica,

52 2124 159 2159 quam
184 2114 371 2148 vacatione
397 2113 516 2157 operis
543 2111 778 2157 expediendis
803 2111 998 2147 clementer
1024 2113 1119 2148 adsit
1122 2139 1242 2149 .....
1285 2113 1531 2157 Spargebatur
1555 2115 1653 2159 apud
1674 2127 1740 2153 nos
1757 2117 1854 2153 fama

53 2173 96 2208 de
124 2171 264 2208 duobus
292 2171 435 2216 scriptis
461 2176 523 2206 tuo
549 2171 695 2205 invento
722 2170 912 2205 contrariis
938 2170 1054 2214 editis,
1082 2180 1203 2205 verum
1228 2170 1317 2205 nihil
1343 2181 1465 2206 eorum
1491 2172 1536 2207 ad
1562 2184 1628 2208 nos
1654 2174 1853 2220 Tubingam

51 2231 157 2267 venit.
208 2229 307 2264 Idem
340 2229 448 2264 etiam
482 2234 626 2265 nostros
662 2227 853 2272 theologos
878 2227 1042 2262 nonnihil
1078 2227 1245 2272 offendit,
1282 2230 1498 2264 auctoritate
1530 2235 1650 2266 tamen
1675 2232 1853 2278 Principis

52 2289 184 2334 nostri,
221 2289 278 2323 cui
310 2288 509 2333 principale
544 2288 689 2323 schema
714 2286 919 2322 dedicatum
945 2291 998 2321 est
1025 2289 1094 2330 (cfr.
1122 2289 1186 2320 vol.
1213 2289 1237 2321 I.
1262 2299 1297 2330 p.
1319 2289 1410 2332 193),
1438 2288 1526 2323 moti
1549 2289 1585 2323 in
1611 2290 1729 2325 medio
1747 2290 1852 2326 relin-

55 2352 183 2392 quunt.
224 2348 268 2382 D.
287 2348 332 2383 D.
349 2346 622 2382 Hafenrefferus
649 2345 759 2380 semel
785 2350 893 2390 atque
919 2345 1049 2380 iterum
1075 2345 1217 2389 [jocose
1243 2345 1397 2389 quidem,
1426 2346 1510 2382 licet
1523 2347 1616 2392 jocis
1636 2349 1730 2383 seria
1747 2349 1853 2384 etiam

53 2405 258 2440 intermixta
282 2405 483 2449 videantur)
510 2416 566 2440 me
591 2398 740 2439 adortus
766 2408 804 2438 et
829 2413 969 2438 mecum
996 2403 1262 2447 disputaturum
1290 2414 1328 2438 se
1356 2415 1435 2440 esse
1460 2410 1613 2441 testatus
1639 2412 1712 2447 est,
1746 2418 1853 2451 quam

55 2463 115 2497 diu
139 2463 338 2498 auctoritas
365 2463 572 2508 Scripturae
599 2463 730 2498 Sacrae
755 2467 854 2498 esset
888 2462 1096 2506 perstitura.
1146 2461 1246 2496 Idem
1277 2463 1375 2497 haud
1400 2463 1450 2498 ita
1484 2465 1621 2508 pridem
1647 2465 1683 2499 in
1707 2465 1853 2509 publica

53 2521 260 2565 vespertina
285 2521 466 2565 concione,
493 2521 528 2554 in
547 2521 787 2565 explicatione
806 2531 886 2564 cap.
912 2523 940 2555 1.
967 2519 1149 2554 Geneseos
1175 2521 1269 2555 inter
1286 2521 1358 2555 alia
1377 2521 1482 2556 dixit:
1512 2524 1648 2564 „Deum
1676 2533 1852 2557 summum

54 2583 252 2613 creatorem
276 2588 347 2612 non
366 2578 598 2623 suspendisse
616 2579 735 2614 Solem
758 2579 795 2613 in
813 2579 929 2613 medio
948 2576 1071 2612 mundi
1097 2582 1137 2612 ut
1161 2577 1336 2613 laternam
1361 2579 1397 2613 in
1423 2579 1539 2614 medio
1565 2580 1679 2614 atrii.“
1720 2580 1852 2615 Verum

49 2638 142 2684 jocis
166 2637 238 2672 illis
260 2637 388 2681 Jocosa
413 2647 596 2681 opponere
622 2637 740 2681 soleo,
776 2637 860 2672 dum
880 2637 954 2680 joci
981 2641 1080 2679 sunt3
1114 2636 1144 2670 si
1170 2636 1262 2671 serio
1288 2647 1346 2672 res
1373 2637 1512 2681 agenda
1538 2642 1642 2681 esset,
1670 2637 1776 2672 aliter
1799 2648 1853 2674 re-

55 2705 253 2741 sponsurus
280 2700 315 2730 et
338 2705 404 2738 ego
433 2705 559 2730 essem.
594 2695 664 2729 Pro
691 2695 834 2738 egregia
851 2694 1044 2739 phantasia
1071 2698 1106 2728 et
1131 2694 1270 2729 erudito
1297 2695 1442 2729 invento
1467 2694 1561 2729 idem
1587 2695 1629 2728 D.
1650 2695 1692 2729 D.
1718 2695 1851 2731 Hafen-

53 2754 204 2789 refferus
229 2753 409 2797 agnoscit,
443 2752 505 2787 sed
532 2753 566 2788 S.
596 2753 802 2796 Scripturae
828 2757 864 2787 et
889 2752 957 2796 ipsi
983 2752 1123 2786 veritati
1155 2753 1368 2787 contrariari
1394 2753 1537 2786 omnino
1570 2757 1605 2787 et
1640 2752 1851 2797 simpliciter

55 2816 170 2857 putat.
212 2812 347 2846 Verum
365 2821 444 2846 cum
462 2810 552 2845 istis.
580 2810 640 2853 qui
658 2809 833 2854 principia
850 2810 975 2844 harum
993 2819 1112 2843 rerum
1137 2819 1208 2843 non
1233 2809 1458 2844 sufficienter
1475 2813 1606 2844 tenent
1631 2810 1851 2857 (ceteroquin

54 2871 138 2905 viris
164 2871 302 2915 magnis
327 2875 363 2905 et
387 2868 666 2912 eruditissimis),
694 2869 808 2902 satius
835 2873 890 2903 est
915 2868 1076 2902 similiter
1097 2867 1224 2910 jocose
1249 2876 1367 2910 agere,
1395 2866 1479 2901 dum
1500 2867 1603 2910 jocos
1630 2868 1823 2913 accipiunt.

194 2931 248 2964 De
274 2928 526 2965 observatione
555 2926 680 2961 stellae
714 2926 847 2970 polaris
873 2925 958 2969 quid
983 2924 1089 2965 velis,
1121 2923 1298 2967 intelligo,
1332 2924 1395 2958 sed
1420 2925 1456 2959 iu
1482 2935 1586 2968 quem
1619 2935 1742 2968 usum,
1778 2936 1850 2962 non

56 2989 233 3034 percipio,
266 2988 335 3022 nisi
368 2987 465 3031 quod
491 2985 675 3028 existimo,
706 2990 743 3020 te
768 2984 889 3019 forsan
914 2982 1140 3018 altitudinem
1176 2982 1309 3016 stellati
1340 2982 1438 3016 orbis
1470 2981 1553 3017 inde
1585 2982 1789 3026 conjectare
1814 2989 1850 3019 et

58 3046 174 3082 metiri
199 3045 300 3081 velle.
350 3046 428 3090 Ego
463 3044 606 3089 quidem
643 3044 715 3078 huc
746 3052 859 3087 usque
895 3052 972 3076 eam
998 3040 1147 3076 diversis
1181 3041 1265 3074 anni
1299 3039 1462 3084 partibus
1487 3050 1558 3075 non
1583 3040 1672 3075 adeo
1698 3040 1852 3077 sollicite

57 3103 237 3149 inquisivi,
265 3104 344 3147 nisi,
369 3101 465 3149 quod
482 3102 608 3144 fateor,
633 3101 879 3147 superioribus
896 3099 999 3135 annis
1017 3098 1103 3134 mihi
1120 3097 1332 3134 nonnullam
1351 3096 1589 3132 differentiam
1605 3097 1848 3144 intervenisse,
