2126 3388
617 188 671 224 De
696 186 818 224 amicis
845 190 882 223 et
907 187 1110 225 fautoribus
1135 187 1296 234 Kepleri.
1774 189 1857 234 965

64 305 178 344 nibus
211 306 246 344 ei
277 318 354 345 non
385 307 519 347 liceret
544 306 711 347 Galilaei
745 308 947 346 veritatem
981 313 1018 346 et
1044 308 1220 357 judicare
1254 314 1291 347 et
1322 309 1552 359 perspicere,
1586 309 1658 348 soli
1692 309 1860 349 confisus

63 364 147 413 ejus
179 363 375 404 honestati
407 371 445 405 et
475 366 563 405 fidei
596 371 634 404 et
665 367 710 403 iis
742 368 879 412 nitens,
914 378 1013 415 quae
1046 366 1092 405 de
1125 367 1368 416 planetarum
1401 373 1506 406 motu
1540 374 1576 407 et
1607 373 1744 406 natura
1776 369 1859 418 ipse

62 424 282 471 quaesierat
314 430 351 463 et
383 430 633 474 cognoverat.
678 423 764 472 Qua
795 426 987 473 gravitate
1022 430 1058 462 et
1090 427 1299 464 severitate
1330 426 1521 475 Keplerus
1549 427 1686 475 Juveni
1720 438 1859 464 occae-

62 485 148 519 cato
168 479 348 534 (Horkio)
379 483 580 521 levitatem
612 494 721 520 suam
746 482 931 531 objecerit
963 482 1218 532 eundemque,
1254 496 1368 533 quam
1402 486 1600 533 indignum
1624 490 1661 523 et
1692 486 1859 534 iniquis-

60 539 199 577 simum
220 551 261 577 se
284 546 416 579 contra
441 540 660 578 Galilaeum
684 541 915 590 praebuerit,
950 542 1133 579 acerrime
1156 542 1432 591 objurgaverit,
1467 542 1544 580 vol.
1566 543 1616 581 II.
1641 555 1676 592 p.
1702 547 1784 581 454
1807 555 1858 582 ss.

59 597 138 646 legi
169 599 322 646 poterit.
345 622 400 629 κ
424 599 537 637 Initio
571 598 726 648 quidem
750 599 942 648 Keplerus
975 599 1082 637 solus
1115 607 1196 637 crat
1227 600 1344 649 hujus
1376 602 1431 637 rei
1463 600 1652 648 defensor,
1686 614 1708 639 a
1728 601 1859 639 multis

61 661 98 693 et
130 658 214 704 ipso
247 656 456 709 Maestlino
488 668 564 694 non
598 657 828 704 intellectus,
862 669 980 706 quum
1013 669 1080 706 pro
1114 655 1283 695 Galilaei
1316 659 1481 696 inventis
1515 659 1668 707 publice
1703 659 1858 698 diceret.

64 713 179 762 Quod
211 726 255 752 eo
287 715 408 764 pluris
441 715 724 754 aestimandum
758 721 827 762 est,
861 727 978 764 quum
1013 714 1212 753 Galilaeus
1245 727 1290 753 ex
1314 728 1415 754 anno
1443 720 1548 755 1597
1583 728 1694 755 omne
1725 718 1860 756 litera-

60 783 143 809 rum
177 775 448 811 commercium
481 772 734 823 praecidisset
766 779 802 811 et
835 775 964 811 omnia
996 773 1155 822 Kepleri
1187 785 1303 822 opera
1336 786 1458 822 usque
1491 775 1539 812 ad
1571 787 1714 813 annum
1749 780 1857 815 1613

60 830 162 868 edita
196 831 445 879 neglexisset.
497 832 596 869 Tum
629 831 808 881 demum,
851 843 935 869 cum
970 831 1162 880 Keplerus
1204 844 1281 870 rem
1324 831 1492 870 Galilaei
1531 833 1684 882 publice
1725 833 1860 872 defen-

59 888 176 936 deret,
207 889 404 928 literarum
428 891 697 928 commercium
720 889 845 926 denuo
868 891 1084 927 restitutum
1119 896 1186 927 est.
1235 889 1437 928 Ga'lilaeus
1460 893 1559 928 enim
1584 893 1655 940 ipsi
1688 892 1857 937 tradidit,

58 946 246 996 quidquid
277 950 369 985 novi
400 947 567 997 amplius
599 949 637 984 in
670 947 779 985 coelo
813 947 1038 994 detexisset,
1074 959 1171 996 quas
1203 948 1410 986 relationes
1443 960 1528 986 curn
1561 951 1639 986 suis
1663 952 1858 999 responsis

57 1004 250 1055 Keplerus
284 1007 320 1042 in
345 1007 563 1056 Dioptrices
584 1006 824 1055 praefatione
857 1005 988 1053 edidit,
1022 1005 1070 1043 ad
1095 1018 1211 1054 quam
1235 1007 1552 1044 conscribendam
1577 1009 1669 1056 ipsis
1691 1007 1856 1046 Galilaei

58 1065 224 1101 inventis
257 1064 465 1113 perductus
498 1070 567 1104 est.
609 1064 772 1113 Propria
803 1075 959 1113 quoque
994 1064 1266 1102 observatione
1298 1066 1423 1102 nitens
1457 1066 1593 1103 iterum
1625 1065 1673 1103 ad
1697 1078 1854 1104 causam

58 1121 276 1160 Galilaeam
308 1122 440 1170 rediit,
486 1129 527 1160 ut
571 1134 654 1160 eam
698 1122 940 1160 confirmaret
972 1122 1169 1170 (Narratio
1213 1122 1259 1161 de
1303 1124 1520 1161 observatis
1553 1136 1575 1161 a
1606 1136 1647 1162 se
1689 1130 1857 1173 quatuor

59 1179 175 1218 Jovis
207 1181 443 1229 satellibus),
476 1181 740 1229 Pragensibus
771 1182 851 1218 suis
884 1181 1018 1218 amieis
1051 1182 1260 1218 testimonii
1293 1192 1412 1218 causa
1443 1182 1657 1221 advocatis.
1691 1204 1745 1210 ——

196 1238 244 1275 Et
285 1239 445 1288 Kepleri
485 1240 593 1277 libris
635 1239 748 1276 modo
790 1238 901 1277 dictis
944 1244 981 1276 et
1024 1238 1196 1287 ejusdem
1240 1238 1285 1277 de
1319 1239 1486 1277 Galilaei
1526 1241 1692 1278 inventis
1724 1240 1859 1279 litera-

60 1308 142 1333 rum
175 1299 405 1335 commercio
438 1299 561 1335 intimi
596 1299 665 1334 viri
697 1309 822 1335 mores
844 1298 956 1334 nobis
982 1297 1214 1345 deteguntur
1245 1298 1534 1347 clarissimeque
1565 1304 1739 1348 apparet,
1774 1311 1860 1337 eum

59 1360 101 1391 ut
132 1356 168 1390 in
203 1356 334 1393 multis
367 1356 453 1394 aliis
486 1356 617 1403 rebus,
652 1357 754 1393 omni
789 1355 1015 1393 inhonestae
1047 1356 1270 1393 ambitionis
1302 1357 1520 1404 suspicione
1559 1358 1697 1406 suique
1730 1369 1861 1396 amore

60 1415 285 1460 vacavisse,
329 1415 551 1464 incorrupta
578 1415 732 1463 justitia
766 1420 802 1451 et
834 1415 998 1451 veritate
1038 1414 1240 1452 imbutum.
1301 1414 1569 1452 Admiratione
1602 1416 1703 1452 enim
1736 1416 1860 1453 omnis

60 1470 232 1509 invidiae
275 1479 431 1522 experte
473 1473 587 1511 refert
620 1473 832 1522 lieplerus,
877 1484 993 1521 quam
1032 1472 1130 1509 bene
1164 1471 1365 1510 Galilaeus
1405 1472 1450 1510 de
1482 1472 1717 1523 amplificato
1751 1473 1859 1512 coelo

60 1531 318 1569 astronomieo
351 1533 508 1569 meritus
540 1533 600 1578 sit,
635 1530 882 1580 simplicitate
906 1530 1065 1567 amabili
1088 1536 1228 1576 narrat,
1263 1542 1364 1579 quae
1387 1531 1630 1579 conjecturae
1663 1536 1700 1569 et
1731 1536 1860 1570 tenta-

60 1589 187 1626 tiones
220 1589 341 1627 allato
373 1589 525 1627 illorum
558 1591 802 1627 inventorum
826 1590 966 1626 nuncio
989 1590 1220 1638 necopinato
1254 1590 1290 1626 in
1314 1591 1484 1626 animum
1515 1600 1628 1626 suum
1649 1590 1858 1636 subierint3

60 1651 98 1684 et
127 1647 256 1684 statim
288 1647 448 1686 edoctus
481 1647 527 1686 de
558 1649 626 1695 iis,
671 1659 770 1696 quae
804 1648 1023 1685 etiamnunc
1064 1648 1227 1685 obscura
1267 1652 1303 1685 et
1336 1647 1454 1685 dubia
1487 1653 1612 1692 erant,
1657 1648 1702 1687 de
1745 1659 1860 1697 prae-

59 1706 196 1742 sumtis
229 1707 309 1743 suis
342 1707 592 1755 opinionibus
626 1706 777 1744 desistit
809 1717 933 1754 neque
965 1716 1079 1752 vero,
1119 1712 1160 1742 ut
1192 1707 1251 1742 vir
1293 1711 1373 1743 erat
1412 1706 1470 1743 sui
1513 1707 1635 1755 ipsius
1669 1708 1858 1753 conscius,

60 1763 214 1800 silentio
248 1766 443 1813 praeterit,
478 1776 577 1813 quae
610 1766 692 1813 ipse
720 1765 802 1813 jam
835 1769 950 1801 antea
982 1769 1019 1801 ct
1052 1775 1143 1800 vera
1166 1766 1392 1812 cognoverit
1424 1769 1460 1801 et
1491 1775 1594 1801 nunc
1624 1766 1860 1813 argumentis

62 1821 253 1859 affirmata
284 1822 474 1861 habuerit.
540 1821 729 1860 Omnibus
773 1826 903 1859 autern
944 1823 1009 1870 qui
1043 1821 1222 1859 Galilaeo
1265 1828 1302 1860 et
1334 1822 1550 1860 inviderent
1593 1828 1629 1860 et
1663 1823 1860 1861 obtrecta-

59 1885 154 1927 rent,
188 1882 371 1919 acerrime
414 1883 553 1919 restitit
586 1887 622 1918 et
654 1892 721 1918 eos
761 1891 918 1930 quoque
949 1891 1156 1928 aggressus
1189 1885 1264 1927 est,
1310 1882 1375 1929 qui
1408 1892 1492 1918 cum
1535 1891 1626 1918 vero
1658 1882 1859 1918 inventore

61 1937 107 1975 de
154 1939 321 1977 inventis
367 1940 546 1977 certaturi
591 1944 740 1986 essent,
789 1944 830 1976 ut
877 1937 1088 1975 Onoldium
1136 1938 1243 1976 illum
1295 1937 1611 1976 mathematicum
1659 1938 1856 1977 Simonem

60 1996 248 2045 Marium,
293 1998 353 2035 cui
386 1998 511 2036 facete
545 1997 799 2043 demonstrat,
843 1996 947 2045 quod
978 1997 1060 2045 ipse
1093 1995 1213 2043 dicat,
1253 2008 1293 2034 se
1326 1998 1489 2046 primum
1525 1997 1686 2035 Veneris
1717 1997 1858 2046 phases

61 2054 263 2102 detexisse,
296 2055 502 2094 allatorum
523 2061 736 2105 temporum
758 2056 1046 2103 comparatione
1079 2054 1129 2092 ad
1150 2057 1295 2092 irritum
1320 2055 1456 2093 cadere
1482 2058 1544 2099 (II.
1569 2058 1667 2101 46:1¹).
1714 2055 1860 2094 Postea

62 2119 212 2160 tamen,
253 2125 338 2151 cum
371 2115 454 2163 ipse
486 2114 731 2163 tranquillius
764 2125 841 2151 rem
875 2113 1062 2161 cogitaret
1094 2119 1131 2150 et
1163 2113 1249 2151 aliis
1292 2115 1563 2162 instigantibus
1597 2113 1858 2151 dubitationes
1908 2111 1913 2116 ”

61 2183 151 2209 suas
183 2174 414 2222 temperavit
446 2178 483 2210 et
505 2185 589 2210 cum
612 2172 737 2210 Mario
762 2172 907 2209 offenso
931 2173 1054 2209 amice
1077 2183 1155 2208 rem
1179 2173 1408 2220 composuit.
1432 2194 1475 2199 —
1497 2172 1623 2209 Etiam
1657 2171 1702 2209 de
1734 2173 1856 2220 primo

61 2230 166 2268 Solis
198 2230 436 2269 macularum
470 2233 670 2269 inventore
703 2236 788 2268 orta
821 2235 880 2268 est
901 2231 1177 2268 controversia.
1221 2229 1345 2278 Quam
1378 2232 1639 2268 inventionem
1665 2230 1857 2278 Keplerus

61 2289 176 2326 amici
208 2290 268 2326 sui
291 2289 458 2327 Davidis
480 2290 649 2327 Fabricii
681 2289 760 2326 filio
786 2288 932 2326 Joanni
966 2288 1153 2334 attribuit,
1187 2288 1259 2326 hoc
1287 2288 1378 2336 joco
1410 2287 1556 2335 addito,
1587 2290 1619 2326 si
1652 2289 1772 2337 ipsius
1803 2288 1857 2325 rei

62 2347 162 2385 ratio
194 2347 413 2394 haberetur,
447 2348 518 2385 sibi
551 2359 592 2385 se
624 2347 723 2385 hanc
744 2347 906 2396 gloriam
928 2357 1137 2392 assumere,
1172 2357 1258 2384 cum
1290 2349 1372 2396 ipsc
1395 2346 1551 2395 quidem
1573 2347 1734 2395 primam
1757 2345 1859 2383 Solis

60 2405 252 2443 maculam
274 2405 446 2452 vidisset,
470 2405 537 2443 sed
561 2417 646 2444 eam
668 2405 765 2443 falso
788 2416 856 2454 pro
877 2403 1069 2441 Mercurio
1092 2403 1304 2443 habuisset.
1337 2404 1529 2453 Keplerus
1551 2406 1632 2453 ipse
1654 2406 1691 2440 in
1715 2404 1858 2452 templo

59 2463 338 2501 Ratisbonensi
370 2464 561 2512 frequenti
602 2470 638 2501 et
676 2463 891 2512 legatorum
934 2461 1025 2499 illuc
1063 2461 1112 2499 ad
1151 2464 1366 2511 principum
1410 2463 1614 2500 concilium
1655 2463 1858 2500 missorum

61 2526 99 2558 et
131 2521 296 2559 aliorum
327 2522 526 2559 hominum
561 2523 782 2568 conventui,
817 2533 892 2558 non
926 2519 1100 2557 adhibito
1133 2520 1358 2570 teiescopio,
1392 2520 1494 2558 Solis
1522 2521 1694 2559 maculas
1727 2526 1856 2557 osten-

61 2579 126 2625 dit,
160 2581 282 2629 ipsius
313 2580 416 2618 Solis
448 2581 577 2629 specie
610 2592 676 2628 per
706 2580 913 2618 fenestram
945 2583 1034 2626 apte
1076 2579 1247 2616 immissa
1286 2580 1324 2615 in
1361 2579 1496 2617 aedem
1539 2578 1696 2616 luminis
1736 2589 1859 2626 paene

61 2643 267 2686 expertem.
339 2638 434 2676 Cum
481 2637 662 2675 Galilaeo
708 2638 898 2686 denique,
945 2636 1177 2682 Scheinero,
1226 2636 1447 2683 Herwarto,
1502 2636 1636 2674 Marco
1684 2635 1858 2673 Welsero

60 2695 252 2744 Keplerus
286 2695 332 2732 de
364 2695 422 2733 his
455 2695 556 2734 Solis
590 2695 752 2733 maculis
782 2706 850 2744 per
882 2694 1068 2742 epistolas
1107 2693 1322 2732 collocutus
1353 2700 1430 2741 est,
1464 2706 1540 2744 quo
1577 2706 1622 2732 ex
1663 2696 1858 2731 literarum

61 2754 290 2791 commercio
331 2753 407 2791 hoc
449 2765 567 2790 unum
610 2754 826 2799 afferimus,
870 2752 1080 2800 Keplerum
1124 2751 1211 2789 inde
1247 2753 1295 2789 ab
1339 2753 1449 2789 initio
1485 2757 1630 2790 certum
1663 2752 1859 2798 habuisse,

61 2811 149 2848 illas
181 2811 353 2849 maculas
385 2813 423 2848 in
455 2813 539 2861 ipso
563 2810 665 2848 Solis
698 2822 856 2860 corpore
888 2821 993 2855 esse,
1026 2820 1188 2857 quarum
1222 2821 1266 2846 cx
1289 2810 1458 2847 motibus
1490 2809 1651 2848 Solem
1683 2821 1733 2847 se
1764 2820 1858 2846 mo-

63 2881 180 2907 vere
212 2871 345 2908 circa
378 2881 515 2907 axem
547 2880 689 2906 suum
721 2869 911 2916 conjicere
944 2866 1097 2912 liceret,
1140 2867 1244 2914 quod
1277 2869 1358 2916 ipse
1387 2868 1470 2915 jam
1504 2867 1567 2905 diu
1600 2872 1689 2905 ante
1721 2869 1860 2905 inven-

63 2934 142 2965 tum
175 2928 426 2977 telescopium
458 2927 628 2977 physicis
661 2926 897 2974 argumentis
928 2926 1054 2962 nitens
1087 2924 1258 2962 dixisset.
1290 2948 1346 2952 ——

204 2985 399 3034 Quamdiu
431 2986 581 3034 Pragae
613 2984 805 3033 Keplerus
839 2987 938 3029 erat,
975 2994 1022 3020 ex
1053 2981 1230 3019 familiari
1265 2984 1494 3021 commercio
1534 2994 1618 3021 cum
1659 2984 1792 3020 amicis
1824 2989 1862 3022 et

62 3043 277 3082 fautoribus
315 3044 394 3082 illic
425 3044 543 3094 partis
576 3047 613 3080 et
642 3042 682 3079 hi
714 3042 922 3078 maximam
966 3041 1108 3089 ingenii
1149 3041 1410 3089 voluptatem,
1455 3047 1493 3079 et
1530 3042 1612 3091 ipse
1653 3043 1860 3079 maximam

58 3101 341 3150 jucunditatem
380 3109 418 3140 et
449 3101 656 3138 utilitatem
686 3100 870 3150 percepit.
933 3097 1122 3146 Quamvis
1154 3101 1254 3136 enim
1292 3099 1462 3137 fautores
1505 3099 1544 3136 hi
1576 3099 1792 3148 Pragenses
1823 3100 1862 3136 in

63 3159 140 3198 illis
181 3161 254 3198 sub
292 3159 491 3211 Rudolphi
535 3159 780 3211 imperatoris
822 3158 926 3196 vitae
967 3157 1113 3194 exitum
1156 3162 1193 3195 et
1234 3156 1399 3207 publicis
1442 3158 1585 3197 coortis
1625 3158 1793 3200 motibus
1825 3162 1862 3197 et
