2126 3388
242 143 326 188 712
915 143 998 180 Vita
1022 143 1045 179 J
1048 144 1173 181 oannis
1198 143 1358 190 Kepleri.

241 258 375 295 auxilio
413 260 566 304 Spiritus
602 259 724 294 Sancti
757 270 921 305 pugnare
953 264 989 296 et
1023 260 1163 295 vincere
1197 260 1386 296 discamus.
1435 260 1513 295 Hoc
1545 258 1614 294 Dei
1643 258 1884 294 misericordis
1918 259 2024 294 bene-

240 316 420 361 placitum,
446 317 535 351 haec
559 316 738 353 voluntas.
780 318 861 354 Jam
886 324 921 354 te
940 330 1019 353 cum
1036 321 1215 364 puerpera
1240 323 1275 354 et
1300 330 1393 355 nova
1418 323 1502 354 nata
1519 318 1656 353 salvere
1682 322 1717 353 et
1741 316 1859 352 valere
1881 316 2022 360 3111160.ιι

377 376 435 410 Ex
461 375 613 419 epistola
640 375 674 411 d.
702 376 734 412 d.
761 377 815 412 23.
845 377 1080 421 Septembris:
1119 378 1320 422 „Scriptum
1344 382 1446 413 tuum
1471 378 1514 412 de
1538 387 1646 412 sacra
1670 385 1782 410 coena
1807 378 1920 409 totum
1944 372 2025 417 legi.

237 434 415 469 Judicium
440 443 557 467 meum
582 433 651 468 alio
679 439 714 469 et
740 435 978 470 commodiore
1003 440 1163 480 tempore
1181 436 1368 480 aperiam.“
1403 435 1583 470 Judicium
1600 435 1669 469 1106
1685 433 1835 476 legimus
1861 432 1896 467 in
1913 431 2027 467 literis

240 492 274 527 (1.
293 491 327 527 (1.
347 492 399 525 13.
419 490 507 534 Oct,
533 491 569 525 in
595 491 724 536 quibus
741 492 1037 537 Zehentmajerus
1063 493 1184 538 refert,
1211 494 1541 537 Kandelbergerum
1568 491 1879 537 („provincialium
1905 499 2026 533 agens,

238 550 299 594 qui
316 550 453 592 Pragae
471 548 558 583 11111ιι
575 561 605 584 ν.
621 551 762 596 11708),
783 551 896 586 virum
910 551 1010 587 illum
1029 553 1210 596 egregium
1230 556 1264 587 61
1283 551 1477 596 politicum,
1495 551 1532 586 in
1551 549 1703 594 equuleo
1721 549 1832 584 fuisse
1849 548 2026 583 immanis-

237 608 322 641 sime
339 610 513 650 enectum,
535 611 570 641 et
588 609 819 643 secretarium
839 609 1116 645 Gabelkoferum
1136 610 1312 653 exquisito
1331 613 1491 644 torturae
1510 619 1639 653 genere
1659 607 1912 642 excruciatum.
1950 606 2027 649 „Tu

240 664 300 708 qui
325 664 523 707 sapientiae
550 665 676 700 studiis
700 666 874 702 incumbis
900 674 937 701 et
968 668 1106 703 futuros
1133 671 1281 702 eventus
1308 677 1352 701 ex
1377 667 1483 701 astris
1509 666 1703 710 prospicis,
1731 668 1863 709 quaeso
1889 664 1919 698 si
1943 664 2029 708 quid

238 721 274 755 in
298 721 454 756 siderum
478 722 600 766 positu
625 723 918 766 animadvertisti,
946 725 1040 770 quod
1068 725 1246 770 singulare
1272 725 1356 769 quid
1374 725 1578 769 regionibus
1596 724 1695 759 hisce
1717 723 1917 766 denunciet,
1943 722 2029 757 mihi

239 784 274 814 61
299 790 474 824 generoso
499 791 578 816 meo
611 783 842 817 communica.
886 784 1107 828 Magnopere
1141 783 1321 818 desiderat
1344 783 1405 817 ille
1439 782 1613 826 ejusmodi
1644 780 1800 826 speciale
1831 780 2031 825 prognosti-

240 847 338 882 cum,
370 837 530 882 inprimis
556 850 576 873 a
603 840 668 884 Te,
705 841 780 875 viro
813 841 917 876 docto
944 847 979 877 et
1011 842 1119 887 hujus
1151 841 1236 878 artis
1268 841 1394 885 perito.
1443 841 1521 884 Ego
1554 850 1640 875 sane
1671 843 1826 874 mentem
1858 843 1957 874 tuam
1986 837 2030 872 de

240 895 416 939 ejusmodi
434 898 675 942 singularibus
695 899 770 943 jam
789 904 871 935 ante
896 906 1122 945 perspectam
1146 902 1280 936 habeo:
1307 899 1395 934 nihil
1420 899 1587 934 videlicet
1612 897 1700 933 certi
1724 898 1759 931 in
1785 897 1904 941 specie
1929 906 2030 941 prae-

243 954 312 988 dici
335 965 446 999 posse
470 960 533 991 aut
550 962 698 992 eventus
717 963 834 993 certos
853 958 1002 1003 definiri,
1029 959 1093 994 sed
1118 959 1319 1003 generalem
1345 964 1380 994 et
1403 957 1507 993 valde
1530 957 1704 992 lubricam
1730 966 1807 990 esse
1834 954 2031 1000 astrologo-

240 1025 319 1048 rum
350 1014 524 1049 notitiam.
574 1016 644 1051 Sed
671 1017 754 1060 quia
777 1017 960 1062 homines,
985 1018 1039 1053 uti
1064 1018 1174 1062 nosti,
1200 1018 1306 1053 rebus
1334 1017 1560 1053 delectantur
1585 1014 1685 1049 novis
1712 1018 1747 1049 et
1771 1013 1912 1048 futurae
1938 1017 2032 1048 cata-

242 1072 408 1116 strophes
435 1083 561 1108 causas
580 1084 624 1108 ex
641 1078 771 1109 natura
789 1074 995 1120 depromtas
1021 1077 1181 1120 cupiunt,
1206 1076 1261 1110 fac
1278 1079 1317 1110 ut
1342 1074 1476 1119 aliquid
1502 1084 1544 1108 ea
1569 1073 1613 1108 de
1637 1083 1675 1108 re
1700 1073 1906 1108 conscribas
1931 1070 2032 1106 mihi-

244 1140 312 1173 que
337 1130 470 1167 mittas.
520 1132 601 1167 Erit
634 1132 698 1167 tibi
723 1133 859 1178 absque
891 1134 1052 1178 periculo
1085 1138 1120 1169 et
1150 1138 1287 1169 secreto
1322 1138 1451 1168 cuncta
1481 1132 1696 1168 tenebuntur
1728 1131 1841 1166 locO.“
1892 1131 2032 1166 Deinde

242 1188 374 1232 pergit:
401 1189 603 1234 „Scriptum
627 1195 729 1226 tuum
753 1191 796 1226 de
824 1192 942 1226 Coena
967 1191 1108 1226 Domini
1133 1191 1321 1235 diligenter
1346 1195 1382 1226 et
1406 1195 1541 1226 attente
1565 1190 1651 1234 legi,
1677 1189 1971 1234 promtitudinem
1998 1194 2034 1223 et

245 1258 393 1283 acumen
417 1248 552 1293 ingenii
577 1249 629 1283 tui
653 1250 821 1291 miratus,
856 1249 950 1293 quod
977 1249 1191 1285 sententiam
1223 1249 1317 1283 hanc
1347 1247 1391 1282 de
1416 1248 1646 1292 perceptione
1678 1247 1817 1283 fructus
1844 1252 1879 1282 et
1902 1247 2032 1290 meriti,

246 1317 317 1340 non
343 1306 567 1341 substantiae
593 1308 754 1352 corporis
780 1308 932 1353 Domini,
960 1308 1179 1352 argumentis
1206 1318 1277 1341 non
1303 1307 1392 1341 levis
1417 1307 1586 1341 momenti
1603 1310 1675 1341 tam
1693 1307 1730 1341 in
1755 1306 2035 1349 confirmatione,

246 1375 352 1409 quam
377 1365 593 1400 refutatione
618 1365 799 1400 munivisti
822 1392 939 1402 .....
989 1366 1069 1400 Tibi
1103 1366 1196 1400 sicut
1221 1370 1256 1400 et
1283 1365 1484 1400 Calvinistis
1510 1366 1709 1409 sententia,
1736 1376 1842 1410 quam
1867 1364 1975 1400 verba
2002 1368 2038 1400 et

245 1422 395 1458 literalis
416 1433 543 1458 56115115
563 1423 649 1458 dant
667 1423 710 1458 de
727 1424 932 1468 praesentia
949 1424 1183 1466 substantiae,
1210 1423 1327 1459 minus
1346 1423 1489 1469 arridet,
1517 1423 1599 1467 quia
1618 1424 1714 1458 varia
1738 1423 1820 1458 inde
1838 1427 2037 1467 sequuntur

246 1479 402 1515 absurda
435 1484 470 1514 et
494 1480 736 1526 incommoda,
773 1486 809 1516 et
845 1481 987 1526 quidem
1023 1481 1219 1516 secundum
1246 1481 1458 1516 Calvinistas
1492 1481 1683 1517 abolentur
1707 1482 1775 1517 hac
1798 1482 1938 1517 ratione
1963 1493 2037 1517 cor-

246 1537 344 1582 poris
369 1538 542 1573 naturalis
560 1539 810 1583 proprietates,
837 1539 1009 1574 articulus
1035 1538 1256 1575 ascensionis
1281 1539 1378 1574 venit
1404 1539 1440 1573 in
1468 1539 1623 1581 dubium,
1648 1539 1747 1574 nulla
1765 1540 1871 1574 etiam
1897 1540 2037 1575 unionis

247 1599 302 1630 est
327 1596 418 1630 ratio
451 1596 694 1641 symbolorum
726 1601 762 1632 et
786 1597 838 1632 rei
863 1598 1043 1643 coelestis,
1082 1598 1147 1633 tibi
1179 1607 1263 1632 vero
1297 1597 1412 1633 minus
1446 1597 1591 1642 placere
1623 1597 1702 1632 vult
1726 1597 1931 1642 praesentia
1957 1597 2038 1633 sub-

248 1653 402 1688 stantiae
426 1658 616 1698 tantopere
641 1666 662 1690 a
687 1656 820 1690 nostris
841 1656 995 1700 Jactata,
1032 1656 1115 1700 quia
1148 1667 1213 1701 per
1246 1666 1284 1691 se
1315 1655 1517 1691 substantia
1549 1655 1625 1691 sine
1658 1656 1784 1691 merito
1810 1655 2038 1691 considerata

245 1712 395 1757 prodest
419 1713 508 1747 nihil
533 1718 568 1748 et
592 1713 628 1748 in
651 1714 875 1749 institutione
894 1724 1025 1750 coenae
1045 1714 1223 1749 Christum
1249 1713 1380 1749 talibus
1407 1725 1511 1749 usum
1537 1724 1616 1748 esse
1641 1713 1776 1758 verbis,
1804 1713 1933 1758 quibus
1957 1723 2038 1758 pas-

248 1770 358 1805 sionis
384 1781 470 1806 suae
495 1772 651 1807 fructum
677 1772 904 1816 potissimum
929 1771 1124 1807 inculcaret
1150 1776 1186 1806 et
1210 1772 1246 1806 in
1273 1782 1340 1806 usu
1364 1772 1571 1807 memoriam
1597 1772 1713 1806 meriti
1739 1772 1913 1807 excitaret
1917 1799 2037 1808 .....

248 1827 402 1862 Faceres
427 1828 514 1863 mihi
537 1840 612 1864 rem
638 1835 796 1875 gratam,
824 1830 854 1864 si
878 1831 965 1866 meis
992 1830 1168 1865 sumtibus
1194 1829 1334 1865 cuidam
1361 1830 1602 1865 studiosorum
1628 1829 1901 1865 describendum
1927 1831 2037 1874 scrip—

250 1888 325 1919 tum
350 1890 469 1932 tuum,
505 1888 602 1932 quod
626 1888 685 1923 1116
708 1888 872 1933 remitto,
909 1888 1089 1930 traderes;
1123 1888 1278 1923 libenter
1303 1888 1396 1922 enim
1423 1889 1605 1933 exemplar
1629 1899 1866 1932 asservarem,
1892 1895 2041 1933 propter

251 1943 424 1978 nonnulla
448 1950 669 1990 argumenta,
696 1957 788 1991 quae
813 1947 902 1982 scite
927 1946 1118 1982 admodum
1144 1952 1179 1982 et
1204 1957 1287 1981 vere
1312 1947 1515 1990 theologice
1540 1947 1717 1982 tractasti.
1744 1966 1784 1970 —

389 2002 432 2036 In
458 2004 705 2040 nativitatibus
730 2005 801 2040 illis
827 2005 943 2041 tribus
968 2010 1052 2040 ante
1076 2015 1234 2040 mensem
1260 2005 1402 2040 traditis
1428 2005 1457 2040 si
1476 2005 1560 2049 quid
1578 2005 1775 2050 absolvisti,
1802 2005 1937 2040 homini
1953 2004 2039 2040 huic

254 2059 444 2106 committe,
470 2061 539 2096 alia
564 2063 640 2097 vice
665 2063 894 2099 honorarium
919 2075 983 2108 pro
1009 2064 1133 2098 labore
1157 2068 1369 2107 recepturus
1396 2073 1445 2099 65.
1485 2062 1678 2098 Dimidium
1705 2062 1838 2098 dolium
1864 2063 1936 2098 vini
1952 2063 2040 2097 Lut-

250 2116 446 2162 tenbergici
465 2121 585 2155 curavi
601 2121 666 2156 tibi
683 2122 832 2166 impleri,
851 2121 984 2166 poteris
1002 2121 1090 2156 illud
1110 2121 1393 2165 quandocunque
1406 2120 1457 2155 vis
1472 2131 1492 2155 a
1507 2121 1642 2155 sororio
1659 2131 1739 2156 meo
1757 2120 1873 2155 Balth.
1888 2120 2039 2164 Stainer,

252 2176 326 2211 cive
343 2177 704 2224 Radkerspurgensi,>
722 2190 910 2225 reposcere
935 2185 970 2214 et
990 2180 1177 2216 Graecium
1208 2179 1371 2215 avehere.
1412 2179 1466 2212 De
1491 2178 1605 2223 pretio
1638 2179 1727 2214 bene
1752 2180 2036 2216 conveniemus.“

391 2236 503 2271 Paulo
528 2242 611 2282 post
635 2239 931 2283 Zehentmajerus
957 2239 1152 2284 Keplerum
1177 2238 1222 2273 ad
1247 2236 1534 2281 respondendum
1559 2241 1697 2281 monet,
1730 2236 1819 2272 nihil
1844 2249 1927 2273 vero
1954 2239 2040 2274 dicit

257 2293 301 2329 de
326 2294 473 2339 Kepleri
498 2296 651 2341 scriptis,
679 2307 770 2341 quae
796 2297 896 2341 prius
921 2301 1109 2342 tantopere
1134 2297 1353 2332 laudaverat.
1382 2315 1423 2320 ——
1448 2294 1596 2330 Aestate
1622 2296 1705 2330 anni
1725 2296 1813 2332 1600
1838 2296 2040 2340 gratulatur

256 2353 433 2398 Keplem,
467 2355 563 2399 quod
596 2355 715 2390 salvus
742 2366 786 2391 ex
812 2355 894 2390 aula
918 2355 1146 2400 imperatoria
1177 2354 1339 2398 redierit3
1377 2363 1448 2387 non
1474 2352 1635 2387 dubitare
1661 2363 1715 2396 se,
1751 2353 1837 2398 quin
1860 2354 2040 2399 Keplerus

260 2412 396 2455 „doctis
429 2413 502 2448 suis
540 2412 871 2449 conversationibus
903 2417 938 2447 et
964 2412 1158 2454 sententia,
1192 2422 1298 2456 quam
1324 2411 1368 2446 de
1394 2409 1540 2445 orbibus
1565 2414 1601 2445 et
1625 2415 1725 2446 motu
1752 2411 1883 2446 Terrae
1908 2412 2040 2457 foveat,

257 2470 347 2506 adeo
372 2470 533 2507 affecerit
558 2472 780 2516 Tychonem,
815 2476 855 2506 ut
882 2470 1034 2515 Styriam
1058 2474 1234 2513 nostram,
1267 2469 1355 2504 alias
1382 2469 1551 2506 afflictam
1577 2475 1612 2506 et
1638 2471 1824 2508 doctorum
1857 2472 2041 2506 hominum

259 2528 504 2574 infecundam,
535 2529 677 2566 beatam
703 2529 848 2575 dixerit,
882 2532 1007 2574 utpote
1040 2527 1096 2563 cui
1120 2527 1192 2562 tale
1219 2526 1347 2572 obtigit
1372 2529 1582 2565 eruditionis
1608 2530 1744 2574 lumen,
1770 2541 1839 2575 quo
1866 2529 2042 2565 barbariei

257 2590 292 2622 61
316 2586 534 2622 confusionis
559 2587 729 2623 tenebrae
756 2586 897 2632 dispelli
928 2585 1099 2631 possint.“
1154 2586 1254 2628 „Non
1280 2585 1430 2630 semen,
1466 2589 1599 2634 pergit,
1635 2593 1865 2634 „perceptum
1895 2588 2040 2623 auribus

260 2646 358 2691 meis,
384 2650 420 2682 te
445 2647 489 2682 ob
515 2645 692 2682 celebrem
724 2646 928 2682 matheseos
962 2644 1147 2680 scientiam
1176 2645 1213 2679 in
1238 2645 1461 2689 imperatoris
1497 2647 1690 2691 germanici
1713 2647 1854 2682 venisse
1878 2645 2041 2681 notitiam

262 2716 413 2751 eumque
437 2706 597 2752 impense
621 2706 709 2742 adeo
735 2706 800 2742 tibi
824 2704 942 2740 favere
968 2702 1140 2747 coepisse,
1166 2707 1206 2738 ut
1229 2703 1322 2738 inter
1346 2703 1484 2739 aulicos
1509 2716 1581 2740 non
1604 2705 1714 2740 infimi
1733 2705 1864 2741 ordinis
1882 2710 1917 2741 te
1935 2717 2040 2751 coop-

260 2766 336 2798 tare
362 2763 620 2809 splendidoque
639 2764 767 2800 salario
793 2768 829 2798 te
853 2763 890 2798 in
908 2763 1007 2808 regia
1024 2773 1090 2798 sua
1108 2763 1203 2798 alere
1221 2767 1316 2799 certe
1333 2764 1587 2808 praesumserit
1590 2790 1730 2800 ......
1772 2765 1921 2809 Scripta,
1949 2774 2041 2809 quae

263 2820 414 2864 legenda
448 2821 492 2857 de
516 2822 643 2859 itinere
667 2822 860 2858 Bohemico
891 2820 1038 2866 dedisti,
1070 2832 1208 2856 mecum
1239 2832 1339 2856 sumo
1365 2821 1401 2856 in
1435 2831 1551 2856 arcem
1577 2824 1790 2866 (Guttenhag,
1816 2825 1902 2856 unde
1928 2835 2040 2857 omnes

267 2881 357 2913 dedit
380 2886 507 2924 praeter
531 2885 625 2926 hanc,
653 2893 736 2925 quae
762 2883 871 2915 Gratii
898 2883 1021 2924 scripta
1046 2884 1103 2922 est,
1130 2880 1299 2923 epistolas)
1326 2879 1447 2923 ibique
1472 2879 1664 2915 evolvam.“
1692 2900 1735 2904 —

402 2937 566 2983 Ultimae,
592 2947 684 2983 quae
709 2943 902 2984 supersunt
925 2938 1051 2974 literae
1068 2937 1343 2982 ZehentmaJeri‚
1370 2937 1475 2973 datae
1500 2938 1556 2973 die
1573 2939 1627 2975 19.
1647 2938 1801 2982 Augusti
1828 2939 1926 2985 1600,
1951 2940 2041 2975 haec

268 2995 421 3030 habent:
445 2996 752 3033 Deliberationem
777 3001 879 3034 tuam
902 2997 945 3033 de
969 3007 1071 3033 mora
1095 2996 1292 3032 Bohemica
1316 2999 1351 3031 et
1375 2996 1514 3042 reliqua
1544 3000 1626 3032 acta
1657 3000 1693 3031 et
1717 2996 1866 3031 actitata
1889 2997 1982 3032 inter
2006 3001 2042 3032 te

273 3057 309 3088 et
325 3053 529 3099 Tychonem
553 3055 690 3099 perlegi
714 3059 750 3092 et
766 3065 811 3091 ex
829 3056 872 3092 iis
890 3054 1132 3098 animadverti,
1157 3054 1273 3090 Deum
1296 3063 1362 3098 per
1378 3064 1441 3089 vos
1466 3054 1601 3099 aliquid
1625 3054 1743 3100 magni
1756 3055 1873 3090 moliri
1889 3055 2042 3091 animos-

272 3119 341 3158 que
363 3114 505 3149 nostros
529 3112 706 3159 sapientia
730 3116 849 3150 vestra
872 3113 1053 3153 illustrare
1082 3112 1185 3150 velle.
1234 3111 1378 3150 Utinam
1402 3111 1553 3150 affectus
1583 3111 1804 3149 inordinatos
1828 3113 1865 3149 in
1889 3116 2042 3159 utroque
