2126 3388
949 150 1049 188 1610.
1644 122 1647 126 ⁴
1804 148 1885 194 791

89 267 260 310 miranda,
285 271 340 304 est
363 278 421 304 res
448 267 637 313 stupenda,
663 276 749 303 vera
773 277 819 303 an
844 265 948 311 falsa,
974 266 1137 311 ignoro“.
1187 265 1228 300 In
1260 265 1432 310 proximis
1457 265 1572 302 literis
1597 267 1643 307 (ὃ.
1669 265 1769 311 Apr.)
1793 276 1889 302 men-

89 327 222 362 tionem
247 326 334 362 facit
360 338 500 370 eorum,
536 337 628 371 quae
653 327 724 362 hoc
748 331 910 369 tempore
941 323 1015 368 egit
1038 322 1218 368 Keplerus
1251 333 1331 358 cum
1355 324 1502 370 Magino
1529 324 1572 361 de
1598 323 1746 360 edendis
1770 324 1891 370 Ephe-

89 384 296 420 meridibus.
347 385 402 419 De
429 384 590 420 Galilaeo
618 384 721 419 dicit:
752 384 914 425 „mallem
940 388 1066 419 contra
1092 394 1172 418 eum
1192 383 1235 418 de
1255 387 1410 427 quatuor
1435 383 1526 419 fictis
1544 382 1699 428 planetis
1717 382 1893 418 calamum

90 453 242 485 movere,
268 442 332 477 sed
353 442 429 486 jam
455 441 666 477 ululandum
692 453 771 477 cum
797 442 928 487 lupis“.
978 442 1091 476 Paulo
1117 447 1201 486 post
1219 444 1286 480 (10.
1306 442 1404 486 Apr.)
1430 441 1530 486 cupit
1556 440 1720 483 „edoceri
1745 440 1789 476 de
1806 451 1892 486 qua-

90 506 174 536 tuor
198 500 351 536 Galilaei
375 501 565 546 planetis“.
614 500 694 535 Huc
719 510 834 545 usque
859 500 1037 545 Keplerus
1065 500 1110 535 ad
1135 500 1264 534 Horkii
1289 498 1462 544 epistolas
1489 510 1559 534 non
1585 498 1792 544 respondit,
1816 498 1892 542 jam

92 570 176 594 vero
202 559 391 595 advenisse
416 559 687 603 responsionem
714 557 946 603 intelligimus
973 568 1016 592 ex
1042 558 1169 592 Horkii
1200 557 1314 592 literis
1343 556 1375 592 d.
1404 556 1437 591 d.
1466 556 1520 591 27.
1550 555 1705 601 Aprilis,
1743 566 1894 599 quarum

91 621 250 662 partem,
285 627 376 662 quae
403 616 601 664 Galilaeum
628 617 771 659 attinet,
799 616 867 650 vol.
892 616 936 649 11.
964 627 997 660 p.
1016 615 1083 651 453
1112 614 1349 649 exhibuimus.
1391 614 1445 649 De
1471 613 1653 649 academia
1677 611 1897 648 Bononiensi

90 674 180 710 haec
206 675 394 720 quaerenti
418 673 575 719 Keplero
609 673 735 709 refert:
777 674 1025 716 „Professores
1059 684 1130 708 non
1156 678 1195 708 ut
1219 674 1255 708 in
1284 672 1474 707 Germania
1506 672 1649 717 legunt,
1686 671 1750 706 sed
1776 670 1895 706 omnia

89 737 231 778 promta
255 733 425 768 memoria
449 732 653 777 perficiunt.
705 733 883 773 Studiosi,
918 731 946 766 si
979 731 1016 766 in
1047 731 1201 766 lectione
1236 730 1383 775 aliquod
1411 729 1575 773 dubium,
1609 729 1710 764 finita
1740 728 1896 765 lectione

88 802 166 826 eam
191 790 440 835 philosophice
467 795 689 835 oppugnant.
741 791 904 836 Cogitur,
941 790 1088 825 cuilibet
1118 788 1338 832 respondere
1365 792 1401 821 et
1424 787 1616 822 lectionem
1643 797 1745 822 suam
1771 786 1895 822 defen-

92 849 188 892 dere,
218 849 247 884 si
272 849 407 893 nequit,
435 847 555 882 rident
582 853 618 882 et
644 847 823 883 sibilant.“
845 875 854 883 .
871 875 879 883 .
901 874 934 883 ..
987 846 1124 891 „Magis
1152 857 1259 890 quam
1278 847 1322 882 50
1340 846 1564 891 professores
1585 845 1895 891 jurisprudentiae

88 908 214 952 legunt
238 911 274 942 et
299 906 542 942 studiosorum
573 916 744 941 numerus
778 907 872 942 5000
898 910 1058 951 superat.
1108 904 1192 939 Vita
1217 903 1409 948 dissoluta,
1443 903 1581 948 gladios
1606 905 1735 948 vagina
1761 914 1893 940 vacuos

90 966 201 1010 magis
228 975 335 1010 quam
361 964 488 999 millies
514 963 598 998 vidi.
650 963 800 1007 Quando
829 964 955 999 doctor
979 964 1015 998 in
1040 962 1221 1004 cathedra,
1246 962 1316 1006 illi,
1345 962 1372 996 si
1399 961 1505 997 lectio
1532 973 1602 997 non
1628 962 1756 1007 placet,
1782 962 1893 998 mani-

89 1025 156 1060 bus
183 1029 218 1059 et
242 1022 395 1068 pedibus
420 1023 567 1068 pulsant
594 1028 629 1056 et
656 1033 700 1056 ex
726 1022 901 1057 cathedra
926 1021 1111 1057 discedere
1132 1019 1261 1064 jubent
1287 1024 1323 1054 et
1348 1020 1540 1064 imperant.
1577 1019 1713 1055 Gladiis
1729 1019 1765 1054 in
1782 1019 1895 1064 ipsius

90 1086 285 1127 conspectu
317 1092 355 1117 se
381 1080 571 1125 aliquoties
598 1085 802 1116 enecarunt.
856 1080 994 1116 Salaria
1025 1090 1098 1114 non
1133 1083 1217 1114 sunt
1242 1078 1425 1122 aequalia:
1452 1077 1692 1123 philosophus
1718 1077 1828 1114 habet
1851 1077 1898 1112 ad

91 1141 274 1175 minimum
293 1141 360 1176 500
379 1139 589 1181 ducatoneS,
618 1139 776 1175 medicus
795 1141 864 1176 800
882 1149 1023 1182 aureos,
1043 1137 1153 1182 aliqui
1171 1136 1262 1172 2000
1281 1136 1443 1178 ducatos,
1460 1136 1628 1180 Maginus
1648 1138 1715 1172 500
1733 1136 1896 1180 ducatos,

91 1200 155 1235 sed
188 1203 375 1244 exspectat
409 1197 507 1232 brevi
540 1197 662 1233 salarii
694 1200 956 1241 augmentum.“
1018 1197 1145 1231 Mense
1175 1194 1274 1238 Majo
1303 1195 1381 1238 (24⁴)
1415 1194 1527 1229 refert
1560 1193 1735 1236 Horkius,
1774 1203 1897 1237 regem

91 1258 230 1293 Galliae
257 1267 337 1292 esse
363 1256 606 1298 interfectum,
635 1255 776 1298 deinde,
803 1255 993 1300 scripsisse
1020 1264 1058 1289 se
1086 1252 1317 1295 „durissime“
1352 1257 1479 1287 contra
1503 1252 1681 1286 Nuncium
1706 1250 1897 1295 sidereum,

89 1321 251 1352 mutasse
277 1325 361 1349 vero
388 1313 578 1349 consilium
602 1313 697 1348 lecta
722 1313 994 1349 Dissertatione
1011 1311 1159 1356 Kepleri
1179 1316 1214 1346 et
1234 1311 1405 1353 „formam
1424 1310 1550 1345 aliam“
1571 1311 1737 1354 elegisse.
1777 1308 1900 1352 (Edita

88 1380 144 1409 est
167 1374 258 1409 haec
285 1372 491 1407 dissertatio
516 1382 639 1406 mense
663 1371 762 1415 Majo
789 1375 824 1406 et
848 1371 941 1407 forte
968 1370 1089 1406 statim
1114 1369 1254 1404 Horkio
1280 1369 1522 1412 transmissa.)
1572 1367 1734 1402 Horkius
1751 1365 1900 1412 Kepleri

88 1442 196 1468 sensa
219 1441 408 1476 perperam
434 1430 639 1475 percepisse
655 1429 796 1466 videtur
814 1430 926 1475 (sicut
945 1435 981 1464 et
1001 1429 1234 1471 Maestlinus3
1262 1427 1324 1462 cfr.
1343 1426 1414 1462 vol.
1432 1426 1476 1461 II.
1495 1438 1530 1471 p.
1548 1426 1647 1470 461),
1674 1437 1760 1461 cum
1779 1425 1899 1462 verbis

88 1490 235 1535 Kepleri
260 1489 317 1530 (ΙΙ.
344 1489 442 1532 506),
476 1488 579 1532 quasi
605 1487 757 1530 diceret,
791 1487 992 1523 Galilaeum
1025 1487 1215 1531 deceptum
1251 1486 1362 1520 fuisse
1395 1485 1431 1520 in
1467 1484 1779 1520 observationibus
1812 1483 1899 1530 suis,

88 1548 339 1584 refutationem
371 1557 473 1582 suam
503 1546 727 1581 innitendam
765 1556 844 1582 esse
878 1550 1002 1582 censet
1028 1547 1083 1589 (ΙΙ.
1111 1547 1215 1588 453.).
1264 1543 1535 1579 Refutationem
1568 1553 1668 1578 suam
1695 1542 1899 1587 („Peregri-

90 1607 315 1650 nationem“)
342 1605 439 1640 misit
463 1603 624 1648 Keplero
653 1605 709 1639 30.
736 1605 846 1650 Junii,
873 1605 934 1650 qui
960 1602 1290 1640 stomachabundus
1316 1601 1504 1646 respondit
1530 1601 1577 1644 (9.
1602 1601 1708 1646 Aug.)
1735 1605 1771 1636 et
1795 1599 1901 1636 simul

90 1666 213 1700 literas
240 1665 286 1700 ad
314 1663 567 1699 Galilaeum
594 1662 710 1704 dedit,
745 1663 900 1699 laudans
935 1663 1044 1708 hujus
1069 1663 1293 1697 inventiones
1327 1665 1363 1696 et
1399 1660 1638 1695 temeritatem
1662 1659 1791 1694 Horkii
1816 1669 1899 1695 con-

90 1734 244 1769 querens
271 1723 331 1766 (II.
359 1722 427 1758 451
454 1724 493 1765 s.)
527 1741 571 1746 --
598 1721 780 1758 Galilaeus
816 1722 1005 1767 respondit
1040 1722 1070 1757 d.
1111 1722 1161 1757 19.
1194 1718 1352 1765 Augusti
1386 1718 1449 1762 (ΙΙ.
1482 1718 1569 1761 457)
1608 1718 1744 1761 gratias
1778 1727 1901 1760 agens,

91 1783 188 1827 quod
222 1781 402 1826 Keplerus
439 1781 576 1825 primus
612 1789 656 1815 ac
683 1781 758 1816 fere
790 1781 889 1816 solus
924 1781 994 1826 ipsi
1024 1781 1132 1816 fidem
1164 1776 1385 1824 praebuerit.
1420 1795 1464 1800 ——
1495 1775 1676 1820 Keplerus
1708 1775 1779 1819 (25.
1807 1775 1901 1820 Oct.)

89 1842 180 1887 petit
197 1852 217 1876 a
236 1841 414 1885 Galilaeo,
441 1851 485 1875 ne
511 1840 634 1875 literas
662 1850 745 1874 suas
773 1840 817 1883 (9.
846 1841 952 1885 Aug.)
980 1839 1124 1885 publice
1150 1836 1349 1874 describat.
1384 1844 1464 1869 cum
1488 1833 1648 1868 Horkius
1672 1833 1790 1878 ipsum
1819 1843 1902 1875 „ex-

93 1900 349 1946 pugnaverit“:
386 1898 546 1943 „Agnovi
579 1898 793 1934 temeritatis
818 1898 1024 1943 illecebras,
1059 1897 1200 1942 ignovi“
1229 1901 1295 1931 616.
1345 1893 1488 1929 Vidisse
1514 1903 1568 1936 se,
1594 1892 1722 1937 refert,
1744 1892 1821 1936 jam
1845 1891 1902 1928 bis

94 1958 262 2004 planetas
288 1958 482 1993 Mediceos.
533 1957 659 1992 Finem
684 1956 823 1991 faciens
849 1956 965 1991 addit:
996 1955 1124 1998 „audio
1150 1954 1357 1989 Florentiae
1382 1962 1547 1987 recusam
1574 1961 1652 1986 esse
1670 1950 1902 1986 Dissertatio-

95 2027 179 2051 nem
204 2026 337 2060 meam3
374 2015 479 2061 cupio
513 2014 590 2059 ejus
618 2014 825 2059 exemplum
858 2013 991 2048 videre.
1043 2012 1130 2048 Vale
1157 2016 1193 2047 et
1218 2022 1283 2047 nos
1308 2011 1422 2056 primo
1449 2020 1593 2055 quoque
1620 2014 1783 2056 tempore
1809 2009 1903 2046 desi·

98 2075 196 2110 derio
223 2079 307 2109 tuae
334 2083 447 2108 novae
472 2073 689 2108 inventionis
716 2073 807 2109 leva.
856 2073 1043 2108 Neminem
1068 2072 1181 2107 habes
1208 2080 1313 2115 quem
1339 2073 1479 2104 metuas
1505 2067 1719 2104 aemulum.“

234 2131 414 2176 Keplerus
432 2132 498 2166 sub
528 2130 635 2165 finem
654 2132 738 2166 anni
756 2131 1006 2176 praecedentis
1024 2130 1082 2165 vel
1098 2129 1198 2164 initio
1226 2128 1309 2163 anni
1330 2126 1418 2163 1610
1436 2125 1558 2160 literas
1577 2125 1676 2160 dedit
1699 2125 1734 2161 J.
1752 2125 1901 2171 Papio,

96 2189 156 2234 qui
180 2189 378 2224 Februario
403 2199 527 2223 mense
554 2189 759 2233 respondit:
789 2190 945 2235 „Magno
972 2200 1052 2225 cum
1078 2187 1209 2232 gaudio
1235 2191 1317 2222 tuas
1342 2185 1476 2229 accepi.
1525 2183 1716 2219 Afflixerat
1739 2194 1796 2220 me
1815 2195 1902 2220 non-

96 2247 186 2283 nihil
211 2248 420 2282 diuturnum
445 2246 629 2281 silentium
654 2251 769 2290 tuum,
796 2247 902 2282 modo
931 2247 1106 2282 sollicitus
1134 2255 1230 2280 eram
1256 2244 1300 2278 de
1325 2242 1397 2278 tuis
1422 2241 1597 2285 fortunis,
1627 2241 1734 2277 modo
1762 2242 1805 2277 de
1829 2243 1904 2277 vita

96 2312 171 2350 tua,
196 2310 344 2351 propter
368 2305 458 2341 istas
482 2305 607 2340 turbas
629 2305 861 2348 Bohemicas,
889 2315 983 2350 quae
1008 2303 1119 2339 literis
1145 2301 1297 2338 subinde
1324 2301 1615 2337 confirmantur.“
1651 2302 1778 2336 Mense
1795 2300 1904 2336 Junio

98 2366 192 2401 idem
217 2366 358 2402 scribit:
394 2366 558 2408 „Utinam
584 2365 731 2401 credere
757 2364 895 2409 possis,
923 2366 1059 2407 quanta
1084 2371 1140 2396 me
1167 2361 1354 2405 voluptate
1384 2359 1546 2394 afficiant
1569 2364 1654 2395 tuae
1678 2359 1804 2396 literae
1827 2364 1905 2395 tum

98 2429 247 2469 propter
272 2423 463 2459 amicitiam
496 2428 677 2467 nostram,
711 2427 788 2458 tum
812 2426 962 2466 propter
988 2429 1139 2456 acumen
1164 2419 1297 2463 ingenii
1323 2418 1392 2463 tui,
1431 2428 1501 2461 quo
1535 2422 1670 2461 quanto
1704 2418 1818 2463 magis
1844 2418 1904 2452 de—

99 2482 231 2526 lector,
265 2486 366 2517 tanto
392 2482 658 2517 ardentioribus
693 2480 788 2516 votis
812 2479 879 2514 tibi
903 2479 1149 2523 longissimam
1174 2477 1318 2521 tuisque
1353 2475 1483 2511 studiis
1509 2475 1770 2520 optatissimam
1796 2475 1905 2511 vitam

99 2544 176 2575 toto
203 2540 319 2574 animo
344 2550 481 2584 precor.
531 2539 746 2575 Avidissime
770 2539 844 2584 legi
870 2543 1062 2582 utrumque
1086 2540 1187 2571 tuum
1221 2535 1395 2579 scriptum
1419 2544 1440 2568 a
1466 2537 1501 2568 te
1527 2533 1682 2576 editum,
1716 2531 1829 2567 multa
1851 2532 1904 2567 in-

100 2599 182 2634 veni
207 2598 433 2643 admiranda,
468 2598 722 2634 mathematico
747 2607 925 2640 ‚caesareo
952 2594 1171 2639 dignissima.
1222 2593 1335 2638 Spero
1362 2590 1426 2625 abs
1451 2594 1487 2625 te
1513 2601 1707 2634 progressu
1733 2590 1905 2635 temporis

99 2657 308 2692 methodum
333 2657 446 2691 totius
472 2655 716 2692 astronomiae
749 2660 784 2690 et
810 2655 964 2699 opticae.
1014 2653 1120 2688 Mitto
1155 2651 1220 2687 tibi
1254 2660 1320 2695 pro
1352 2648 1425 2683 tuis
1460 2647 1576 2682 tribus
1607 2647 1731 2683 liberis
1755 2647 1905 2682 totidem

101 2714 243 2750 libellos
269 2724 314 2748 ex
339 2714 486 2748 succino
513 2717 548 2748 et
574 2724 619 2748 ex
645 2713 771 2749 eodem
798 2713 931 2757 petitos
958 2711 1140 2747 orbiculos
1166 2719 1231 2754 pro
1258 2717 1383 2750 uxore,
1409 2715 1500 2750 quos
1526 2715 1648 2740 omnes
1676 2715 1740 2749 ego
1765 2710 1802 2740 et
1826 2715 1906 2741 mea

103 2775 212 2810 Anna
236 2773 398 2808 officiose
425 2777 461 2807 et
486 2777 649 2808 amanter
676 2770 894 2815 salutamus,
919 2774 1107 2813 rogantes,
1134 2772 1175 2802 ut
1200 2765 1330 2809 exigua
1355 2762 1568 2798 munuscula
1593 2762 1678 2797 boni
1704 2761 1905 2798 consulant.

104 2832 296 2868 Succinum
321 2841 341 2865 a
365 2830 527 2875 principe
560 2830 645 2864 mihi
681 2829 851 2864 donatum
884 2833 961 2871 est3
997 2838 1089 2862 uxor
1125 2836 1204 2861 mea
1241 2823 1344 2858 addit
1375 2821 1530 2857 annulos
1564 2825 1600 2856 et
1630 2820 1740 2856 corda
1772 2821 1817 2856 de
1842 2832 1905 2858 un-

105 2890 192 2936 gula
216 2891 336 2926 alcis.“

85 2991 88 2996 ,
244 2949 345 2993 Quae
370 2947 549 2993 Keplerus
574 2946 643 2981 hoc
668 2955 762 2980 anno
788 2943 1044 2988 chronologica
1077 2942 1148 2986 egit
1177 2952 1257 2977 cum
1285 2939 1439 2976 Calvisio
1466 2943 1502 2973 et
1527 2938 1825 2985 Gerstenbergio,
1858 2939 1907 2974 le·

108 3011 240 3053 guntur
263 3006 334 3041 vol.
358 3006 419 3040 IV.
452 3016 484 3049 p.
511 3004 579 3040 413
606 3014 656 3040 55.
684 3024 727 3027 -
753 3001 989 3046 Prognostica
1020 3000 1089 3035 hoc
1121 3004 1283 3045 tempore
1316 2997 1416 3034 nulla
1448 2998 1570 3035 edidit.
1631 2998 1799 3041 Causam,
1834 3010 1905 3044 qua

104 3070 222 3101 motus
246 3064 429 3110 negotium
454 3063 523 3098 hoc
549 3062 609 3099 diu
625 3062 873 3098 continuatum
891 3059 1158 3105 (1595—1608)
1180 3058 1350 3104 omiserit,
1375 3058 1472 3094 hanc
1498 3058 1583 3095 dicit
1600 3058 1635 3093 in
1654 3057 1776 3093 libello
1797 3058 1906 3101 „Ter-

106 3123 181 3167 tius
204 3123 494 3166 Interveniens‘c2
525 3112 627 3160 Weil
658 3112 720 3153 die
755 3111 952 3160 Astrologi
981 3109 1093 3149 keine
1124 3108 1336 3148 besondere
1367 3109 1540 3160 Spraach
1570 3108 1711 3158 haben,
1742 3108 1907 3149 sondetn
