2126 3388
173 185 285 232 1016
839 181 922 217 Vita
944 177 1093 215 Joannis
1115 178 1273 225 Kepleri.
1325 199 1331 205 ·

173 307 288 346 etiam
318 304 381 342 hic
411 299 686 341 circumscribit
716 299 800 348 ejus
829 301 1026 336 notionem
1056 298 1221 347 ideoque
1253 298 1418 347 exempli
1450 309 1568 336 causa
1601 298 1639 335 in
1663 302 1798 348 quarto
1830 298 1955 348 capite

174 365 285 403 dicit:
322 360 478 414 „Oculi,
511 369 672 407 quorum
705 357 898 405 objectum
930 360 1020 394 sunt
1049 357 1117 394 lux
1147 362 1184 394 et
1214 356 1313 394 radii
1343 355 1481 403 lucidi,
1515 355 1663 393 nullum
1693 356 1838 394 faciunt
1868 356 1955 394 ido-

173 433 287 460 neum
315 417 504 468 judicium
535 415 781 453 harmonicae
813 414 1040 452 radiationis
1070 415 1247 452 binorum
1278 413 1532 463 planetarum.
1593 414 1674 452 Nec
1712 418 1768 452 est
1797 415 1956 451 ratioci-

172 481 305 516 nativa
335 474 512 512 facultas.
575 473 656 510 Etsi
699 473 798 510 enim
832 484 878 510 ex
917 472 1255 509 observationibus
1299 473 1566 509 astronomicis
1605 483 1672 520 per
1712 471 1843 509 oculos
1885 471 1956 509 ad-

174 531 434 574 ministrandis
464 532 563 568 ratio
595 531 744 567 invenit
776 534 813 567 et
844 534 1062 579 computat,
1106 531 1172 578 qui
1204 531 1343 578 quovis
1374 534 1546 578 tempore
1577 531 1653 567 sint
1683 536 1885 578 aspectus,
1918 529 1955 565 id

171 602 297 631 tamen
330 601 404 627 non
437 590 519 638 agit
548 588 784 634 naturaliter,
818 588 960 636 quippe
990 598 1066 625 non
1099 586 1202 636 apud
1236 598 1368 625 omnes
1397 589 1612 637 promiscue
1654 587 1848 635 homines,
1887 587 1955 625 sed

173 649 403 694 voluntarie,
436 646 539 697 apud
571 657 715 696 paucos
747 646 1005 683 astronomiae
1038 645 1280 694 singulariter
1312 642 1498 684 deditos,“

313 705 393 743 Sub
425 705 538 742 finem
571 705 697 752 quarti
728 703 829 750 libri,
861 708 1067 753 postquam
1098 702 1310 741 secundum
1340 704 1528 741 rationem
1559 702 1607 740 ab
1640 703 1723 752 ipso
1755 703 1957 753 probatam

171 779 193 804 a
215 763 344 802 circuli
367 764 536 801 sectione
556 761 748 812 profectus
771 765 915 798 certum
936 766 1052 810 atque
1089 761 1239 798 finitum
1270 765 1493 811 aspectuum
1532 771 1731 798 numerum
1763 760 1957 798 efficacem

172 834 255 861 esse
288 821 437 868 docuit,
470 820 678 857 efficaciam
712 830 841 857 eorum
875 818 999 856 denuo
1031 823 1171 857 tractat
1202 824 1239 857 et
1269 820 1306 855 in
1339 831 1384 857 ea
1415 819 1583 868 persistit
1613 819 1823 864 sententia,
1857 819 1958 855 mul-

169 886 293 918 torum
315 890 499 916 annorum
530 877 864 915 observationibus
890 885 992 924 (quas
1023 879 1092 915 vol.
1125 880 1201 915 VII.
1236 891 1268 923 p.
1295 879 1478 915 618—653
1513 878 1680 912 collectas
1720 878 1957 921 exhibuimus)

171 937 459 977 evidentissime
491 935 563 973 sibi
597 935 898 973 demonstratum
929 946 1025 982 csse,
1059 939 1238 984 aspectus
1269 934 1356 972 illos
1380 935 1494 971 ctiam
1527 933 1574 970 ad
1606 932 1828 971 mutandam
1860 938 1958 971 tem-

170 999 361 1047 pestatem
392 993 534 1032 valere.
595 992 709 1030 Hanc
747 997 875 1030 autem
915 992 1181 1030 efficacitatem
1222 1003 1297 1030 non
1337 991 1413 1030 alio
1447 991 1561 1028 modo
1598 990 1787 1041 explicare
1821 995 1959 1041 potest,

175 1065 291 1103 quam
328 1063 432 1104 „non
460 1052 770 1089 ratiocinativam
803 1049 1038 1099 quandam“,
1070 1055 1113 1087 ut
1143 1051 1225 1100 ipse
1258 1051 1322 1093 ait,
1356 1051 1394 1085 in
1426 1049 1545 1087 Terra
1586 1052 1780 1098 vigentem
1811 1061 1959 1099 ponens

173 1110 410 1157 facultatem,
444 1121 560 1158 quam
593 1120 676 1147 cum
709 1110 837 1146 anima
867 1108 1064 1146 hominum
1097 1112 1163 1145 aut
1183 1108 1391 1145 bestiarum
1414 1108 1597 1144 instinctu
1620 1107 1782 1145 confert:
1821 1106 1959 1155 „Quod

175 1174 232 1207 est
264 1169 355 1206 bovi
396 1167 594 1214 stimulus,
639 1178 737 1215 equo
771 1165 917 1213 calcar,
958 1165 1069 1203 militi
1109 1170 1332 1216 tympanum
1378 1170 1414 1203 et
1452 1165 1676 1211 classicum,
1719 1164 1960 1203 auditoribus

172 1227 293 1265 oratio
325 1226 531 1272 incentiva,
564 1224 701 1262 turbae
731 1226 959 1262 rusticorum
989 1223 1202 1261 modulatio
1235 1223 1282 1261 ad
1313 1222 1493 1269 fistulam,
1524 1222 1710 1260 utriculos
1741 1228 1779 1260 et
1809 1222 1960 1273 pandu-

171 1297 264 1332 ram,
295 1283 370 1320 hoc
402 1288 459 1321 est
490 1283 692 1329 universis,
725 1283 930 1332 praecipue
963 1293 1053 1320 vcro
1085 1282 1124 1318 in
1156 1293 1273 1318 unum
1305 1282 1558 1330 congregatis,
1592 1281 1844 1329 configuratio
1870 1291 1962 1318 coe-

171 1343 280 1381 lestis
311 1341 537 1379 idoneorum
567 1340 826 1391 planetarum,
870 1345 913 1377 ut
954 1345 990 1377 ct
1027 1339 1170 1388 singuli
1209 1341 1245 1375 in
1285 1341 1364 1376 suis
1405 1339 1720 1377 meditationibus
1759 1340 1962 1389 operisque

172 1401 388 1446 incitentur,
413 1404 451 1437 et
471 1399 641 1436 universi
664 1397 713 1436 ad
737 1397 1035 1448 conspirandum
1060 1397 1341 1446 sociandasque
1364 1396 1540 1435 dexteras
1562 1398 1788 1446 promtiores
1810 1396 1917 1435 fiant.
1932 1429 1937 1434 .
1952 1426 1962 1435 .

173 1457 286 1506 Quod
324 1458 491 1494 animam
534 1456 674 1494 Terrae
715 1456 941 1503 tribuerem,
985 1457 1106 1492 movit
1137 1467 1197 1493 me
1237 1456 1445 1505 praecipue
1489 1455 1582 1501 hoc,
1625 1455 1729 1503 quod
1765 1455 1962 1492 formatrix

171 1515 335 1554 facultas
367 1519 424 1553 cst
455 1516 491 1551 in
523 1514 735 1552 visceribus
767 1513 920 1560 Terrae,
954 1513 1057 1562 quod
1088 1515 1125 1550 in
1156 1514 1316 1563 gemmis
1348 1518 1385 1551 et
1416 1512 1612 1550 fossilibus
1645 1513 1820 1563 exprimit
1851 1514 1962 1561 quin-

173 1585 247 1622 que
279 1584 438 1622 corpora
458 1571 671 1622 regularia:
702 1583 791 1608 nam
814 1570 860 1609 de
883 1571 1019 1620 opifice
1050 1575 1212 1609 testatur
1233 1582 1341 1620 opus.
1387 1570 1534 1619 Quibus
1569 1569 1696 1618 addat,
1729 1572 1794 1619 qui
1816 1570 1963 1619 Coper-

172 1633 300 1669 nicum
331 1631 516 1679 sequitur,
549 1630 788 1668 volutionem
818 1629 923 1678 globi
956 1628 1122 1667 Telluris
1155 1629 1341 1676 diurnam,
1373 1634 1598 1678 perpetuam
1631 1634 1668 1667 et
1689 1628 1962 1677 aequabilissi-

172 1701 285 1735 mam,
319 1700 435 1737 quam
465 1689 564 1726 inter
594 1688 710 1736 hujus
749 1688 900 1725 animae
941 1689 1071 1724 munia
1111 1688 1320 1725 rectissime
1361 1687 1592 1725 accenscbit.
1656 1685 1757 1734 Quid
1791 1686 1893 1735 quod
1926 1692 1963 1724 et

173 1758 308 1786 sensus
342 1745 497 1795 quidam
530 1745 594 1784 vel
624 1750 749 1784 tactus
782 1745 845 1783 vel
877 1744 1032 1783 auditus
1053 1745 1218 1782 Telluris
1239 1745 1356 1794 globo
1388 1746 1514 1782 inesse
1541 1744 1702 1792 videtur,
1736 1748 1962 1793 argumento

172 1806 257 1852 hoc,
291 1804 393 1853 quod
426 1804 617 1842 constanti
647 1803 851 1841 traditione
883 1803 1139 1850 confirmatur,
1170 1805 1202 1840 si
1235 1805 1319 1852 quis
1350 1803 1526 1852 lapillum
1558 1804 1594 1838 in
1626 1802 1753 1840 hiatus
1776 1803 1962 1840 montium

175 1863 354 1912 conjiciat
385 1866 452 1899 aut
483 1864 521 1899 in
552 1862 679 1900 lacum
710 1866 946 1909 montanum,
980 1873 999 1898 e
1022 1863 1188 1909 vestigio
1210 1865 1459 1910 tempestates
1481 1861 1650 1898 excitari.
1675 1890 1682 1898 .
1708 1890 1715 1898 .
1741 1889 1748 1897 .
1800 1860 1964 1898 Relucet

172 1922 210 1958 in
243 1921 372 1959 anima
394 1920 562 1958 Telluris
592 1921 720 1968 imago
742 1918 932 1967 quaedam
955 1919 1084 1956 circuli
1108 1918 1257 1957 zodiaci
1279 1919 1474 1958 sensibilis
1497 1920 1690 1967 totiusque
1712 1918 1809 1957 adeo
1832 1918 1963 1956 firma-

172 1980 303 2026 menti,
338 1978 532 2016 vinculum
565 1977 809 2028 sympathiae
849 1988 972 2014 rerum
1006 1977 1230 2015 coelestium
1263 1982 1300 2015 et
1340 1978 1590 2024 terrestrium,
1629 1976 1799 2014 relucent
1838 1976 1961 2015 multo

172 2038 338 2074 maxime
370 2037 406 2072 in
439 2035 507 2074 illa
539 2035 736 2086 archetypi
770 2037 937 2072 omnium
969 2037 1089 2085 ipsius
1121 2036 1336 2073 muniorum
1368 2036 1616 2083 omniumque
1646 2039 1840 2081 motuum,
1874 2036 1962 2084 qui—

171 2096 244 2133 bus
276 2105 414 2143 corpus
453 2105 565 2131 suum
604 2104 833 2142 quocunque
874 2104 988 2131 sensu
1029 2098 1197 2131 moveat.
1261 2093 1324 2131 Sic
1355 2095 1392 2129 in
1432 2093 1596 2130 hominis
1638 2094 1804 2130 animam
1835 2093 1961 2130 influit

169 2154 289 2190 totius
319 2151 467 2190 zodiaci
499 2152 651 2189 sensilis
682 2151 826 2200 figura,
868 2162 999 2188 recens
1031 2164 1053 2188 a
1085 2156 1195 2200 partu
1229 2152 1444 2197 incensam,
1485 2152 1599 2199 inque
1639 2150 1743 2187 illam
1785 2150 1961 2189 inolescit

170 2212 323 2260 penitus
354 2215 390 2248 et
421 2211 549 2258 signat
577 2209 665 2248 loca
697 2210 844 2256 omnia,
887 2221 988 2258 quae
1019 2209 1198 2258 planetae
1231 2210 1301 2246 sub
1344 2209 1448 2255 fixis,
1488 2220 1586 2257 quae
1628 2213 1756 2255 ortus,
1799 2220 1959 2247 occasus

171 2273 238 2307 aut
268 2267 435 2306 medium
468 2267 565 2305 coeli
597 2268 854 2305 obtinuerunt.
917 2267 1014 2304 Prae
1054 2267 1209 2315 reliquis
1253 2278 1343 2305 vcro
1386 2267 1500 2304 rebus
1542 2268 1807 2304 astronomicis
1839 2266 1959 2305 multo

172 2328 340 2364 maxima
369 2324 613 2364 necessitudo
644 2324 845 2363 intercedit
874 2324 1084 2363 harmoniis
1116 2324 1280 2363 radiosis
1314 2336 1398 2363 curn
1422 2329 1506 2362 ortu
1528 2326 1650 2374 primo
1673 2330 1710 2362 et
1731 2324 1960 2364 formatione

171 2385 288 2434 hujus
318 2383 449 2422 vitalis
479 2384 517 2420 in
549 2383 703 2421 homine
733 2380 968 2422 facultatis.“

310 2441 371 2479 Ab
402 2441 475 2479 hac
507 2442 734 2489 quaestione
766 2440 815 2479 ad
847 2440 963 2478 aliam
997 2440 1080 2489 ejus
1112 2439 1275 2478 similem
1315 2444 1575 2488 transgressus
1606 2440 1796 2490 Keplerus
1834 2442 1959 2489 refert,

173 2510 288 2549 quam
318 2500 398 2536 vim
429 2499 651 2537 harmonica
682 2499 921 2549 planetarum
953 2499 1093 2548 positio
1125 2503 1296 2547 tempore
1327 2498 1449 2536 natali
1489 2498 1645 2536 infantis
1678 2498 1725 2536 ad
1759 2499 1841 2548 ejus
1875 2500 1961 2537 ani-

173 2568 276 2595 mum
308 2558 503 2605 animique
534 2556 735 2595 facultates
767 2557 841 2594 sibi
873 2557 1015 2594 habere
1048 2555 1253 2602 videretur,
1286 2567 1464 2605 quaeque
1496 2556 1740 2594 necessitudo
1768 2557 1961 2595 videretur

175 2615 410 2653 intercedere
442 2617 540 2653 inter
570 2616 700 2652 matris
733 2619 770 2653 et
800 2614 956 2653 infantis
987 2625 1119 2653 recens
1149 2615 1231 2651 nati
1263 2614 1575 2652 constellationes
1606 2614 1821 2652 natalicias.
1866 2615 1960 2664 Ejus

173 2675 226 2710 rei
257 2678 462 2722 postquam
505 2677 623 2710 testes
661 2684 701 2710 se
739 2674 866 2722 ipsum
898 2677 935 2710 et
969 2676 1129 2710 matrem
1168 2673 1482 2710 commemoravit
1508 2674 1613 2718 (conf.
1640 2674 1709 2710 vol.
1736 2675 1778 2710 V.
1808 2686 1841 2719 p.
1869 2675 1959 2718 261),

172 2731 233 2768 his
265 2732 393 2769 verbis
431 2731 544 2769 finem
586 2731 670 2779 eJus
711 2731 961 2780 expositionis
1002 2730 1115 2768 facit:
1162 2729 1270 2768 Haec
1314 2741 1385 2779 ego
1418 2729 1463 2767 de
1496 2731 1624 2767 anima
1655 2729 1851 2779 disputavi
1880 2740 1957 2766 non

178 2789 355 2837 equidem
395 2789 469 2827 hoc
508 2788 689 2836 consilio,
733 2793 776 2826 ut
811 2787 1081 2838 philosophiae
1123 2787 1276 2826 divinae
1317 2787 1512 2825 studiosos
1550 2798 1709 2825 avocem
1741 2799 1764 2824 a
1794 2787 1958 2825 lectione

175 2847 524 2897 metaphysicorum
555 2850 766 2893 auctorum,
799 2846 867 2885 sed
897 2851 940 2884 ut
969 2846 1065 2884 haec
1097 2857 1142 2883 ex
1173 2857 1259 2883 mea
1279 2846 1516 2894 professione
1539 2857 1662 2894 exque
1684 2846 1817 2882 intimo
1842 2844 1957 2892 hujus

178 2906 300 2952 operis
339 2905 561 2943 Harmonici
597 2916 700 2953 penu
743 2904 963 2953 depromta,
1004 2902 1165 2941 necdum
1206 2909 1309 2941 tacta
1341 2904 1390 2941 ab
1430 2904 1496 2951 iis,
1540 2903 1643 2952 quod
1684 2904 1820 2948 sciam,
1863 2913 1957 2939 con-

177 2960 475 3000 siderationibus
505 2962 656 2999 illorum
690 2962 811 3000 veluti
842 2961 1098 3011 supplementi
1130 2961 1216 2999 loco
1239 2961 1456 3009 adjicerem,
1492 2961 1591 2999 unde
1613 2961 1661 2998 ab
1684 2961 1749 3007 iis,
1783 2961 1847 3008 qui
1870 2965 1957 3008 post

178 3030 237 3056 me
268 3031 352 3058 sese
382 3020 472 3057 huic
503 3020 818 3069 contemplationi
848 3020 1032 3070 physicae
1065 3018 1247 3067 dedituri,
1279 3024 1455 3057 auctores
1488 3019 1610 3057 dictos
1640 3017 1792 3064 lecturi,
1824 3023 1956 3055 nostra

179 3075 275 3114 haec
305 3077 425 3115 veluti
459 3079 794 3127 experimenta
833 3089 918 3116 cum
950 3077 1102 3114 illorum
1133 3077 1492 3115 ratiocinationibus
1532 3075 1708 3114 collaturi
1739 3080 1777 3112 et
1808 3080 1953 3112 utrum-

181 3144 254 3181 que
284 3133 333 3171 ad
363 3134 519 3173 alterius
548 3135 680 3174 limam
710 3136 902 3175 liberrima
933 3135 1091 3174 rationis
1123 3146 1284 3174 censura
1323 3136 1491 3173 exacturi
1522 3137 1611 3171 sunt
1641 3132 1762 3182 (quod
1792 3132 1914 3171 fatcor
1933 3145 1956 3171 a
