2126 3388
949 149 1049 187 1600.
1807 146 1889 193 729

90 265 344 311 intelligerem,
379 266 508 312 reliqui
532 268 713 303 hominem
746 277 810 303 suo
844 266 1005 303 arbitrio.
1056 264 1149 309 Quid
1175 275 1259 300 vero
1285 263 1379 300 inter
1403 275 1468 300 nos
1503 263 1711 299 ventilatum
1738 264 1801 310 sit,
1834 265 1890 302 Ill.

90 326 191 360 Dom.
219 325 298 361 Tua
324 337 343 361 e
361 326 405 362 D.
431 327 587 362 Doctore
611 327 752 362 Joanne
776 325 954 370 Jessenio,
982 324 1043 368 qui
1068 324 1134 359 has
1161 322 1294 367 adfert,
1323 323 1470 358 seorsim
1497 328 1710 368 cognoscet:
1738 323 1768 358 is
1796 323 1889 358 enim

91 383 254 419 interfuit
288 384 370 419 dum
403 384 493 418 haec
529 390 753 429 gererentur,
795 395 906 428 quare
940 383 1100 426 longiore
1133 386 1168 416 et
1200 381 1363 417 taediosa
1397 393 1519 418 eorum
1556 383 1892 418 commemoratione

91 442 331 486 supersedeo,
364 442 482 477 omnia
516 442 560 477 ad
586 443 680 478 hanc
704 453 779 477 rem
805 442 976 477 facientia
1002 442 1055 476 Ill.
1084 442 1140 475 Dis
1166 441 1264 476 Tuae
1295 441 1463 485 prudenti
1494 441 1643 477 consilio
1671 441 1893 486 dispicienda

90 500 361 544 ordinandaque
387 501 579 535 etiamnum
606 501 822 545 relinquens.
873 501 1062 536 Caeterum
1089 500 1131 535 de
1156 509 1282 544 puero,
1317 509 1421 543 quem
1448 500 1503 536 lll,
1530 500 1634 536 Dom.
1661 500 1739 536 Tua
1764 500 1809 534 ad
1835 510 1891 535 me

89 557 232 593 mittere
259 558 426 602 decrevit,
455 560 555 602 sciat,
584 570 640 595 me
666 559 818 594 libenter
836 570 915 594 eum
935 558 1223 603 quandocunque
1242 557 1427 593 advenerit
1445 564 1683 602 recepturum,
1710 563 1785 594 tum
1805 570 1891 603 quo-

91 627 159 660 que
191 616 431 652 laboratorem
464 618 688 662 spagiricum.
745 619 794 653 Et
826 623 977 662 expecto
1009 617 1146 661 pariter
1184 616 1323 650 fabrum
1355 615 1455 650 illum
1487 617 1749 661 mechanicum,
1787 618 1846 662 qui
1872 628 1891 652 e

92 674 210 719 styria
235 668 416 711 venturus*
435 681 499 711 est.
551 676 664 720 Quam
690 676 841 721 primum
868 687 951 710 vero
978 685 1043 720 per
1068 675 1325 720 occupationes
1351 673 1508 718 licuerit,
1543 685 1647 719 spero
1673 686 1729 710 me
1755 676 1892 720 Pragae

89 731 259 778 futurum,
286 734 345 767 ubi
365 735 503 778 plenius
525 746 603 770 011111
630 734 684 768 lll.
704 735 809 769 Dom.
827 735 905 769 Tua
931 734 973 768 de
1000 734 1041 768 iis
1069 745 1159 777 quae
1178 734 1236 768 hic
1256 734 1388 768 omissa
1410 737 1494 768 sunt
1511 745 1622 777 agam.
1666 734 1793 769 Valeat
1813 735 1891 769 Tua

88 790 146 827 111.
175 791 378 826 Dominatio
411 803 516 836 qnam
551 792 685 837 optime
719 797 753 826 et
785 792 996 828 diutissime.
1054 792 1192 826 Dabam
1228 803 1272 827 ex
1308 802 1388 826 arce
1424 792 1600 827 Caesarea
1632 791 1802 828 Benatica
1836 793 1892 828 die

90 850 122 886 O.
146 849 280 895 Aprilis
307 861 400 886 1111110
429 851 529 887 1600.
577 851 634 886 111.
661 850 830 887 Generos.
860 851 959 886 Tuae

921 896 1188 933 addictissimus

1450 942 1572 988 Tycho
1599 944 1717 979 Brahe

1426 1013 1533 1037 manu
1569 1005 1725 1049 propria.

225 1084 425 1128 Jessenius,
451 1083 555 1119 lectis
582 1085 763 1129 prioribus
790 1089 824 1120 et
842 1085 989 1129 Kepleri
1013 1085 1137 1129 literis,
1162 1084 1417 1119 Hoffmannum
1444 1083 1540 1129 adiit,
1568 1085 1626 1129 qui
1644 1085 1791 1131 Kepleri
1816 1087 1889 1122 ani-

88 1152 183 1176 mum
217 1142 394 1176 irritatum
426 1142 582 1186 placavit
618 1148 653 1178 et
685 1143 788 1178 simul
815 1144 1022 1188 Tychonem
1056 1143 1234 1178 infensum
1261 1143 1419 1187 Keplero
1450 1143 1638 1178 conciliare
1666 1145 1814 1180 studuit.
1850 1146 1891 1180 In

93 1201 204 1241 ,vita‘·
234 1200 460 1245 110111111111111,
493 1202 537 1236 ab
565 1202 642 1245 ipso
675 1202 896 1246 conscripta,
931 1201 1099 1245 legimus:
1136 1202 1321 1246 „Tychoni
1351 1202 1493 1236 Braheo
1522 1202 1625 1237 Dauo
1657 1204 1892 1239 amicissimus

89 1266 123 1294 et
156 1260 192 1294 in
226 1260 309 1294 aula
339 1264 512 1304 patronus
548 1261 681 1296 exstiti.
730 1261 787 1296 Ad
819 1271 900 1296 eum
935 1261 1043 1295 eduxi
1076 1272 1094 1295 e
1122 1261 1240 1306 Styria
1272 1261 1450 1295 Joannem
1481 1260 1696 1305 Keplerum3
1737 1273 1891 1305 cumque

89 1317 271 1352 simultate
304 1317 398 1352 inter
423 1318 521 1362 ipsos
549 1323 627 1353 orta
663 1318 853 1353 divortium
886 1319 1074 1360 fecissent,
1111 1318 1207 1363 quod
1233 1328 1252 1352 e
1278 1329 1316 1353 re
1342 1319 1582 1354 astronomica
1608 1330 1679 1354 non
1704 1320 1893 1355 videbatur

87 1377 258 1419 futurum,
286 1382 411 1411 auctor
446 1377 609 1421 utrisque
639 1377 943 1413 reconciliationis
970 1383 1006 1412 ct
1033 1377 1189 1422 Keplero
1221 1377 1423 1422 praesentis
1460 1377 1624 1412 fortunae
1651 1379 1786 1423 (scripta
1812 1382 1893 1412 haee

88 1443 164 1467 suut
189 1447 277 1468 anno
306 1436 420 1478 1611),
447 1435 707 1480 qualiscunque
733 1446 775 1470 ea
793 1436 849 1480 sit,
877 1436 1000 1471 exstiti
1024 1446 1280 1479 reversumque
1300 1446 1317 1469 e
1338 1436 1457 1480 styria
1482 1447 1561 1471 cum
1586 1436 1718 1472 familia
1735 1438 1892 1482 hospitio

89 1494 230 1538 excepi,
258 1494 318 1536 qui
345 1506 389 1528 cx
417 1504 457 1527 eo
483 1505 554 1528 11011
582 1493 722 1529 destitit
746 1505 803 1529 me
829 1494 947 1529 colere
973 1504 1184 1537 mecumque
1211 1493 1364 1529 subinde
1390 1498 1425 1529 et
1451 1494 1494 1528 de
1529 1495 1602 1529 suis
1629 1496 1891 1531 mathematicis

87 1562 152 1596 pro
179 1562 257 1585 meo
284 1556 409 1596 captu,
443 1556 479 1585 et
506 1552 548 1586 de
575 1553 661 1587 meis
687 1552 848 1598 mysticis
874 1564 939 1598 pro
967 1563 1049 1592 suo,
1084 1552 1322 1587 conversat-if
1352 1573 1393 1576 —
1420 1554 1585 1588 Jessenio
1613 1560 1648 1588 et
1674 1554 1891 1590 Hoffmanno

86 1610 340 1654 instigantibus
365 1610 545 1655 Ix'eplerus
572 1612 778 1657 Tychonem
806 1611 912 1656 adiit,
946 1611 1144 1656 deprecans
1172 1611 1343 1656 scriptum
1372 1622 1473 1647 suum
1500 1614 1688 1655 acerbum,
1722 1613 1777 1648 his
1811 1624 1890 1648 cum

87 1669 280 1704 allocutus:

224 1730 324 1768 Sons
349 1743 497 1779 manus,
531 1744 631 1781 quae
654 1744 777 1781 nuper
798 1731 848 1769 ad
870 1731 1102 1770 laedendum
1125 1731 1322 1770 celeritate
1346 1738 1482 1770 ventos
1508 1735 1727 1779 antevertit,
1762 1734 1889 1782 quod-

87 1800 175 1825 nam
210 1790 360 1826 initium
393 1790 510 1828 saciat
542 1791 591 1828 ad
624 1790 846 1828 leniendum
872 1792 934 1828 vix
967 1792 1127 1828 invenit.
1177 1790 1278 1828 Nam
1311 1790 1404 1840 quid
1437 1803 1508 1839 ego
1531 1794 1694 1840 primum
1718 1805 1890 1830 comme-

87 1847 260 1885 morem?
314 1848 372 1884 An
406 1861 533 1886 meam
565 1850 915 1898 intemperantiam,
950 1849 1059 1897 eujus
1093 1850 1344 1887 acerbissima
1377 1855 1434 1887 cst
1466 1850 1693 1898 recordatio,
1728 1863 1775 1888 an
1810 1856 1889 1898 tua,

86 1905 337 1944 Nobilissime
370 1906 519 1956 Tycho,
552 1908 767 1955 benefacta,
802 1919 901 1956 quae
930 1907 1011 1956 jam
1044 1918 1115 1945 1100
1147 1909 1363 1946 enumerari
1391 1914 1564 1957 possunt,
1599 1921 1668 1947 nec
1700 1921 1768 1958 pro
1802 1910 1890 1959 dig-

87 1965 205 2002 nitate
238 1965 454 2013 perpendi‘?
505 1966 579 2003 Per
612 1966 709 2003 duos
741 1978 892 2004 menses
925 1967 1093 2013 gratuito
1135 1977 1195 2004 me
1230 1967 1334 2003 victu
1377 1966 1588 2004 liberaliter
1620 1968 1772 2015 aluisti,
1818 1969 1890 2005 toti

85 2029 175 2060 tuae
199 2022 368 2061 familiae
392 2035 515 2061 meam
537 2024 856 2071 incolumitatem,
891 2036 977 2061 mea
999 2023 1190 2061 desideria
1223 2025 1514 2072 commendasti,
1548 2027 1678 2062 omnia
1709 2026 1889 2064 humani-

90 2084 180 2120 tatis
213 2081 341 2119 officia
372 2083 617 2130 praestitisti,
660 2095 760 2132 quac
805 2083 975 2120 habuisti
1013 2082 1240 2120 charissima
1281 2083 1375 2120 mibi
1415 2086 1733 2132 communicasti3
1776 2096 1888 2122 nemo

91 2153 151 2178 me
186 2140 286 2177 dicto
322 2140 382 2177 vel
414 2140 516 2178 facto
550 2141 684 2179 volens
718 2141 831 2179 laesit
862 2152 1056 2189 unquam3
1088 2141 1125 2176 in
1158 2152 1326 2178 summa:
1371 2153 1447 2178 non
1479 2142 1622 2190 liberis,
1656 2154 1733 2180 non
1765 2145 1888 2188 uxori,

90 2211 165 2236 non
199 2199 272 2247 ipsi
305 2199 373 2235 tibi
407 2198 491 2247 plus
525 2199 717 2238 indulsisti
754 2211 868 2249 quam
901 2199 1005 2236 mihi.
1070 2197 1179 2247 Quae
1211 2200 1341 2237 animo
1381 2205 1580 2248 praeterea
1617 2201 1806 2239 volvebas
1840 2201 1886 2239 de

89 2270 149 2296 mc
183 2257 467 2306 promovendo,
510 2270 554 2295 cx
588 2259 634 2295 iis
667 2270 766 2307 quae
798 2270 885 2296 mea
917 2269 1036 2295 causa
1067 2258 1271 2306 suscepisti
1312 2257 1425 2295 facile
1460 2258 1551 2295 vidi.
1615 2258 1725 2307 Quae
1758 2261 1887 2297 omnia

91 2328 174 2354 cum
207 2316 261 2352 ita
293 2315 434 2353 habere
457 2317 648 2364 sciverim,
681 2317 807 2354 fassus
830 2318 978 2362 fuerim,
1011 2316 1153 2364 scripto
1177 2317 1291 2353 etiam
1315 2321 1456 2354 testata
1480 2316 1711 2365 reliquerim,
1746 2330 1888 2364 magna

90 2387 174 2413 cum
209 2375 326 2411 animi
359 2376 669 2413 consternatione
702 2375 891 2421 recordor,
925 2374 1023 2412 adeo
1056 2386 1116 2411 me
1149 2386 1172 2412 a
1204 2374 1289 2412 Deo
1323 2380 1361 2412 et
1392 2387 1415 2412 a
1445 2374 1592 2424 Spiritu
1615 2375 1757 2413 Sancto
1792 2378 1885 2413 meis

89 2433 326 2481 intemperiis
369 2434 564 2481 animique
608 2434 742 2470 morbo
784 2434 903 2471 fuisse
945 2433 1190 2481 permissum,
1237 2438 1277 2469 ut
1317 2432 1366 2470 ad
1399 2438 1455 2470 tot
1487 2438 1524 2470 et
1559 2438 1665 2471 tanta
1699 2434 1886 2472 beneficia

89 2492 232 2529 clausis
265 2490 385 2528 oculis
418 2503 485 2540 pro
519 2491 709 2529 modestia
730 2492 842 2528 trium
865 2490 1154 2529 hebdomadum
1177 2492 1383 2528 continuae
1405 2493 1621 2529 morositati
1653 2504 1744 2541 erga
1765 2498 1885 2529 totam

89 2550 287 2595 familiam,
321 2560 389 2597 pro
420 2551 629 2598 gratiarum
664 2550 815 2587 actione
850 2549 1070 2587 iracundiae
1104 2550 1316 2598 praecipiti,
1351 2561 1418 2597 pro
1452 2550 1667 2587 reverentia
1698 2550 1885 2588 audaciae

88 2619 260 2646 summae
295 2618 385 2654 erga
416 2612 522 2644 tuam
553 2619 768 2656 personam,
802 2613 878 2644 tam
912 2607 1051 2644 illustri
1071 2612 1285 2653 stemmate,
1319 2612 1396 2644 tam
1425 2609 1634 2655 praestanti
1658 2607 1885 2653 eruditione,

88 2672 196 2704 tanta
228 2666 394 2701 nominis
434 2665 609 2703 claritate
653 2665 933 2711 venerabilem,
975 2677 1043 2714 pro
1082 2666 1207 2702 amica
1246 2665 1506 2702 valedictione
1548 2666 1885 2714 suspiciosissimis

90 2723 411 2774 imputationibus
443 2728 481 2760 et
511 2724 784 2760 acerbissimae
817 2723 1008 2760 scribendi
1052 2723 1240 2771 prurigini
1282 2728 1431 2760 tantum
1463 2722 1663 2772 indulgere
1694 2726 1885 2772 potuerim

90 2795 159 2821 nec
191 2794 250 2819 mc
284 2781 529 2829 respexerint,
564 2793 634 2818 nce
666 2793 781 2828 quam
814 2781 1019 2818 crudeliter
1052 2787 1158 2817 tuum
1191 2781 1373 2826 animum,
1411 2781 1475 2828 qui
1506 2781 1704 2829 praeclare
1736 2794 1886 2832 semper

91 2841 137 2879 de
170 2852 228 2878 me
261 2850 456 2885 senseras,
490 2838 563 2876 hac
595 2838 840 2875 odiosissima
872 2841 1021 2876 ratione
1054 2839 1125 2875 sim
1158 2838 1392 2884 offensurus,
1425 2838 1714 2887 perpenderem.
1777 2839 1886 2888 Quae

90 2901 120 2936 si
151 2897 284 2936 hostili
319 2898 465 2944 animo,
505 2897 538 2933 si
569 2896 732 2934 nocendi
764 2897 966 2944 proposito
1007 2896 1285 2944 suscepissem,
1330 2895 1509 2944 equidem
1554 2897 1617 2933 vix
1650 2896 1713 2934 vel
1744 2910 1767 2935 a
1800 2899 1885 2937 Deo

91 2962 220 3006 petere
251 2956 409 2993 fuissem
443 2966 578 3002 ausus,
611 2955 667 2991 uti
698 2959 736 2992 te
768 2954 860 2991 mihi
893 2958 1106 3002 praestaret
1138 2952 1388 3002 placabilem,
1423 2953 1571 3002 Justam
1603 2959 1640 2993 et
1670 2955 1885 3004 legitimam

90 3014 299 3053 vindictam
331 3012 545 3062 impediret.

229 3071 305 3110 Sed
338 3073 429 3120 quia
460 3076 583 3108 totum
615 3069 688 3108 hoc
730 3070 953 3119 impotentis
994 3069 1112 3106 animi
1142 3068 1246 3106 furor
1277 3074 1314 3106 et
1346 3068 1522 3108 cholerae
1564 3071 1759 3119 praestitit
1789 3082 1886 3110 exu-

90 3130 266 3169 berantia
298 3135 336 3168 et
361 3128 538 3180 ¹iuvenile
562 3129 697 3168 vitium
718 3130 920 3168 curiositas
944 3139 1028 3167 cum
1049 3128 1345 3178 praecipitantia
1359 3127 1511 3178 judicii,
1543 3128 1668 3168 abfuit
1689 3128 1751 3169 vel
1773 3128 1886 3169 diffa-
