2126 3388
286 211 372 255 850
962 207 1046 243 Vita
1069 206 1222 243 Joannis
1246 206 1404 252 Kepleri.

286 331 396 376 aeris)
425 326 682 365 Ratisbonam
717 335 841 375 usque
867 329 961 374 (20.)
985 324 1201 364 lentissimo
1223 326 1373 365 itinere.
1395 352 1404 362 .
1429 353 1438 363 .
1463 354 1472 363 .
1489 354 1498 363 .
1539 320 1693 360 Relicta
1713 320 1795 360 filia
1815 332 1935 372 prope
1949 321 2086 359 Ratis-

285 387 428 425 bonam
450 386 489 421 in
513 383 792 432 Walderbach,
820 384 969 433 perrexi
992 396 1110 433 eques
1134 385 1172 421 in
1194 383 1534 431 Wirtembergiam
1556 384 1624 425 (30.
1653 383 1709 418 31.
1738 381 1804 425 „ad
1830 382 2026 427 Nicrum“).
2049 409 2055 416 .
2077 409 2085 417 .

285 444 490 492 Tubingae
522 442 572 481 ad
604 441 854 480 Maestlinum
886 441 1096 481 identidem
1128 442 1321 480 ventitavi
1347 443 1399 486 (in
1417 441 1725 485 Wurttembergia
1750 451 1864 485 usque
1882 440 1928 476 ad
1945 441 1978 477 7.
1997 442 2086 476 Dec.

283 503 494 540 versabatur
511 513 625 547 eoque
644 513 764 538 secum
781 501 919 537 ferebat
935 506 1075 546 partem
1091 501 1325 536 Harmoniae:
1348 499 1456 542 „nihil
1473 499 1509 534 in
1526 503 1651 544 parato
1669 498 1780 533 habui
1796 502 1939 543 praeter
1956 509 2088 542 paucu-

282 563 335 597 las
351 560 523 606 pagellas,
537 560 620 595 libri
636 559 733 594 tertii
750 559 935 595 materiam
952 559 1079 594 rudem
1098 560 1315 604 complexas,
1335 568 1423 602 quas
1441 557 1637 592 monstravi
1656 556 1790 601 amicis,
1809 556 1985 601 explicavi
2004 557 2087 592 scri-

281 618 390 656 bendi
420 618 664 664 propositum,
698 628 790 662 quae
816 628 837 652 a
862 618 907 653 20
932 617 1034 652 annis
1058 617 1097 652 in
1123 617 1303 652 meditatis
1337 615 1489 651 habeam
1515 626 1678 661 quaeque
1703 619 1842 650 restent
1874 614 2089 659 inquirenda

282 675 426 722 singula
452 677 650 722 exposui‘1).
706 674 882 713 Tandem
915 673 1111 724 dispositis
1144 679 1338 722 utcunque
1373 672 1596 710 domesticis
1626 671 1813 720 negotiis,
1846 682 1977 709 mense
2007 670 2090 708 De-

288 733 432 772 cembri
463 746 531 783 per
563 733 783 782 Augustam
815 735 885 780 (S.)
920 737 958 770 et
989 731 1336 770 Walderbachium
1370 733 1561 777 (lt-21.)
1596 730 1751 768 domum
1790 741 1874 766 sum
1913 739 2091 766 reversus

285 794 382 839 (22).
442 791 500 829 Ex
532 803 577 830 eo
609 796 782 841 tempore
815 792 949 830 curavi
983 790 1192 829 editionem
1225 788 1493 840 Ephemeridis
1523 793 1644 828 1617.
1677 799 1764 826 cum
1794 786 2090 838 prolegomenis,

282 852 506 899 intereaque
549 849 600 888 ad
636 850 793 887 tabulas
833 855 871 888 et
903 849 1177 888 Astronomiae
1210 848 1499 899 Copernicanae
1541 852 1690 897 partem
1729 844 1888 884 alteram
1926 846 2092 895 respexi.

282 908 360 947 Sed
401 920 488 946 cum
532 908 701 957 puellam
744 908 865 946 filiam
906 907 1061 945 domum
1104 918 1282 945 reversus
1325 907 1539 944 invenirem
1582 903 1767 943 catarrhis
1810 903 2092 953 periclitantem

282 968 394 1016 isque
426 966 583 1005 morbus
616 965 770 1004 tandem
802 968 840 1003 in
862 965 1008 1004 luctum
1032 966 1151 1004 exiret
1174 965 1304 1015 (Febr.
1331 964 1470 1012 1618),
1504 963 1671 1000 dimissis
1696 973 1768 1012 ego
1801 960 1958 1009 tabulis,
1991 973 2093 1010 quae

284 1026 454 1074 quietem
485 1026 698 1074 requirunt,
730 1025 901 1063 animum
933 1023 983 1062 ad
1015 1023 1252 1062 Harmonica
1284 1022 1499 1062 excolenda
1531 1021 1678 1072 appuli.
1741 1022 1860 1066 (Quae
1894 1026 2095 1068 sequuntur

283 1096 458 1121 summam
484 1086 657 1121 exhibent
681 1095 815 1131 eorum,
842 1094 935 1129 quae
962 1083 1006 1119 de
1032 1083 1248 1119 harmonicis
1273 1083 1458 1128 Keplerus*
1492 1083 1610 1117 animo
1636 1081 1865 1124 versabatur,
1902 1092 2018 1127 eaque
2044 1082 2093 1116 le-

285 1148 419 1189 guntur
442 1143 513 1178 vol.
539 1143 582 1179 V.
608 1154 642 1188 p.
669 1144 713 1178 45
741 1143 782 1187 s)

419 1201 514 1236 Dum
538 1200 718 1245 Keplerus
753 1201 1068 1245 peregrinabatur,
1103 1199 1347 1244 Gringalletus
1373 1202 1498 1244 typum
1533 1202 1570 1234 et
1595 1198 1866 1235 distractionem
1894 1197 2097 1234 Calendarii

285 1260 449 1305 curabat,
475 1259 571 1304 quod
596 1259 745 1294 nunciat
770 1259 884 1294 literis
911 1259 1004 1294 datis
1032 1258 1107 1293 Cal.
1133 1258 1346 1293 Novembris
1374 1258 1412 1301 (Ι.
1440 1257 1531 1301 661).

419 1318 479 1353 Ex
505 1317 659 1363 epistola
685 1318 830 1362 Georgii
856 1318 984 1353 Christ.
1014 1316 1056 1351 de
1083 1315 1336 1351 Schallenb
1349 1325 1439 1360 erg,
1468 1315 1551 1350 data
1576 1315 1734 1351 Leobaci
1764 1316 1795 1351 d.
1821 1317 1854 1353 2.
1880 1316 1960 1352 Jan.
1989 1315 2088 1360 1617,

283 1388 354 1423 qua
377 1387 509 1421 magna
532 1376 764 1421 prosequitur
789 1375 896 1410 laude
915 1374 1194 1420 premeridem
1219 1384 1334 1417 nuper
1359 1373 1509 1417 editam,
1536 1373 1627 1409 haec
1646 1373 1896 1418 desumsimus,
1924 1385 1942 1409 e
1960 1373 2090 1419 quibus

281 1440 450 1481 apparet,
475 1435 620 1479 qualem
644 1434 838 1470 habuerint
863 1438 939 1469 tum
968 1433 1139 1477 temporis
1164 1432 1360 1476 Keplerum
1383 1432 1581 1477 Austriaci,
1610 1444 1828 1478 quamquam
1846 1433 2090 1478 theologicam

282 1493 390 1529 fidem
415 1492 492 1538 ejus
519 1493 554 1527 in
581 1492 726 1528 dubium
752 1496 944 1528 vocarunt:
975 1492 1120 1535 „Altera
1146 1496 1181 1527 te
1206 1502 1293 1526 voce
1319 1491 1504 1536 alloquor,
1538 1491 1669 1527 Nobile
1696 1498 1731 1529 et
1756 1492 1995 1528 clarissimum
2020 1491 2091 1526 Au-

281 1552 390 1588 striae
415 1555 561 1586 nostrae
587 1555 744 1597 astrum3
772 1561 886 1595 nuper
912 1562 1043 1595 coram,
1070 1562 1150 1586 cum
1168 1553 1204 1585 te
1223 1550 1284 1584 diu
1306 1550 1548 1585 desideratum
1575 1555 1611 1585 et
1636 1551 1775 1597 magnis
1795 1563 1837 1588 ac
1856 1551 1977 1587 multis
1995 1550 2092 1595 apud

281 1616 427 1647 exteros
453 1610 539 1644 mihi
564 1610 768 1646 nominibus
796 1610 1084 1645 commendatum
1110 1608 1304 1644 videndum
1332 1609 1461 1643 fuerim
1489 1614 1721 1654 consecutus,
1747 1621 1843 1645 nunc
1867 1621 1932 1654 per
1956 1609 2091 1652 literas,

281 1680 362 1705 cum
386 1669 457 1704 tuis
483 1668 664 1712 indigeam
690 1667 818 1703 officiis
846 1673 881 1702 et
906 1668 1102 1703 laboribus.
1152 1668 1332 1712 Imprimis
1358 1667 1605 1703 felicissimum
1629 1672 1714 1711 opto
1741 1668 1824 1702 anni
1850 1667 2003 1712 ingressi
2029 1678 2092 1702 au-

282 1727 436 1773 spicium
462 1730 498 1761 et
523 1727 697 1771 quamvis,
724 1726 808 1762 dum
835 1727 1013 1762 communi
1041 1727 1190 1764 donario
1217 1728 1373 1763 inclutos
1411 1728 1556 1763 ordines
1583 1733 1736 1770 (quorum
1762 1729 1872 1760 socius
1898 1731 1968 1759 erat
1992 1728 2031 1759 L.
2055 1728 2092 1760 B.

281 1787 388 1819 Adam
415 1787 454 1818 de
481 1786 738 1829 Schallenberg,
774 1788 911 1818 vitricus
946 1788 1091 1830 Georgii)
1126 1791 1162 1822 et
1196 1798 1252 1822 me
1288 1786 1451 1822 affeceris
1485 1787 1652 1831 donario,
1689 1785 1829 1820 eximiis
1862 1784 1935 1819 tuis
1962 1783 2092 1819 oblatis

281 1843 606 1888 Ephemeridibus,
633 1843 763 1878 iterum
790 1847 911 1877 tamen
936 1854 1000 1888 pro
1026 1845 1167 1889 privata
1192 1844 1279 1879 mihi
1306 1849 1428 1880 strena
1454 1855 1583 1890 pOSCO,
1617 1849 1656 1879 ut
1680 1844 1717 1878 in
1741 1847 1926 1888 posterum
1952 1841 2095 1887 saepius

281 1900 472 1937 familiaria
497 1902 695 1936 habeamus
727 1912 792 1946 per
824 1901 948 1937 literas
976 1902 1191 1946 colloquia.“
1243 1903 1339 1938 Petit
1365 1914 1386 1938 a
1410 1903 1570 1947 Keplero
1605 1903 1877 1948 prognosticum
1900 1902 1937 1937 in
1962 1912 2095 1936 annum

286 1962 385 2005 1617,
415 1961 472 2002 „in
498 1971 568 2005 quo
594 1960 702 2005 paulo
728 1960 886 2004 penitius
912 1960 1068 1995 animum
1094 1965 1195 1995 tuum
1221 1961 1440 2005 introspexi,
1473 1965 1512 1995 ut
1549 1962 1610 2005 qui
1634 1961 1758 1996 mundi
1783 1960 1960 1995 vanitates
1984 1959 2093 2004 rides,

282 2017 328 2052 ad
355 2017 517 2053 sedulam
543 2017 701 2052 hortaris
736 2017 845 2052 officii
880 2019 1028 2054 verioris
1062 2018 1239 2054 culturam
1266 2024 1302 2054 et
1328 2019 1576 2063 concordiam,
1609 2030 1701 2063 quae
1728 2029 1798 2063 quo
1825 2017 1940 2053 auimo
1968 2018 2033 2052 abs
2057 2021 2094 2052 te

283 2075 379 2112 dicta
404 2080 460 2111 sat
486 2076 578 2119 novi,
604 2076 664 2110 alii
688 2087 759 2112 non
785 2077 881 2121 item,
908 2082 948 2112 ut
973 2078 1033 2121 qui
1059 2078 1190 2122 partim
1216 2082 1251 2112 te
1277 2077 1440 2122 atheum,
1468 2077 1598 2122 partim
1623 2077 1856 2121 haereticum,
1883 2075 2014 2120 partim
2039 2085 2094 2110 as-

286 2138 518 2176 sentatorem,
545 2134 737 2179 philauton
763 2139 799 2169 et
824 2135 945 2170 nescio
973 2134 1060 2178 quid
1085 2134 1386 2179 proclamarunt“.
1422 2136 1620 2180 Keplerum
1648 2136 1768 2171 statim
1793 2134 2025 2179 rescripsisse
2050 2145 2095 2169 ex

283 2192 521 2237 responsione
553 2198 705 2237 apparet
739 2193 1024 2238 Schallenbergii
1051 2193 1101 2238 (d.
1130 2193 1164 2230 d.
1191 2194 1250 2228 12.
1275 2194 1394 2238 Jan.),
1431 2194 1641 2229 scribentis:
1680 2194 1746 2235 „de
1771 2194 1825 2234 iis,
1852 2203 1944 2238 quae
1970 2193 2093 2228 multis

287 2250 333 2285 ad
358 2261 414 2285 me
439 2261 557 2295 nuper
582 2251 759 2296 scripsisti
784 2252 947 2297 pagellis,
970 2252 1046 2295 jam
1071 2250 1172 2296 loqui
1196 2256 1314 2287 tecum
1332 2251 1517 2287 festinatio
1535 2253 1738 2296 prohibet.“
1781 2252 1985 2296 Responsio
2004 2252 2094 2287 haec

286 2308 434 2353 Kepleri
460 2309 696 2346 desideratur.

423 2366 603 2411 Keplerus
630 2367 662 2402 d.
689 2369 745 2403 15.
770 2367 933 2402 Januarii
965 2367 1154 2413 respondit
1187 2367 1232 2402 ad
1267 2367 1499 2411 quaestiones
1525 2369 1570 2403 H.
1597 2369 1725 2412 Beyeri
1762 2368 1806 2404 de
1831 2368 1920 2404 locis
1947 2369 2092 2414 quibus-

288 2424 429 2460 damin
458 2425 778 2470 ,‚Stereometria“,
815 2425 911 2470 quod
946 2437 964 2461 e
989 2425 1225 2470 responsione
1262 2424 1392 2469 Beyeri
1428 2426 1687 2470 colligendum,
1724 2428 1828 2472 cujus
1860 2439 1944 2473 pars
1974 2431 2094 2463 exstat

285 2483 354 2518 vol.
388 2483 430 2518 V.
464 2495 500 2528 p.
536 2484 613 2518 615.
663 2484 946 2528 Jessenium,
982 2483 1186 2518 academiae
1221 2480 1414 2526 Pragensis
1449 2490 1627 2521 rectorem
1666 2490 1701 2520 et
1738 2486 1990 2521 cancellarium
2023 2485 2092 2528 (cfr.

285 2544 351 2577 vol.
377 2544 420 2577 II.
446 2554 478 2584 p.
505 2543 586 2585 415)
628 2542 817 2587 cogitasse,
849 2542 1096 2577 Bononienses
1134 2541 1351 2585 imitantem,
1387 2542 1430 2577 de
1456 2543 1614 2588 Keplero
1649 2545 1800 2589 Pragam
1837 2543 2016 2588 vocando,
2052 2548 2092 2578 ut

287 2599 518 2644 profiteretur
544 2599 798 2635 astronomiam
823 2601 859 2635 in
877 2601 1072 2643 academia,
1101 2611 1145 2635 ex
1171 2599 1226 2634 his
1253 2599 1405 2635 literulis
1433 2600 1526 2636 datis
1554 2602 1609 2637 die
1627 2601 1795 2636 Andreae
1817 2602 1904 2638 1617
1922 2605 2090 2647 apparet:

294 2659 404 2702 „Cum
429 2658 592 2702 proxime
618 2659 654 2693 in
680 2659 855 2694 Bohemia
881 2659 1043 2704 degeres,
1070 2658 1228 2702 Keplere
1255 2658 1379 2702 amice,
1406 2669 1591 2703 nunquam
1618 2660 1705 2694 mihi
1731 2664 1850 2695 tecum
1876 2671 1955 2696 esse
1979 2659 2090 2704 licuit,

287 2721 541 2761 praeterquam
577 2716 687 2752 semel
712 2718 749 2752 in
773 2717 938 2752 transitu.
987 2717 1109 2753 Nihilo
1137 2717 1254 2752 minus
1279 2717 1315 2750 in
1340 2721 1376 2751 te
1404 2717 1554 2752 colendo
1582 2722 1617 2752 et
1642 2717 1863 2753 aestimando
1887 2727 2091 2762 persevero.

290 2774 427 2818 Quodsi
453 2775 695 2811 academicum
729 2775 822 2810 vitae
848 2786 960 2819 genus
985 2786 1093 2821 porro
1119 2775 1297 2821 placeret,
1330 2780 1456 2820 posset
1487 2776 1524 2811 in
1549 2781 1734 2821 posterum
1767 2781 1892 2811 nostra
1916 2775 2090 2820 paulatim

288 2833 503 2869 reviviscens
537 2833 603 2868 tibi
629 2838 664 2867 et
689 2833 742 2868 tui
768 2833 942 2868 similibus
976 2834 1095 2869 locum
1128 2835 1314 2878 praebere.
1365 2835 1415 2869 Et
1439 2834 1508 2869 hoc
1534 2834 1678 2869 unicum
1705 2840 1776 2879 est,
1812 2834 1908 2879 quod
1933 2839 1968 2869 te
1995 2834 2088 2869 vole-

288 2887 370 2924 baffn
395 2891 495 2926 scire.
544 2890 625 2925 Alia
650 2900 695 2925 ex
720 2890 847 2928 harum
872 2897 1078 2936 prorectore
1103 2892 1252 2937 poteris,
1278 2892 1307 2926 si
1325 2892 1437 2936 voles,
1463 2893 1612 2929 discere.
1637 2893 1761 2928 Vale.“
1813 2891 1954 2928 Turbae
1979 2893 2088 2937 paulo

290 2952 375 2992 post
399 2948 435 2982 in
460 2948 634 2984 Bohemia
660 2953 760 2984 ortae
785 2953 867 2984 vota
893 2949 1050 2985 Jessenii
1084 2950 1186 2985 irrita
1211 2950 1393 2994 fecerunt,
1428 2951 1589 2995 quamvis
1615 2951 1814 2996 Keplerus,
1847 2950 1943 2994 quod
1975 2951 2089 2986 multa

292 3004 371 3049 ejus
398 3005 493 3041 dicta
517 3011 709 3052 testantur,
735 3007 891 3043 libenter
916 3019 1046 3043 munus
1073 3009 1223 3045 obiisset
1247 3007 1464 3053 professoris
1490 3009 1699 3046 academici.

429 3065 483 3099 De
515 3065 671 3101 editione
701 3066 839 3110 primae
873 3067 986 3111 partis
1021 3067 1257 3112 Epitomes
1281 3068 1534 3103 Astronomiae
1561 3066 1826 3112 Copernicanae
1860 3067 1951 3104 haec
1975 3066 2087 3103 refert

293 3118 488 3167 Keplerus,
523 3122 560 3157 in
593 3123 748 3166 epistola
783 3123 1002 3160 dedicatoria
1027 3124 1126 3170 (data
1150 3125 1275 3161 Idibus
1300 3125 1468 3170 Augusti)
1503 3124 1683 3161 allocutus
1710 3124 1863 3161 Ordines
1890 3125 2086 3172 superioris
