2126 3388
170 217 256 261 982
846 213 930 248 Vita
953 211 1104 248 Joannis
1129 211 1287 271 Kepha-i.

170 336 229 373 Ex
263 334 475 372 Miillcri
520 330 694 381 epistolis
735 332 885 368 initium
926 334 1075 368 tantum
1106 329 1300 368 literarum
1333 341 1433 367 anno
1470 334 1592 370 1608.
1629 331 1854 379 scriptarum
1886 332 1958 370 ad-

166 394 362 443 jiciamus:
410 389 654 438 „Admodum
697 388 862 426 lactatus
906 399 1009 435 sum,
1051 389 1104 425 mi
1141 389 1405 426 amantissime
1436 387 1625 437 Keplere,
1669 390 1763 426 visis
1805 391 1880 426 tuis
1921 395 1959 428 et

171 451 362 500 perceptis
405 448 547 493 literis,
592 457 691 494 quae
735 458 828 483 auro
861 446 953 483 mihi
985 447 1125 494 quovis
1157 447 1320 483 cariores
1359 445 1476 485 suere.
1539 445 1665 483 Officii
1704 447 1778 485 mei
1811 447 1958 494 suisset,

171 516 208 546 te
251 506 503 545 crebrioribus
544 504 664 542 literis
707 504 974 553 interpellare,
1027 503 1094 542 sed
1133 502 1379 541 multitudine
1417 503 1629 541 officiorum
1672 504 1878 542 obstrictus
1920 505 1959 542 id

170 564 360 614 neglexi.“
1916 598 1922 599 r

308 619 499 657 Brevibus
546 630 700 667 quoque
751 619 872 667 ipsius
917 619 1073 668 Kepleri
1126 619 1324 668 adjutores
1372 630 1658 665 enumeramus,
1711 617 1958 666 Ursinum‚

173 678 460 723 Odontium‚
509 675 912 724 Gringalletum,
961 678 1027 725 qni
1066 683 1202 726 postea
1245 687 1399 725 quoque
1444 688 1678 726 quamquam
1721 689 1744 714 a
1775 678 1959 725 magistro

170 736 303 786 procul
334 736 515 773 absentes
548 737 731 772 continua
763 736 932 772 amicitia
965 736 999 772 ei
1022 734 1140 772 dediti
1173 739 1292 782 erant,
1326 735 1429 784 quod
1462 746 1509 773 ex
1539 746 1682 784 magna
1713 735 1961 784 epistolarum

170 795 387 843 frequentia
420 798 591 841 apparet.

309 852 364 888 Ex
398 862 442 888 eo
476 850 613 888 deinde
646 850 841 888 literarum
875 852 1115 898 commercio,
1149 849 1254 899 quod
1276 850 1444 899 Keplero
1477 851 1526 888 ab
1558 861 1659 887 anno
1685 853 1806 888 1604.
1839 862 1961 899 usque

171 909 220 948 ad
243 921 278 948 a.
305 912 426 947 1608.
459 909 640 946 intererat
673 920 759 945 cum
789 908 1081 947 Kaut'burnensi
1104 909 1252 946 medico
1276 906 1477 946 Joanne
1511 907 1738 956 Geor-gio
1771 908 1962 957 Breng-

171 979 314 1017 gero,
348 968 491 1015 optime
523 972 580 1004 est
612 966 915 1015 intelligendum,
949 971 1135 1014 quantum
1168 968 1249 1015 ipse
1273 966 1436 1003 aliorum
1460 978 1576 1014 opera
1608 972 1644 1003 et
1676 967 1811 1003 merita
1843 967 1963 1004 aesti—

171 1027 355 1071 maverit,
400 1036 515 1073 quam
554 1025 856 1073 promtissimum
898 1026 1068 1061 animum
1101 1024 1264 1061 aliorum
1297 1023 1479 1061 obtulerit
1518 1025 1763 1063 institutioni.
1825 1025 1964 1072 Agitur

172 1088 300 1121 autem
332 1084 370 1118 in
403 1083 578 1131 epistolis
611 1082 656 1119 de
687 1082 846 1131 Kepleri
880 1081 1029 1132 Optice.
1092 1083 1345 1119 Astronomus
1386 1083 1486 1119 enim
1518 1094 1541 1119 a
1571 1081 1719 1119 medico
1761 1081 1806 1119 de
1846 1083 1963 1119 variis

172 1142 286 1179 rebus
308 1140 356 1177 ad
377 1139 606 1177 medicinam
629 1140 909 1189 pertinentibus
933 1140 1126 1186 edocetur,
1159 1152 1284 1188 neque
1308 1139 1401 1188 quid
1432 1140 1496 1177 ille
1519 1145 1651 1177 contra
1680 1144 1801 1177 certas
1825 1139 1963 1178 dixerit

174 1200 320 1248 optices
351 1199 521 1235 rationes
553 1200 711 1247 respuit,
744 1198 813 1236 sed
845 1203 912 1235 aut
942 1210 983 1236 se
1014 1197 1063 1235 ad
1096 1197 1357 1235 defensionem
1389 1203 1511 1246 parat,
1545 1203 1612 1234 aut
1641 1197 1691 1234 ad
1713 1199 1850 1235 erroris
1871 1208 1964 1246 pro—

172 1258 377 1294 fessionem
410 1255 620 1295 descendit.
672 1256 910 1294 Procedente
942 1256 1141 1293 literarum
1174 1257 1415 1301 commercio,
1449 1257 1573 1305 magis
1605 1257 1804 1304 magisque
1836 1260 1964 1292 astro-

174 1326 310 1352 nomus
341 1315 535 1363 perspicit,
569 1326 684 1362 quam
719 1314 816 1351 benc
851 1314 1163 1351 mathematicam
1198 1313 1368 1352 medicus
1400 1314 1512 1364 sciat,
1545 1315 1636 1362 quin
1671 1324 1716 1350 eo
1738 1324 1965 1362 progressus

175 1377 243 1419 est,
277 1377 317 1409 ut
350 1383 461 1409 sunm
494 1371 540 1408 de
562 1372 685 1410 Marte
708 1383 804 1420 opus
826 1377 914 1410 ante
947 1373 1071 1421 ipsam
1103 1371 1312 1409 editionem
1339 1372 1386 1409 ab
1411 1371 1475 1408 illo
1498 1371 1708 1420 perlectum
1730 1383 1771 1409 se
1794 1371 1965 1422 voluisse

175 1430 368 1468 scriberet.
432 1429 561 1478 „Nihil
593 1432 692 1467 enim
726 1430 873 1476 dubito,
906 1435 942 1467 te
974 1430 1096 1467 multa
1126 1435 1338 1476 moturum,
1372 1441 1448 1478 qua
1481 1442 1520 1467 es
1551 1430 1697 1478 ingenii
1728 1427 1966 1476 dexteritate,

175 1488 224 1526 ad
256 1499 354 1537 quae
386 1487 622 1536 respondens
655 1500 726 1536 ego
760 1488 958 1525 clariorem
991 1493 1137 1525 textum
1161 1489 1232 1525 sim
1256 1489 1424 1526 facturus
1429 1516 1567 1527 .....
1619 1487 1744 1525 Tuam
1767 1498 1967 1525 censuram

177 1551 265 1584 ante
305 1546 551 1583 excusionem
595 1548 720 1595 operis
763 1546 894 1594 aliquo
937 1551 1066 1583 sumtu
1105 1545 1342 1584 redimerem.
1403 1545 1501 1582 Nam
1544 1557 1660 1593 quam
1692 1546 1728 1581 in
1762 1550 1830 1582 tuo
1863 1545 1967 1594 stylo

174 1603 371 1641 mirificam
403 1604 716 1652 perspicuitatem
749 1603 970 1651 exosculor,
1015 1616 1060 1641 ea
1093 1603 1185 1640 mihi
1218 1610 1254 1641 et
1284 1604 1452 1641 naturali
1495 1605 1588 1640 vitio
1621 1608 1659 1641 et
1689 1604 1874 1641 materiae
1907 1604 1969 1639 in-

175 1662 340 1699 solentia
370 1661 529 1700 deerit.“
574 1662 792 1700 Posteriore
826 1674 981 1711 quoque
1015 1662 1179 1710 epistola
1202 1661 1392 1710 Keplerus
1426 1661 1561 1698 eadem
1585 1662 1757 1710 optavit:
1794 1661 1966 1709 „utinam

178 1732 223 1758 ex
256 1731 314 1767 eo,
348 1731 424 1768 quo
456 1720 613 1757 feriatos
647 1720 728 1757 dies
761 1725 923 1769 egerunt
953 1719 1084 1769 praela
1118 1719 1321 1768 Voegelini
1354 1717 1641 1770 (typographi),
1685 1724 1726 1756 tu
1773 1730 1970 1756 commen-

177 1780 296 1816 tarios
326 1778 543 1824 habuisses,
576 1779 632 1815 sic
665 1779 765 1816 enim
797 1777 1002 1815 lucidiores
1035 1779 1254 1826 prodituros
1287 1789 1369 1815 esse
1402 1780 1553 1826 spero.“

313 1836 524 1884 Keplerum
548 1836 596 1873 ad
618 1835 887 1873 Nicolaum
911 1835 1159 1873 Vickeniu
1176 1848 1211 1872 m
1237 1835 1300 1884 „S.
1323 1836 1365 1873 C.
1390 1835 1483 1883 Maj.
1508 1835 1758 1883 [λψίῑθι-ιιη]ἐς
1785 1834 1970 1883 epistolas

183 1896 220 1929 et
242 1891 395 1931 dedisse
419 1900 455 1931 et
474 1894 522 1931 ab
546 1905 590 1931 eo
615 1895 824 1943 accepisse,
855 1894 937 1942 jam
962 1905 1079 1942 supra
1102 1894 1245 1931 dictum
1269 1900 1327 1931 est
1348 1898 1384 1931 et
1406 1894 1479 1930 hoc
1500 1893 1585 1931 loco
1609 1905 1725 1930 unum
1746 1893 1819 1930 hoc
1849 1892 1972 1930 adde-

176 1962 273 1996 mus,
286 1951 494 1999 Keplernm
517 1963 666 2000 semper
687 1957 753 1989 aut
774 1953 805 1988 si
828 1951 873 1989 de
896 1953 1011 1989 variis
1032 1953 1145 1989 rebus
1176 1953 1442 1989 astronomicis
1464 1959 1664 2000 quaereret
1683 1951 1891 1989 Vickenius
1906 1956 1973 1988 aut

179 2008 224 2045 de
246 2009 457 2058 astrologia
479 2009 682 2055 dubitaret,
708 2009 958 2047 libentissime
976 2015 1012 2047 et
1034 2012 1190 2058 partim,
1223 2015 1262 2047 ut
1292 2010 1461 2055 solebat,
1498 2009 1787 2057 diligentissime
1809 2020 1972 2057 respon-

178 2065 292 2114 disse,
327 2079 442 2115 quam
474 2068 523 2105 ob
555 2080 633 2105 rem
656 2079 933 2116 nonnunquam
956 2068 1005 2105 ab
1029 2070 1152 2105 amico
1183 2068 1327 2105 laboris
1350 2068 1520 2116 praemia
1543 2067 1633 2104 data
1664 2073 1763 2104 sunt.
1810 2066 1974 2116 (Vicke-

178 2125 263 2161 nius
286 2137 385 2162 anno
421 2129 543 2163 1611.
583 2137 626 2163 ex
658 2125 980 2163 Wolfenbuttelia
1004 2131 1070 2168 „ut
1093 2127 1262 2163 animum
1285 2138 1411 2164 meum
1443 2126 1511 2162 tibi
1544 2125 1777 2163 benevolum
1798 2136 1844 2161 ex
1865 2130 1973 2173 parte

179 2186 329 2220 tantum
362 2182 649 2231 declarai·em“,
683 2183 780 2221 duos
812 2183 1015 2221 linteorum
1047 2184 1320 2221 Silesiacorum
1350 2183 1557 2221 fasciculos
1589 2185 1692 2220 misit
1722 2189 1758 2221 et
1790 2183 1899 2220 brevi
1929 2194 1970 2220 se

178 2240 308 2289 plures
339 2242 544 2278 missurum
577 2253 658 2280 esse
690 2241 886 2291 pollicitus
919 2239 1001 2285 est.)
1063 2241 1250 2289 Quamvis
1283 2246 1412 2279 autem
1450 2242 1533 2290 ipse
1565 2253 1611 2279 ex
1644 2242 1713 2276 viri
1745 2246 1786 2278 nt
1819 2239 1971 2278 videtur

180 2299 437 2348 potentissimi
470 2304 506 2336 et
537 2299 831 2349 locupletissimi
866 2299 1144 2337 consuetudine
1177 2306 1214 2337 et
1246 2301 1416 2337 amicitia
1447 2299 1638 2347 permulta
1658 2304 1827 2347 speraret
1849 2310 1972 2347 eaque

177 2357 263 2404 jure
295 2362 429 2405 posset
460 2369 624 2406 sperare,
657 2364 785 2395 tamen
818 2356 866 2394 ad
898 2357 972 2395 hoc
1004 2369 1203 2406 nunqnam
1236 2357 1453 2402 descendit,
1487 2363 1527 2393 ut
1560 2357 1664 2394 illius
1695 2358 1813 2394 nimio
1845 2361 1972 2394 astro-

178 2414 392 2463 logicarum
424 2426 612 2464 nugarum
645 2415 773 2453 studio
808 2415 1029 2463 diligentius
1062 2415 1329 2464 respondendo
1362 2414 1579 2462 indulgeret
1611 2418 1654 2460 (v.
1682 2417 1709 2450 Ι.
1736 2428 1771 2460 p.
1791 2416 1885 2459 364).

320 2471 446 2520 Quam
484 2478 633 2521 promto
673 2475 801 2510 animo
840 2473 1031 2521 Keplerus
1068 2473 1333 2512 adolescentes
1376 2484 1549 2521 quoque,
1600 2484 1763 2521 quorum
1803 2472 1972 2510 studium

181 2536 335 2577 nosset,
369 2535 406 2567 et
436 2542 475 2567 re
507 2535 543 2568 et
575 2531 812 2569 consulendo
845 2531 1057 2579 adjuverit,
1093 2537 1210 2568 testes
1242 2536 1331 2568 sunt
1362 2531 1551 2579 epistolae
1585 2530 1635 2568 ad
1669 2530 1970 2568 Hatenrefferum

182 2589 366 2626 minorem
399 2587 651 2640 (Samuelem)
683 2588 856 2637 theologi
886 2589 1007 2626 filium
1039 2591 1218 2638 scriptae.
1280 2588 1355 2637 Qui
1383 2589 1463 2637 jam
1497 2600 1542 2625 ex
1576 2588 1732 2634 Gratio,
1778 2599 1854 2636 quo
1887 2600 1972 2626 cum

182 2646 334 2683 Nobilis
366 2645 445 2683 filio
479 2651 610 2684 custos
642 2652 843 2695 rectorque
875 2652 1044 2693 venerat,
1077 2647 1288 2696 Keplerum
1321 2658 1388 2695 per
1418 2646 1550 2684 literas
1581 2646 1740 2692 adierat,
1773 2645 1972 2694 Pragaene

183 2704 266 2751 ipso
298 2704 473 2752 adjutore
505 2705 629 2741 simile
669 2717 806 2742 munus
847 2705 989 2742 habere
1028 2711 1177 2755 posset,
1222 2704 1289 2742 sed
1322 2705 1428 2742 brevi
1467 2709 1554 2753 post
1586 2704 1805 2752 Tubingam
1846 2703 1970 2751 rediit,

187 2762 240 2798 ibi
270 2761 566 2799 Macstlinianas
600 2762 644 2799 de
676 2763 947 2800 mathematice
981 2767 1018 2800 et
1049 2764 1286 2800 astronomia
1322 2762 1477 2800 scholas
1517 2762 1814 2812 frequentatum.
1875 2761 1971 2799 Inde

184 2820 309 2855 missis
331 2819 530 2857 Maestlini
552 2820 739 2868 thesibus,
773 2832 870 2869 quas
902 2822 939 2856 in
973 2821 1101 2858 sutura
1133 2820 1392 2869 disputatione
1417 2819 1642 2857 defensurus
1665 2824 1787 2866 esset,
1819 2831 1843 2856 a
1862 2818 1972 2868 Kep-

184 2876 263 2913 lero
296 2876 479 2914 auxilium
514 2882 551 2915 et
583 2879 784 2916 consilium
815 2879 939 2927 petiit.
992 2878 1079 2926 Qui,
1114 2881 1292 2927 quamvis
1324 2879 1396 2927 ipsi
1429 2889 1652 2926 persuasum
1686 2882 1796 2922 esset,
1831 2876 1971 2924 theses,

186 2934 278 2981 quin
310 2938 430 2971 totam
462 2936 583 2984 ipsam
616 2935 924 2974 dissertationem
957 2939 1028 2982 (De
1052 2940 1209 2974 motibus
1235 2940 1478 2983 planetarum)
1505 2948 1527 2973 a
1548 2934 1756 2973 Maestlino
1779 2936 1973 2983 composi-

187 2995 264 3027 tam
296 3002 392 3038 esse,
426 2998 552 3030 tamen
586 2995 744 3031 comiter
778 3006 823 3032 ex
855 2998 961 3043 parte
994 2994 1149 3042 quidem
1172 2994 1392 3032 Samuelem
1423 2996 1584 3043 primum
1619 2993 1742 3041 operis
1774 2997 1970 3030 auctorem

187 3047 322 3085 habet:
359 3056 585 3099 „perspecto
617 3052 771 3099 ingenio
804 3057 870 3089 tuo
902 3050 1005 3102 (uam
1036 3052 1149 3090 fidem
1181 3052 1430 3101 praefationis
1461 3056 1551 3089 tuae
1589 3055 1743 3088 secutus
1774 3049 1901 3088 theses
1933 3055 1971 3088 te

189 3105 285 3141 inter
316 3110 352 3142 et
383 3106 630 3145 Maestlinum
662 3121 708 3146 ex
740 3121 865 3157 aequo
897 3107 1056 3160 partior)
1086 3111 1200 3158 cupio
1231 3115 1298 3147 tua
1328 3109 1588 3147 familiaritate
1618 3107 1686 3145 uti.
1739 3106 1795 3145 Ac
1816 3108 1847 3144 si
1878 3108 1972 3145 mihi

190 3162 284 3199 satis
315 3170 538 3213 perspectus
571 3169 628 3203 est
655 3165 845 3214 juvenum
877 3166 1001 3215 ardor,
1033 3178 1110 3205 non
1141 3167 1219 3206 alia
1250 3168 1319 3206 tibi
1352 3171 1445 3206 vota
1476 3177 1560 3205 esse
1590 3169 1703 3215 puto:
1738 3164 1784 3204 de
1813 3170 1972 3215 parente
