2177 3408
448 182 687 226 Summarium
711 182 896 219 Historiae
922 176 1175 218 Astronomiae
1200 175 1322 215 seculo
1346 175 1441 214 XVI.
1772 171 1855 218 621

53 303 90 339 in
107 303 202 338 omni
219 303 440 348 quadratura
456 302 508 338 sic
525 305 679 347 aequata

53 362 90 398 in
105 362 131 396 C
148 362 303 397 maxima
317 372 337 396 a
351 362 464 396 Terra
480 361 678 395 remotione

52 420 266 464 reperiatur.
307 419 378 456 Scd
403 431 482 454 cum
500 418 679 453 anomalia

63 482 94 521 3)
122 489 186 523 per
222 478 461 514 eccentricum
494 488 573 512 cum
607 476 678 521 epi-

54 536 153 582 cyclo
165 547 235 572 uon
244 537 358 581 possit
367 537 680 580 excusari,assum·

54 594 165 629 simus
190 601 335 639 praeter
360 595 426 630 hos
453 594 543 629 duos
572 592 679 628 alium

57 663 207 696 parvum
240 647 442 697 circellum,
472 652 574 697 eujus
601 664 682 687 cen-

54 716 150 745 trum
187 711 224 746 in
257 712 546 746 circumferentia
578 711 683 755 primi

52 768 103 802 ita
121 775 318 814 moveatur,
329 775 368 804 ut
382 780 461 805 cum
481 773 511 813 ))
526 769 682 804 fueritin

54 836 228 872 apogaeo,
254 827 290 862 in
311 827 339 862 G
357 827 560 872 reperiatur
578 832 614 861 et
632 827 682 860 sic

53 896 119 930 per
136 886 203 920 LH
227 886 479 921 descendendo
501 891 537 920 et
555 885 571 918 Ι
589 884 682 929 peri-

55 955 184 990 gaeum
218 944 441 980 transeundo
476 954 601 980 rursus
628 953 683 977 as—

54 1003 201 1047 cendat,
246 1003 360 1038 donec
404 1001 573 1037 absoluta
612 1011 684 1036 una

55 1061 258 1096 anomaliae
276 1061 512 1102 revolutione,
533 1060 630 1104 quod
648 1059 684 1094 in

58 1119 207 1164 singulis
243 1121 286 1155 27
321 1118 445 1154 diebus
478 1118 521 1153 13
555 1118 592 1153 h.
631 1118 683 1153 18¹

56 1177 122 1212 35*
151 1178 297 1220 accidit,
336 1177 454 1212 denuo
480 1177 516 1212 in
543 1176 572 1211 G
598 1187 684 1221 apo-

56 1245 146 1280 gaeo
173 1237 316 1271 existat.
359 1237 401 1271 In
427 1240 589 1271 assumto
614 1234 684 1269 hoc

59 1294 204 1329 circello
232 1305 362 1340 corpus
391 1299 420 1337 3)
443 1294 596 1329 refertur
620 1294 681 1338 ita,

60 1358 100 1388 ut
126 1364 206 1388 cum
240 1359 401 1388 centrum
435 1353 543 1396 hujus
575 1353 683 1388 fuerit

56 1411 91 1445 in
112 1411 142 1446 G
159 1421 332 1457 apogae0‚
353 1416 440 1446 tunc
467 1415 497 1454 3)
520 1411 566 1446 sit
581 1412 618 1445 in
637 1411 681 1456 K,

58 1475 193 1514 puncto
212 1476 336 1505 centro
361 1471 390 1505 F
410 1470 560 1516 epicycli
577 1471 682 1515 primi

56 1529 233 1573 proximo.
273 1529 392 1573 Hujus
411 1536 531 1564 autem
550 1529 682 1564 circelli

57 1592 175 1622 motus
203 1589 403 1623 contrarius
421 1592 476 1624 est
495 1593 531 1624 et
549 1589 682 1634 duplus

59 1645 104 1680 ad
128 1650 261 1680 motum
283 1647 398 1690 primi,
423 1647 683 1693 periodumque
1260 1663 1285 1706 ρ

58 1714 165 1738 unam
191 1704 227 1738 in
252 1706 296 1740 13
322 1705 449 1741 (liebus
484 1706 519 1740 h.
546 1707 604 1742 18.
628 1708 683 1743 39¹

63 1764 126 1798 17¹⁴
153 1764 232 1798 30¹¹¹
259 1764 421 1799 conficit:
461 1766 575 1811 unde,
603 1778 684 1801 cum
710 1770 872 1802 centrum
897 1764 975 1809 ejus
1000 1763 1111 1798 fuerit
1135 1761 1252 1797 medio
1279 1761 1358 1796 loco
1384 1760 1478 1796 inter
1504 1760 1544 1801 G,
1569 1760 1597 1802 Ι,
1625 1760 1661 1797 11.
1690 1770 1719 1794 e.
1746 1772 1858 1805 prope

58 1820 92 1853 H
117 1820 172 1855 vel
197 1820 237 1864 O,
265 1827 351 1857 tunc
386 1827 416 1866 3)
438 1823 517 1867 ipsa
542 1824 724 1868 reperitur
750 1825 786 1859 in
811 1824 861 1867 M,
887 1823 924 1857 in
948 1821 1103 1857 maxima
1129 1832 1149 1855 a
1167 1825 1288 1856 centro
1316 1819 1464 1864 epicycli
1488 1818 1594 1863 primi
1619 1819 1857 1864 elongatione.

56 1878 190 1914 Verum
207 1891 287 1915 cum
303 1891 368 1925 per
386 1881 602 1927 multiplices
622 1889 657 1918 et
674 1888 860 1918 accuratas
879 1880 1147 1916 observationes
1169 1877 1310 1923 experti
1328 1877 1457 1921 simus,
1484 1877 1551 1912 hos
1569 1877 1722 1912 circulos
1748 1878 1858 1912 omni-

57 1938 126 1973 bus
144 1940 363 1983 apparentiis
381 1940 535 1976 necdum
555 1941 785 1985 satisfacere,
812 1940 988 1985 siquidem
1006 1940 1042 1974 in
1060 1938 1265 1974 octantibus
1291 1937 1363 1972 sive
1389 1935 1514 1970 mediis
1540 1935 1627 1971 locis
1654 1937 1749 1971 inter
1772 1947 1858 1980 qua-

62 1997 225 2032 draturas
245 2002 280 2032 et
306 1999 468 2043 syzygias
489 2002 536 2037 0²
562 2006 599 2035 et
620 2002 691 2043 σθ,
718 2011 797 2035 cum
823 1999 1011 2034 luminaria
1050 1997 1275 2042 sesquisigno
1307 1996 1399 2031 inter
1424 2006 1461 2029 se
1488 1994 1638 2040 distant,
1666 1995 1783 2030 adhuc
1807 1996 1859 2030 in-

61 2056 259 2099 aequalitas
285 2058 460 2101 quaedam
487 2064 522 2094 et
547 2059 747 2094 differentia
772 2060 859 2094 satis
886 2057 1131 2104 perceptibilis
1163 2067 1241 2092 sese
1266 2056 1424 2100 ingerat,
1451 2066 1638 2091 necessum
1662 2055 1858 2098 videbatur,

61 2113 179 2148 adhuc
205 2114 312 2150 alium
338 2127 487 2160 parvum
505 2117 696 2162 circellum,
722 2129 787 2163 per
804 2127 910 2162 quem
927 2117 1018 2151 haec
1036 2115 1185 2150 variatio
1211 2119 1415 2158 excusetur,
1442 2112 1700 2158 superaddere,
1726 2113 1762 2147 in
1788 2124 1858 2157 quo

61 2176 222 2205 centrum
246 2172 396 2218 epicycli
422 2174 566 2219 majoris
592 2187 663 2210 nou
688 2176 723 2210 in
749 2174 1051 2219 circumferentia,
1077 2173 1141 2208 sed
1166 2184 1230 2217 per
1255 2172 1467 2207 diametrum
1492 2178 1734 2206 transversam
1759 2177 1858 2206 motu

64 2231 218 2274 quodam
244 2231 455 2278 librationis,
483 2232 649 2268 circulari
674 2238 806 2277 tamen,
832 2238 873 2268 ut
898 2233 988 2268 alias
1014 2232 1110 2277 apud
1130 2231 1364 2276 Copernicum
1382 2230 1460 2265 fieri
1480 2230 1581 2275 solet,
1608 2231 1758 2274 analogo
1777 2231 1859 2266 hinc

64 2288 146 2323 inde
172 2290 406 2334 transfertur,
441 2291 600 2326 efficiens
634 2291 980 2336 prosthaphaeresin
1005 2290 1200 2334 quandam,
1228 2301 1248 2324 a
1276 2290 1323 2327 cs
1354 2294 1389 2323 et
1419 2289 1462 2323 &0
1492 2288 1719 2323 luminarium
1744 2299 1859 2333 usque

64 2347 109 2381 ad
139 2352 174 2386 [l
195 2353 230 2387 ί]
260 2359 401 2393 semper
420 2349 620 2385 addendam
640 2355 676 2385 et
693 2361 818 2385 rursus
837 2362 857 2385 a
883 2355 918 2390 [1
941 2355 975 2390 U
1007 2351 1052 2386 ad
1073 2351 1121 2388 Os
1144 2354 1179 2384 et
1200 2351 1246 2383 σθ
1277 2347 1558 2384 subtrahendam
1576 2359 1596 2382 a
1613 2348 1730 2383 media
1747 2349 1858 2393 longi-

65 2405 188 2440 tudine
222 2410 252 2449 3)
283 2418 304 2442 a
328 2409 382 2453 (D,
408 2413 449 2442 ut
473 2419 578 2443 verus
603 2409 703 2444 locus
730 2409 843 2444 centri
862 2408 1011 2453 epicycli
1036 2407 1199 2452 prodeat.
1241 2408 1363 2442 Motus
1382 2412 1501 2441 autem
1526 2405 1635 2450 hujus
1660 2407 1859 2442 librationis

65 2463 199 2507 duplici
234 2464 426 2501 distantiae
458 2477 563 2502 verae
591 2470 629 2508 Θ
658 2473 694 2502 et
727 2472 758 2511 3)
789 2467 1119 2503 commensurabilis
1155 2471 1210 2502 est
1241 2466 1503 2510 maximamque
1536 2467 1778 2501 variationem
1804 2466 1859 2501 40¹

66 2522 133 2557 30⁰
159 2523 194 2558 in
226 2524 340 2568 primo
375 2530 411 2559 et
436 2526 541 2560 tertio
569 2538 589 2560 a
613 2528 660 2563 0²
694 2532 838 2562 octante
873 2526 1092 2570 addendam,
1130 2525 1166 2559 in
1198 2523 1355 2559 secundo
1390 2533 1472 2558 vero
1500 2528 1535 2558 et
1561 2528 1688 2566 quarto
1715 2528 1858 2557 octante

66 2581 345 2616 subtrahendam
379 2590 554 2626 procreat.
606 2587 726 2630 Atque
758 2585 848 2619 haec
882 2588 937 2619 est
969 2588 1128 2618 motuum
1153 2583 1329 2618 lunarium
1355 2581 1540 2616 circularis
1567 2591 1610 2615 ex
1635 2580 1722 2624 ipsis
1747 2591 1857 2624 appa-

66 2639 192 2673 rentiis
219 2639 445 2684 deprehensa
471 2644 692 2688 compositio,
720 2654 813 2688 quae
838 2648 957 2678 tamen
983 2642 1079 2677 varie
1104 2641 1352 2676 transformari
1369 2644 1498 2684 potest,
1524 2640 1572 2674 ita
1597 2643 1636 2674 ut
1662 2649 1783 2672 omnes
1808 2638 1859 2672 illi

68 2698 205 2733 circelli
228 2698 283 2733 vel
309 2709 419 2742 supra
439 2699 547 2742 juxta
572 2701 894 2736 circumferentiam
920 2701 1057 2735 orbitae
1082 2700 1234 2741 lunaris,
1268 2698 1323 2733 vel
1357 2697 1447 2732 infra
1469 2697 1575 2740 juxta
1601 2702 1776 2737 centrum,
1802 2696 1860 2732 vel

67 2758 197 2801 partim
229 2768 339 2802 supra
369 2758 499 2802 partim
532 2758 640 2803 infra,
675 2759 771 2803 quod
804 2759 967 2793 ultimum
1000 2758 1057 2792 hic
1092 2759 1270 2801 eligimus,
1304 2756 1549 2800 disponantur.
1606 2755 1858 2798 Proportiones

69 2826 152 2850 vero
177 2817 306 2851 horum
332 2817 471 2852 orbium
497 2817 590 2852 inter
615 2827 653 2852 se
679 2817 730 2852 sic
755 2817 898 2860 habent,
925 2821 965 2851 ut
982 2816 1140 2860 qualium
1158 2816 1265 2850 fuerit
1283 2814 1404 2849 radius
1423 2813 1613 2848 eccentrici
1630 2813 1692 2847 AF
1710 2814 1857 2859 100000,

68 2876 194 2912 talium
218 2876 282 2910 FG
307 2876 373 2910 erit
392 2876 492 2918 5800,
520 2876 589 2910 GM
607 2876 698 2911 2900
716 2880 751 2909 et
776 2875 839 2909 BA
857 2875 959 2918 2174,
986 2874 1140 2916 denique
1169 2872 1302 2907 circelli
1327 2871 1371 2906 ad
1389 2871 1418 2905 F
1438 2871 1736 2906 semidiametrum
1760 2872 1859 2907 meti-

68 2940 127 2969 tur
151 2945 254 2969 arcus
271 2934 328 2970 40¹
346 2935 426 2978 30¹¹,
452 2945 556 2979 quem
583 2934 778 2977 subtendit,
805 2944 886 2968 cum
911 2932 1112 2967 differentia
1137 2931 1172 2965 iu
1196 2934 1299 2964 tanta
1324 2930 1485 2964 exilitate
1512 2929 1558 2964 sit
1581 2930 1810 2965 insensibilis.

209 2993 266 3026 Ex
291 2992 359 3027 hac
384 2992 523 3027 orbium
559 2992 779 3026 dimensione
813 2991 963 3034 angulus
988 2990 1123 3034 primae
1154 2986 1421 3031 inaequalitatis
1446 2987 1637 3031 maximus,
1674 2988 1734 3031 qui
1759 2988 1798 3023 fit
1822 2989 1857 3024 in

71 3049 261 3084 noviluniis
287 3054 323 3084 et
347 3050 564 3095 pleniluniis,
592 3050 712 3085 evadit
736 3050 776 3083 4⁰
802 3049 858 3084 ὅδ’
885 3049 964 3091 30”,
991 3045 1247 3081 insensibiliter
1273 3044 1442 3081 deficiens
1467 3055 1488 3079 a
1504 3044 1722 3086 Ptolemaeo,
1747 3047 1857 3080 maxi-

72 3119 150 3143 mus
175 3113 294 3143 autem
317 3109 354 3144 in
379 3109 606 3153 quadraturis
633 3108 673 3144 7⁰
697 3108 764 3151 281,
791 3107 886 3152 quod
911 3105 1109 3142 Ptolemaei
1135 3096 1368 3149 assumtione,
1395 3114 1501 3148 quam
1525 3103 1674 3138 retinuit
1699 3109 1770 3140 tam
1797 3104 1856 3139 Al-

70 3165 232 3212 phonsus
257 3177 364 3212 quam
390 3167 620 3213 Copernicus,
646 3166 771 3211 quinta
795 3165 927 3211 gradus
951 3169 1054 3210 parte
1078 3163 1196 3200 minus
1222 3164 1308 3203 est‚“
