2126 3388
227 182 311 229 992
750 192 756 202 ‘
897 182 981 218 Vita
1005 182 1155 218 Joannis
1181 182 1337 228 Kepleri.

228 313 301 351 que
333 305 558 352 perpetuum
590 300 780 337 amicitiae
813 300 1080 338 commercium
1111 300 1258 339 habuit.
1303 300 1527 348 Ziegleri
1560 299 1696 338 deinde
1727 311 1866 339 nomen
1889 299 2009 339 semel

227 360 329 410 apud
350 358 556 407 Keplerum
586 358 788 404 invenitur,
820 359 886 406 qui
909 370 1027 407 quum
1049 370 1150 397 anno
1176 363 1297 397 1600.
1322 369 1387 407 per
1417 357 1666 395 Maestlinum
1698 357 1880 396 mandata
1902 358 2010 396 daret

226 420 266 462 (Ι.
291 420 358 461 56),
391 418 487 452 inter
529 415 599 452 1105
638 414 810 453 homines
851 416 1070 453 interiorem
1101 417 1372 454 familiaritatis
1404 417 1627 454 societatem
1659 415 1875 454 interfuisse
1906 418 2010 454 veri-

229 475 352 511 simile
386 479 453 511 est.
495 472 656 522 Scripsit
687 472 787 510 idem
820 472 1121 523 disputationem
1153 475 1352 525 physicam
1385 473 1431 511 de
1463 473 1560 511 Visu
1593 483 1693 511 anno
1719 477 1841 512 1596.
1873 475 2009 512 minori

224 530 599 569 Hoheufelderorum
629 530 735 568 fratri
765 530 912 569 Marco.

369 588 626 625 Transeuntes
647 588 695 625 ad
718 588 939 638 theologiae
960 589 1207 640 professores,
1230 589 1445 626 Herbran
1461 588 1505 626 di
1538 593 1573 626 et
1595 588 1826 638 Sigwarti
1856 590 2012 627 nomina

225 659 247 684 a
277 646 445 695 Keplero
485 646 592 683 nullo
632 645 716 683 loco
759 647 879 684 relata
921 648 1109 685 videmus.
1173 646 1345 695 Quorum
1377 647 1489 693 alter,
1536 648 1601 695 qui
1642 652 1722 684 erat
1752 646 2010 696 Tubingensis

225 705 399 741 coenobii
431 705 623 753 inspector
655 704 786 753 (antea
818 717 840 742 a
875 705 1182 753 Wiirtembergia
1224 705 1271 742 ad
1306 705 1517 742 Concilium
1551 704 1816 742 Tridentinum
1854 705 2012 753 delega-

225 763 306 809 tus)
339 767 375 799 et
406 774 439 799 a.
478 763 598 799 1598.
635 766 683 799 77
719 774 838 799 annos
880 769 993 800 natus
1026 776 1047 800 a
1080 774 1235 800 munere
1275 764 1447 809 recessit,
1490 764 1528 799 in
1560 762 1716 812 Kepleri
1759 762 2011 800 eruditionem

224 819 479 868 theologicam
513 821 636 857 minus
670 819 838 858 valuisse
863 821 1023 868 videtur,
1057 821 1219 858 alterum
1243 826 1384 868 contra,
1417 820 1659 870 Sigwartum,
1693 825 1820 858 aetate
1853 822 2011 869 integra,

223 879 288 927 qui
319 882 356 915 et
386 877 612 926 theologicis
645 877 967 927 disputationibus
1000 878 1328 927 concionandique
1371 879 1708 916 exercitationibus
1747 884 1943 928 praeesset
1975 884 2012 916 et

222 937 303 985 ipse
334 937 370 971 in
403 937 505 973 urbis
536 937 658 985 prima
690 935 852 973 ecclesia
883 937 1138 974 sacerdotium
1169 942 1336 982 teneret,
1367 938 1404 973 in
1441 936 1696 974 adolescentis
1737 935 1865 973 studia
1900 936 2012 974 theo-

221 993 348 1042 logica
383 993 506 1042 majus
539 999 773 1031 momentum
810 994 991 1032 habuisse
1033 995 1238 1032 verisimile
1279 999 1347 1032 est.
1406 993 1709 1031 Gerlachius
1752 994 2010 1043 Tubingensis

225 1052 400 1089 coenobii
433 1054 576 1101 primus
608 1057 688 1089 erat
721 1057 862 1099 custOS,
895 1059 1099 1102 postquam
1132 1052 1180 1089 ab
1203 1063 1303 1090 anno
1332 1055 1452 1090 1573.
1487 1064 1608 1101 usque
1640 1052 1689 1089 ad
1720 1063 1860 1089 annum
1885 1055 2006 1090 1578.

222 1115 260 1147 et
290 1109 624 1159 Constantinopoli
656 1113 692 1147 et
723 1111 759 1146 111
793 1111 1051 1160 compluribus
1077 1110 1262 1148 Graeciae
1295 1110 1446 1160 oppidis
1477 1115 1733 1147 commoratus
1765 1115 1832 1157 est,
1866 1109 1912 1147 de
1934 1121 2010 1159 quo

223 1166 365 1205 Cellius
397 1167 513 1205 haec:
548 1196 588 1204 ..
613 1195 652 1207 ..
680 1167 825 1217 „multo
857 1168 1089 1205 Patriarehis
1117 1168 1272 1216 junctus
1304 1169 1351 1205 ab
1384 1179 1466 1215 usu,
1500 1168 1561 1205 hic
1593 1179 1676 1205 cum
1709 1167 1829 1206 multa
1860 1169 2012 1217 agitans

222 1225 406 1274 religione
437 1237 551 1274 super
573 1255 581 1262 .
605 1254 614 1264 .
636 1227 900 1273 ..Augustae
933 1226 1071 1263 Carolo
1105 1226 1195 1263 data
1227 1238 1325 1274 quae
1362 1226 1574 1271 consessio,
1610 1225 1755 1263 Graece
1787 1234 2012 1263 conversam

223 1283 344 1321 dictos
366 1283 453 1320 secit
473 1283 614 1320 habere
636 1282 803 1333 patres.“
846 1284 902 1321 Ex
925 1283 1088 1334 epistola
1121 1297 1143 1321 a
1164 1284 1332 1334 Keplero
1365 1284 1413 1321 ad
1437 1283 1681 1321 Gerlachium
1713 1285 1829 1321 missa
1865 1286 1958 1331 (Vol.
1984 1287 2012 1326 L

221 1344 358 1389 11295)
392 1341 519 1378 videre
545 1341 644 1389 licet,
677 1342 777 1379 hunc
816 1343 939 1379 virum
981 1341 1027 1380 de
1059 1341 1303 1380 adolescente
1335 1342 1530 1380 literarum
1572 1342 1855 1379 studiosissimo
1888 1343 2010 1392 patrio

223 1411 351 1438 amore
384 1411 589 1437 curavisse.

358 1457 642 1505 Theologorum
658 1457 822 1507 denique
839 1458 1142 1507 Tubingeusium
1164 1463 1255 1495 natu
1273 1459 1451 1496 minimus
1468 1462 1546 1496 erat
1564 1458 1810 1496 Matthias
1833 1457 2011 1495 Hafen-

222 1515 454 1561 resferus‚
498 1517 561 1563 qui
596 1517 660 1552 vix
692 1516 821 1554 decern
853 1518 963 1554 annis
996 1516 1154 1565 Kepleri
1193 1522 1358 1554 aetatem
1397 1522 1615 1567 superaret,
1662 1520 1709 1554 31
1744 1527 1864 1553 annos
1897 1521 2009 1553 natus

224 1574 396 1612 coenobii
440 1573 564 1611 faetus
606 1574 790 1624 ephorus,
834 1575 942 1623 cujus
988 1574 1154 1611 officium
1185 1576 1431 1624 praecipuum
1471 1575 1742 1625 prophetarum
1781 1579 1861 1611 erat
1891 1575 2011 1611 inter-

221 1633 399 1683 pretatio.
444 1630 529 1679 Quo
563 1643 647 1668 cum
681 1633 761 1670 viro
794 1644 916 1681 nsque
949 1632 997 1669 ad
1030 1632 1112 1680 ejus
1145 1638 1304 1670 mortem
1337 1633 1387 1682 (a.
1415 1632 1540 1682 1619)
1572 1637 1795 1683 perpetuam
1828 1632 2010 1670 eandem-

225 1702 299 1739 que
338 1691 513 1726 intimam
555 1689 749 1738 Keplerus
789 1690 925 1727 habuit
968 1691 1189 1730 amicitiam,
1258 1691 1314 1727 Ex
1356 1690 1550 1728 literarum
1593 1696 1722 1728 autem
1765 1692 2006 1736 commercio,

226 1748 329 1797 quod
362 1749 460 1785 inter
492 1746 579 1784 illos
612 1749 804 1795 interfuit,
849 1748 894 1786 dc
928 1760 1003 1796 quo
1036 1749 1190 1786 ineunte
1225 1749 1361 1797 (quum
1394 1749 1481 1786 inde
1515 1749 1563 1786 ab
1596 1760 1695 1785 anno
1732 1752 1853 1786 1594.
1887 1759 2010 1796 usque

223 1806 272 1844 ad
305 1818 447 1844 annum
483 1810 605 1844 1607.
639 1806 797 1855 Kepleri
830 1806 955 1843 desint
986 1808 1187 1855 responsa)
1232 1808 1389 1844 alterius
1428 1812 1577 1844 tantum
1617 1806 1805 1855 epistolae
1844 1806 2009 1843 traditae

225 1869 327 1910 sunt,
361 1864 572 1901 clarissime
607 1864 744 1911 elucet,
777 1864 851 1901 hoc
883 1865 1021 1901 falsum
1056 1876 1153 1911 esse,
1189 1865 1292 1912 quod
1324 1877 1347 1902 a
1377 1866 1652 1902 recentioribus
1686 1864 1827 1901 dictum
1861 1870 1938 1910 est,
1972 1865 2009 1900 in

226 1922 558 1971 Wiirttembergia
589 1921 799 1971 Keplerum
833 1922 936 1959 haud
970 1922 1084 1960 dubie
1126 1922 1273 1959 nullum
1306 1923 1562 1961 sacerdotium
1601 1923 1845 1960 obtenturum
1877 1922 2006 1968 fuisse,

224 1993 341 2030 quum
384 1982 419 2016 111
462 1982 545 2029 ipsa
589 1980 787 2018 academia
829 1992 851 2017 a
884 1979 1057 2018 doctrina
1095 1981 1172 2017 illic
1210 1986 1365 2029 recepta
1405 1981 1660 2018 dissensisset.
1722 1980 2008 2018 Hafenrefferus

226 2039 402 2088 quidem,
447 2044 528 2075 toto
561 2040 688 2075 animo
721 2038 810 2075 fidei
842 2050 935 2076 suae
968 2038 1165 2084 addictus,
1209 2041 1263 2076 sic
1303 2045 1343 2076 ut
1374 2040 1527 2088 scripsit
1557 2038 1604 2076 ad
1636 2037 1866 2087 discipulum
1897 2049 2008 2075 suum

224 2098 387 2134 scribere
421 2107 495 2133 11011
528 2098 730 2144 potuisset,
764 2097 794 2133 si
828 2098 943 2133 etiam
976 2102 1055 2133 tum
1089 2096 1133 2133 dc
1167 2097 1324 2145 Kepleri
1357 2098 1601 2146 opinionibus
1643 2097 1846 2133 haereticis
1877 2098 2007 2144 suspi-

224 2160 331 2193 catus
364 2160 474 2192 esset.
510 2156 599 2199 (Cfr.
626 2156 749 2191 v01.1.
783 2168 819 2200 p.
845 2156 888 2190 23
917 2157 1006 2200 seq.)
1058 2154 1170 2202 Quod
1214 2157 1329 2192 etiam
1369 2157 1491 2203 magis
1531 2155 1744 2204 apparebit,
1788 2155 1819 2191 si
1859 2155 2006 2202 episto-

224 2213 281 2251 las
314 2214 480 2250 virorum
512 2214 658 2261 priores
692 2224 777 2250 curn
811 2212 885 2249 illis
918 2213 966 2249 ab
991 2224 1090 2250 anno
1118 2217 1239 2251 1618.
1274 2218 1311 2251 et
1341 2212 1438 2250 datis
1471 2217 1507 2250 et
1528 2214 1695 2261 acceptis
1718 2212 2003 2259 contulerimus,

225 2273 262 2308 111
296 2272 435 2319 quibus
470 2270 515 2308 de
547 2271 660 2308 rebus
693 2271 810 2307 sacris
851 2272 1019 2307 maxima
1051 2282 1135 2307 cum
1176 2272 1366 2320 gravitate
1409 2272 1545 2319 agitur.
1607 2271 1729 2307 Immo
1771 2281 1861 2307 vero
1893 2269 2004 2318 Kep-

225 2329 329 2368 lerus
361 2330 415 2366 sic
446 2328 627 2377 Tubinga
660 2327 836 2365 Gratium
870 2328 1057 2374 discessit,
1090 2334 1132 2366 ut
1164 2341 1248 2366 eum
1282 2328 1356 2365 illis
1389 2331 1492 2375 viris,
1527 2329 1590 2377 qui
1623 2330 1749 2377 ipsum
1781 2327 2004 2376 theologiae

224 2387 360 2424 studiis
393 2388 632 2434 imbuissent,
667 2392 703 2424 et
734 2398 920 2423 summam
953 2386 1197 2424 concordiam
1231 2392 1267 2425 et
1298 2387 1505 2423 amicitiam
1528 2398 1603 2423 11011
1625 2391 1813 2423 mutatam
1845 2391 2003 2425 teneret.

223 2445 312 2494 Ipse
346 2444 512 2493 quidem,
545 2450 725 2493 suscepto
756 2456 912 2481 munere
945 2444 1047 2493 quod
1080 2445 1153 2493 ipsi
1176 2444 1300 2482 Gratii
1330 2445 1501 2481 oblatum
1524 2450 1615 2491 erat,
1649 2445 1818 2492 scripsit,
1851 2443 1900 2480 ad
1933 2444 2005 2481 ob-

224 2503 388 2540 eundam
419 2504 652 2540 sumnonem
683 2502 787 2539 illam
821 2504 1115 2539 astronomicam
1152 2503 1398 2551 7,ΜΠ-1151111111
1442 2515 1482 2540 50
1515 2514 1597 2540 esse
1630 2503 1857 2539 auctoritate
1890 2513 2006 2550 prae-

225 2567 438 2610 ceptorum,
471 2561 613 2598 adiisse
644 2560 744 2597 hanc
775 2560 937 2597 multum
969 2566 1235 2609 protestatum,
1271 2572 1337 2611 „se
1371 2559 1418 2597 ad
1450 2559 1556 2598 aliud
1588 2561 1692 2597 vitae
1724 2571 1866 2608 genus,
1901 2558 2005 2608 quod

223 2619 461 2667 splendidius
493 2618 705 2665 videretur,
736 2630 980 2667 nequaquam
1016 2616 1192 2657 cedere“.
1255 2618 1364 2665 Quae
1395 2618 1495 2656 idem
1530 2619 1701 2655 consecto
1723 2617 1933 2655 Prodmmo
1956 2615 2005 2654 ad

222 2676 469 2715 Maestliuum
502 2678 655 2725 scripsit
685 2689 722 2725 p.
759 2680 839 2714 974
872 2676 1061 2724 legantur.

363 2734 511 2782 Quibus
545 2747 589 2771 ex
623 2735 733 2772 dictis
766 2739 802 2772 et
844 2735 954 2771 bonis
988 2734 1061 2770 illis
1105 2735 1352 2781 testimoniis,
1396 2746 1496 2782 quae
1529 2734 1696 2782 Keplero
1741 2733 1786 2771 de
1821 2733 2002 2784 „concio-

228 2790 380 2829 nand04‘
417 2792 508 2830 data
535 2793 615 2841 jain
648 2804 764 2841 supra
796 2792 1006 2837 attulimus,
1041 2792 1114 2830 hoc
1136 2794 1308 2841 sequitur
1329 2804 1405 2829 non
1429 2792 1694 2838 dubitandum,
1727 2793 1764 2827 in
1788 2791 2000 2827 Wiirttem-

224 2850 355 2897 borgia
386 2850 596 2899 Keplerum
628 2850 827 2888 academia
860 2849 1042 2887 derelicta
1074 2851 1331 2888 sacerdotium
1362 2853 1444 2887 sine
1477 2850 1555 2887 ulla
1588 2849 1827 2887 dubitatione
1860 2848 1999 2884 obten-

225 2914 348 2945 turum
379 2909 506 2955 fuisse,
538 2910 611 2945 nisi
643 2914 723 2945 tum
751 2908 887 2956 juveni
920 2909 1166 2956 egentissimo
1201 2913 1416 2957 opportuna
1449 2909 1600 2945 occasio
1633 2911 1734 2945 esset
1766 2905 1919 2952 oblata,
1961 2907 1999 2941 in

224 2967 423 3015 gymnasio
456 2965 648 3004 Gratiensi
680 2966 871 3003 modicum
903 2977 1041 3003 munus
1072 2965 1323 3015 adipiscendi.

361 3023 482 3060 Aliter
513 3025 645 3072 utique
676 3036 735 3061 res
767 3035 806 3061 se
840 3024 955 3061 habet
989 3024 1034 3061 de
1066 3026 1132 3070 iis,
1167 3036 1266 3072 quae
1299 3023 1345 3062 de
1375 3025 1523 3060 ratione
1555 3022 1817 3070 Copernieana
1843 3019 1999 3068 judica-

224 3081 334 3120 verit.
408 3080 484 3118 Sed
524 3081 621 3120 haec
664 3082 793 3130 opinio
836 3081 1072 3131 Kepleriana
1118 3087 1198 3120 tum
1245 3082 1396 3120 demum
1436 3083 1472 3118 in
1515 3080 1638 3118 lucem
1675 3077 1836 3127 prodiit,
1882 3089 1998 3127 quum
