2126 3388
619 189 674 224 De
699 188 822 224 amieis
849 192 885 224 et
909 187 1114 225 fautoribus
1138 187 1301 234 Kepleri.
1778 187 1860 231 957

66 306 265 356 logischen
298 306 468 346 Stiieken
513 319 553 346 es
595 307 702 345 nieht
743 307 818 357 bey
858 307 960 345 allen
992 307 1131 357 richtig
1162 306 1328 356 zugehe,
1372 305 1537 344 sondern
1577 306 1722 344 nebens
1762 306 1862 344 auch

68 364 280 403 Geistliehe
302 365 490 416 Hurerey,
523 365 592 404 das
624 368 673 403 ist
694 366 936 415 Abgottcrey
967 366 1170 415 begangen
1193 365 1337 411 werde,
1370 364 1534 403 darijber
1557 364 1652 402 Gott
1682 364 1863 413 grewlich

65 424 180 461 ziirne
203 423 280 461 vnd
302 424 406 462 nicht
428 424 553 462 haben
577 423 701 471 welle,
734 424 823 462 dass
840 423 1015 461 Christen
1040 423 1248 462 Mensehen
1273 423 1410 461 darmit
1430 424 1660 472 vmbgehen.
1692 422 1863 461 Sonder-

63 481 141 519 lich
164 493 275 519 wann
297 483 352 520 sie
376 483 436 520 die
459 482 689 520 Praktieken
713 494 756 520 so
778 482 865 520 sehr
886 481 1196 528 missbrauehen,
1231 481 1320 518 dass
1342 483 1396 519 sie
1429 482 1542 519 ilmen
1565 481 1671 520 mehr
1693 481 1862 530 glauben

66 539 124 577 als
157 538 296 578 Gottes
328 540 451 587 Wort,
486 541 557 578 den
592 540 805 578 Caleudern
840 540 915 578 vnd
947 540 1177 578 Praktieken
1211 539 1423 586 zukzuffen,
1468 552 1546 577 was
1580 539 1765 588 vugesehr
1795 551 1865 588 ge-

65 597 201 635 troffen
235 598 358 645 wirdt‚
390 599 449 636 fiir
480 600 541 636 ein
565 598 738 637 Stoicum
770 599 890 636 fatum
914 598 1055 644 halten,
1091 597 1151 636 die
1185 597 1319 646 Liigen
1352 599 1388 634 in
1411 597 1547 635 Windt
1568 598 1752 647 sclilagen
1785 597 1862 635 vnd

66 667 287 704 vergessen.
350 657 438 694 Vnd
480 669 585 694 mnss
626 657 686 694 ich
726 669 816 694 auss
857 668 1023 706 eygener
1055 655 1273 704 Ersalirung
1312 655 1533 703 bekennen,
1579 656 1667 693 dass
1705 667 1793 694 man
1827 657 1864 692 in

65 716 220 763 gemein
260 715 334 765 bey
373 715 473 753 hoch
507 715 583 752 vnd
625 715 823 760 niedrigcn
857 716 1014 752 Standts
1047 714 1243 751 Personen
1286 713 1407 751 voller
1447 715 1744 763 Aberglauben,
1788 714 1866 751 vnd

70 771 130 809 ich
163 773 220 809 nit
251 775 383 819 wisse,
428 774 476 810 ob
511 773 571 810 die
605 772 990 811 Calenderselireiber
1028 772 1241 810 narriseher
1279 771 1371 809 oder
1411 772 1472 809 die
1511 773 1704 822 begierige
1736 772 1866 810 Leser.

69 830 184 868 Dann
217 830 280 869 hie
311 831 389 868 will
423 832 512 869 kein
543 831 778 869 Instruction
812 831 965 878 helffen,
999 842 1110 868 wann
1145 831 1210 869 der
1243 829 1626 868 Calenderschreiber
1657 831 1738 868 sich
1770 831 1866 868 auffs

70 889 178 926 beste
213 889 439 937 vei-wahret,
473 901 515 927 so
548 889 710 928 maehen
743 892 798 927 sie
831 889 929 927 doch
961 891 1067 928 seine
1091 889 1203 927 Wort
1225 900 1272 926 zu
1297 889 1463 926 oraculis
1486 888 1563 927 vnd
1585 889 1648 926 ihn
1672 901 1719 927 zu
1742 891 1865 927 einem

67 948 227 997 Abgott.
249 969 306 975 -—

203 1005 278 1044 Illa
307 1007 346 1042 in
380 1018 456 1054 qua
489 1011 579 1044 tunc
611 1005 810 1043 hominum
843 1007 999 1055 ingenia
1032 1005 1287 1043 versabantur
1318 1006 1516 1053 quaestio,
1562 1017 1660 1054 quae
1692 1006 1741 1044 sit
1774 1017 1866 1044 vera

68 1062 114 1101 de
145 1064 289 1102 mundo
321 1066 418 1102 ratio
462 1070 499 1102 et
539 1064 732 1112 doctrina,
773 1064 960 1113 Keplero,
1007 1066 1069 1113 qui
1104 1065 1233 1101 statim
1267 1065 1375 1101 initio
1408 1075 1476 1101 suo
1505 1064 1651 1112 judicio
1684 1069 1865 1112 uteretur,

65 1124 221 1170 gravior
243 1128 280 1160 et
301 1124 495 1171 antiquior
516 1124 601 1160 visa
624 1128 702 1169 est,
736 1135 851 1171 quam
875 1127 915 1159 ut
938 1124 975 1159 in
997 1134 1042 1160 ea
1075 1122 1276 1171 d1sputans
1299 1128 1366 1159 aut
1393 1122 1561 1170 jocando
1586 1128 1651 1160 aut
1674 1122 1864 1160 irridendo

65 1179 192 1218 locum
226 1180 405 1219 dedisset.
459 1180 586 1229 Quum
619 1182 719 1219 enim
752 1181 964 1227 Fabricius,
996 1180 1192 1227 R'oslinus‚
1227 1180 1402 1217 Feselius
1441 1180 1594 1229 aliique,
1629 1182 1692 1229 qui
1725 1183 1867 1219 veteris

69 1237 266 1277 doctrinae
298 1244 510 1277 sectatores
543 1244 671 1277 essent
710 1244 748 1277 et
780 1241 928 1277 ratione
961 1239 1227 1288 Copernicana
1259 1240 1413 1276 minime
1448 1237 1745 1287 delectarentur,
1779 1240 1869 1277 huic

67 1308 195 1335 novae
227 1299 442 1336 sententiae
474 1297 802 1344 contradicerent,
834 1297 1027 1346 Keplerus
1058 1298 1211 1334 nonnisi
1243 1299 1412 1344 graviter
1448 1297 1643 1346 respondit
1682 1303 1719 1335 et
1749 1309 1867 1346 argu-

67 1357 206 1393 mentis
239 1356 519 1394 demonstravit
549 1356 644 1393 nihil
677 1356 783 1393 dubii
823 1356 1141 1404 relinquentibus.
1204 1355 1302 1392 Nam
1342 1356 1528 1393 rationem
1563 1356 1867 1405 Copernieanam

72 1425 161 1462 „cor
195 1420 232 1452 et
263 1417 432 1452 animam
464 1417 615 1452 meam“
650 1415 774 1463 inquit
806 1426 846 1452 se
878 1426 1040 1463 semper,
1074 1413 1254 1451 omnIbus
1286 1413 1381 1451 locis
1414 1419 1449 1451 et
1474 1413 1596 1451 modis
1620 1419 1751 1452 contra
1783 1426 1868 1452 om-

68 1484 136 1510 nes
169 1472 414 1511 defensurum
448 1485 533 1511 esse
566 1478 604 1511 et
635 1484 714 1519 eOS,
749 1474 813 1521 qui
848 1472 1104 1521 Copernicum
1137 1471 1449 1520 aggrederentur,
1483 1484 1523 1510 se
1558 1472 1760 1509 habituros
1784 1484 1867 1510 esse

70 1530 334 1568 adversarium
375 1543 572 1580 nunquam
611 1530 914 1580 defatigandum.
985 1531 1203 1568 Modestius
1242 1536 1371 1567 autem
1416 1530 1607 1579 Keplerus
1647 1531 1781 1568 scribit
1819 1531 1866 1568 ad

70 1588 416 1637 Maestlinum,
450 1591 514 1638 qui
548 1591 676 1627 animo
710 1589 866 1639 quidem
899 1588 947 1626 ad
978 1590 1166 1626 rationem
1202 1588 1506 1637 Copernicanam
1539 1588 1766 1636 inclinaret,
1799 1589 1867 1627 sed

71 1659 156 1684 eum
196 1649 293 1685 inter
336 1647 540 1697 theologos
582 1647 851 1697 Tubingenses
895 1654 997 1685 stare
1030 1647 1188 1685 Terram
1228 1652 1438 1694 constaret,
1482 1658 1557 1684 non
1600 1647 1709 1684 aliter
1749 1659 1866 1696 quam

71 1705 252 1745 historice
283 1708 320 1743 in
352 1706 495 1744 scholis
528 1705 739 1744 doctrinam
785 1707 895 1755 quasi
927 1705 1013 1754 lege
1046 1707 1206 1743 vetitam
1247 1710 1409 1743 tractare
1450 1705 1610 1743 auderet
1641 1711 1678 1743 et
1709 1706 1747 1742 in
1768 1706 1865 1743 libro

70 1775 140 1801 suo
174 1764 220 1803 de
252 1766 488 1803 astronomia
521 1761 734 1818 (Epitome)
766 1766 884 1802 variis
917 1764 1152 1802 editionibus
1187 1765 1328 1801 emisso
1356 1763 1566 1801 doctrinam
1589 1763 1865 1801 Ptolemaicam

71 1822 208 1861 docere
249 1835 326 1861 non
359 1823 562 1861 desineret.
624 1823 815 1872 Keplerus
849 1822 1004 1871 quidem
1047 1833 1243 1871 nunquam
1286 1828 1447 1860 conatus
1480 1828 1558 1869 est,
1603 1823 1744 1869 virum,
1789 1834 1865 1870 quo

71 1886 186 1918 antea
217 1883 401 1930 magistro
436 1892 526 1919 usus
558 1881 694 1928 fuerat,
729 1883 784 1919 sic
816 1881 865 1918 ad
898 1893 1006 1918 suam
1039 1882 1269 1919 sententiam
1303 1880 1510 1927 deducere,
1545 1885 1586 1918 ut
1619 1892 1704 1918 eum
1736 1881 1866 1929 palam

70 1951 202 1977 secum
235 1951 392 1978 causam
415 1940 719 1989 Copernicanam
741 1940 945 1977 defendere
985 1939 1116 1986 vellet,
1150 1938 1216 1977 sed
1249 1940 1287 1975 in
1318 1938 1393 1976 hoc
1424 1940 1629 1987 acquievit,
1654 1944 1696 1976 ut
1716 1938 1867 1976 Maest-

71 1997 173 2035 linus
204 1997 363 2048 Kepleri
398 1998 703 2050 „Prodromum“
738 1998 976 2047 praefatione
1000 1998 1292 2046 comprobatum
1325 1998 1362 2034 in
1386 1997 1583 2034 doctorum
1608 1999 1866 2045 cognitionem

71 2055 283 2104 induceret,
317 2058 407 2106 quin
441 2058 556 2094 etiam
578 2056 755 2094 Rhaetiei
790 2056 836 2093 de
868 2056 1006 2093 studiis
1039 2062 1075 2094 et
1107 2056 1289 2105 operibus
1313 2056 1512 2104 Copernici
1545 2055 1771 2093 relationem
1793 2055 1865 2092 ad-

74 2114 190 2162 deret,
224 2115 290 2152 sed
324 2114 490 2164 amplius
522 2116 605 2164 ipse
637 2114 732 2152 nihil
763 2114 920 2153 faceret.
982 2114 1084 2152 Satis
1117 2116 1216 2152 enim
1249 2114 1322 2152 hoc
1355 2125 1438 2152 esse
1472 2114 1599 2160 duxit,
1642 2119 1683 2150 ut
1715 2113 1864 2151 Maest-

72 2172 192 2219 linus‚
236 2173 345 2222 cujus
384 2173 487 2222 apud
520 2173 763 2211 Lutheranos
805 2175 842 2210 in
884 2172 998 2210 rebus
1031 2174 1297 2210 astronomicis
1336 2184 1485 2210 summa
1527 2174 1737 2209 auctoritas
1770 2178 1862 2218 erat,

72 2232 146 2268 sibi
177 2243 253 2268 non
288 2232 502 2278 obsisteret,
538 2234 602 2280 qui
634 2233 820 2269 rationem
854 2231 1157 2280 Copernicanam
1188 2232 1417 2268 astronomis
1438 2231 1678 2279 probabilem
1708 2230 1866 2269 reddere

73 2294 111 2327 et
142 2291 312 2327 omnium
344 2289 545 2328 doctorum
568 2291 717 2327 animos
741 2290 789 2327 ad
811 2301 895 2327 eam
919 2294 1141 2327 convertere
1173 2289 1356 2329 studeret.
1392 2288 1696 2339 „Pythagoreos,
1728 2290 1865 2338 inquit,

73 2349 275 2385 imitemur.
337 2348 524 2386 Privatim
567 2360 637 2386 nos
677 2349 742 2397 qui
782 2348 880 2394 adit,
921 2349 1246 2386 communicemus
1286 2347 1339 2383 illi
1372 2347 1534 2385 candide
1574 2352 1742 2384 nostram
1775 2359 1865 2384 sen-

73 2407 246 2453 tentiam,
279 2406 434 2455 pnbliee
467 2412 677 2445 taceamus.
702 2438 710 2446 .
731 2436 739 2444 .
765 2437 771 2445 .
797 2438 806 2446 .
867 2406 994 2443 Nolim
1029 2412 1064 2443 te
1097 2406 1157 2444 vel
1192 2408 1229 2442 in
1262 2418 1387 2443 meam
1430 2406 1491 2443 vel
1524 2407 1560 2441 in
1594 2406 1715 2455 ipsius
1748 2406 1863 2443 etiam

72 2465 247 2502 veritatis
288 2466 452 2513 gratiam
492 2467 665 2503 inimicos
704 2466 774 2502 tibi
815 2464 1019 2502 conciliare
1064 2470 1131 2502 aut
1172 2463 1452 2501 incommodius
1499 2465 1652 2512 agere.“
1717 2463 1865 2500 Similia

76 2533 230 2571 quoque
263 2523 311 2560 ad
345 2522 626 2561 Galilaeum
657 2524 830 2572 scripsit,
865 2524 929 2571 qui
962 2534 1047 2560 cum
1081 2528 1240 2572 accepto
1273 2522 1486 2559 Prodromo
1518 2523 1662 2571 gratias
1694 2521 1862 2571 Keplero

75 2586 217 2629 ageret,
251 2582 420 2629 graviter
452 2586 686 2630 conquestus
718 2587 788 2629 est,
821 2582 858 2617 in
880 2580 996 2618 Italia
1027 2581 1134 2618 nefas
1165 2593 1249 2619 esse
1273 2580 1476 2629 Copernici
1499 2579 1709 2618 doctrinam
1730 2579 1862 2629 palam

74 2638 256 2688 profiteri.
311 2641 395 2685 (Cfr.
428 2653 464 2686 p.
493 2642 582 2686 696.)

215 2696 311 2733 Cum
352 2696 618 2734 Herwarto
661 2696 718 2734 de
757 2696 1074 2746 Hohenburg
1116 2697 1269 2745 utique,
1317 2708 1466 2734 summo
1509 2695 1668 2745 Kepleri
1713 2695 1864 2734 fautore

76 2753 350 2803 doctrinaeque
382 2754 631 2802 admiratore,
679 2756 744 2803 qui
776 2755 987 2792 Prodromo
1020 2757 1084 2791 vix
1124 2754 1226 2792 edito
1259 2754 1467 2803 Keplerum
1500 2754 1612 2801 adiit,
1655 2766 1677 2791 a
1709 2765 1785 2803 quo
1818 2754 1865 2793 de

74 2811 223 2849 Lucani
255 2813 481 2850 Pharsaliae
511 2813 598 2850 loeo
632 2812 777 2850 difficili
809 2813 1040 2861 astrologice
1073 2812 1273 2850 tractando
1316 2812 1667 2860 interpretationem
1705 2818 1863 2860 peteret,

78 2869 156 2908 alia
188 2882 283 2908 voce
316 2869 710 2920 loquiturKeplerus,
743 2870 810 2908 sed
841 2882 1032 2919 nusquam
1065 2876 1102 2908 et
1133 2870 1238 2907 nullo
1271 2870 1385 2907 modo
1419 2870 1466 2907 ab
1498 2870 1700 2908 honestate
1733 2869 1800 2907 illa
1827 2876 1865 2908 et

75 2929 267 2976 gravitate
300 2929 483 2975 decessit,
527 2940 626 2977 quae
667 2929 739 2965 viri
771 2933 948 2966 cunctum
980 2928 1173 2966 literarum
1206 2929 1475 2965 commercium
1517 2928 1662 2965 decent.
1724 2927 1863 2966 Statim

79 2987 179 3024 enim
211 2992 380 3035 paratus,
414 2987 513 3025 hanc
543 2986 719 3035 aliasque
751 2986 941 3034 ejusmodi
975 2987 1223 3034 quaestiones
1263 2985 1432 3032 solvere,
1476 2985 1541 3023 ubi
1581 2985 1708 3024 deficit
1744 2987 1863 3024 inter-

77 3048 256 3094 pretatio,
291 3051 422 3095 aperte
454 3046 710 3094 ignorantiam
741 3056 850 3082 suam
883 3043 1093 3093 profitetur,
1126 3048 1192 3081 aut
1226 3049 1374 3081 veteres
1406 3044 1608 3093 scriptores
1641 3048 1708 3082 aut
1729 3055 1863 3083 recen-

79 3105 196 3142 tiores
227 3106 497 3154 grammatieos
528 3109 565 3141 et
596 3103 799 3140 historicos
831 3114 872 3140 se
904 3113 1036 3151 parum
1070 3113 1182 3139 nosse
1206 3103 1388 3151 queritur,
1422 3101 1662 3151 conjecturas
1684 3101 1863 3153 'proponit

79 3172 125 3200 ex
155 3163 300 3213 ingenii
332 3167 369 3201 et
399 3162 686 3213 imaginationis
717 3172 866 3199 summa
897 3161 1009 3212 copia
1041 3160 1282 3211 depromtas,
1326 3160 1504 3200 omnibus
1542 3159 1707 3212 denique
1737 3161 1861 3201 modis
