2177 3408
493 152 733 193 Summarium
758 155 942 195 Historiae
967 159 1219 197 Astronomiae
1245 162 1368 199 seculo
1398 163 1492 202 XVI.
1819 165 1902 212 645

95 269 325 305 identitatem
363 271 624 317 diaphanorum
648 274 683 310 in
710 285 753 310 ea
784 280 958 320 punctum
990 279 1216 316 refractionis
1251 281 1402 316 inveniri
1427 293 1535 327 posse
1569 283 1829 328 animadverto,
1868 288 1905 319 at

95 329 198 364 circa
222 329 447 366 horizontem
478 337 515 367 et
539 333 573 369 in
601 334 672 369 situ
699 334 883 370 decliviori
916 338 961 372 ob
989 337 1269 384 duplicationem
1303 340 1402 375 illius
1437 341 1544 386 spatii
1580 352 1698 386 posse.
1747 342 1905 377 Denotet

94 387 186 421 BCD
216 388 452 431 superficiem
477 391 626 435 Terrae,
652 394 750 429 EFG
777 397 1003 440 superficiem
1029 403 1226 434 extremam
1252 400 1437 435 crassioris
1464 401 1576 445 aeris,
1610 401 1693 435 HIL
1721 400 1904 445 circulum,

97 445 132 479 in
159 456 230 490 quo
254 445 395 482 feratur
420 449 527 484 stella
551 450 672 496 aliqua
698 456 798 489 tanto
823 454 1032 498 intervallo,
1066 462 1106 492 ut
1132 456 1268 492 nullam
1302 456 1377 494 fere
1403 457 1608 494 sensibilem
1633 458 1904 504 proportionem

934 550 999 583 Fig.
1024 550 1068 577 15.

90 1635 223 1672 habeat
249 1636 293 1672 ad
318 1637 390 1673 Ac.
439 1637 551 1682 Dico,
586 1640 760 1682 punctum
785 1638 821 1673 in
857 1648 927 1683 quo
962 1637 1004 1672 fit
1035 1638 1204 1673 refractio
1239 1638 1383 1684 longius
1410 1639 1453 1674 ab
1480 1639 1577 1676 EFG
1611 1639 1763 1684 distare,
1799 1650 1907 1684 quam

93 1695 202 1730 distat
219 1695 316 1730 EFG
335 1707 356 1730 a
373 1696 478 1739 BCD,
502 1696 537 1730 h.
558 1707 589 1732 e.
616 1707 723 1740 quam
743 1697 799 1732 CF
829 1695 885 1731 vel
903 1697 978 1732 ΕΒ.
1022 1696 1168 1732 Oriatur
1194 1698 1287 1732 enim
1312 1697 1417 1733 stella
1441 1700 1477 1733 in
1497 1699 1540 1741 H,
1568 1699 1639 1733 illis
1665 1698 1777 1744 igitur
1794 1698 1910 1742 quiin

90 1754 120 1788 B
145 1753 181 1788 in
207 1754 314 1788 simili
337 1754 407 1789 loci
432 1754 622 1790 latitudine
648 1755 825 1799 habitant,
855 1754 961 1790 stella
989 1756 1055 1790 erit
1080 1756 1115 1790 in
1135 1756 1334 1791 meridiano
1357 1756 1472 1792 autin
1491 1760 1594 1791 tanta
1613 1756 1803 1791 altitudine
1822 1767 1907 1791 con·

92 1810 238 1855 stituta,
269 1816 308 1847 ut
332 1812 467 1846 nullam
493 1813 571 1857 ejus
611 1812 863 1849 refractionem
898 1813 1032 1849 sentire
1063 1815 1216 1859 possint.
1268 1815 1356 1849 Cum
1382 1815 1490 1859 igitur
1515 1825 1579 1849 nos
1605 1816 1642 1849 in
1667 1815 1692 1849 C
1719 1814 1905 1850 constituti

88 1869 340 1905 refractionem
367 1876 452 1906 tunc
478 1873 670 1907 maximam
715 1873 931 1918 sentiamus,
969 1883 1118 1908 necesse
1146 1879 1201 1908 est
1227 1878 1268 1907 ut
1294 1879 1468 1918 punctum
1493 1874 1718 1909 refractionis
1745 1875 1792 1909 sit
1816 1874 1911 1909 inter

93 1929 122 1963 Β
150 1934 186 1964 et
213 1930 238 1965 C
264 1940 306 1965 ac
335 1930 442 1965 etiam
467 1931 503 1965 in
529 1931 691 1975 longiore
718 1931 886 1967 distantia
911 1932 955 1967 ab
982 1932 1091 1977 EFG,
1119 1943 1226 1976 quam
1253 1937 1308 1967 est
1334 1933 1410 1969 ΕΒ.
1460 1932 1560 1967 Alias
1587 1933 1679 1968 enim
1706 1932 1768 1974 illi,
1795 1932 1908 1977 quiin

94 1988 122 2021 B
147 1988 329 2032 habitant,
374 1989 624 2025 retractionem
657 1991 820 2026 similiter
856 1991 1043 2025 sentirent.
1093 1991 1174 2025 Jam
1200 2000 1399 2035 assumam,
1436 1995 1475 2025 ut
1499 1995 1539 2025 tu
1564 1991 1627 2034 vis,
1653 1990 1906 2025 refractionem

92 2045 192 2081 illam
219 2046 349 2082 durare
387 2058 504 2093 usque
537 2049 583 2083 ad
610 2050 673 2085 300
698 2050 742 2084 ab
776 2049 975 2084 horizonte.
1028 2050 1298 2084 Connectantur
1330 2049 1385 2093 H,
1414 2049 1439 2084 C
1465 2054 1618 2093 puncta,
1654 2048 1721 2083 erit
1754 2048 1907 2092 angulus

93 2106 188 2141 HCF
213 2105 287 2141 fere
318 2112 439 2142 rectus
466 2109 559 2148 (cum
583 2108 643 2143 AC
668 2108 803 2144 nullam
829 2108 904 2143 fere
939 2108 1146 2143 sensibilem
1174 2108 1448 2153 proportionem
1473 2106 1604 2142 habeat
1629 2106 1675 2140 ad
1700 2107 1791 2151 AH),
1818 2117 1860 2141 ac
1879 2106 1909 2141 si

96 2169 192 2200 esset
219 2165 325 2200 CAH.
376 2166 457 2201 Jam
492 2167 725 2202 abscindatur
756 2177 862 2202 arcus
887 2166 956 2201 HK
974 2180 1019 2195 z
1037 2166 1121 2210 30⁰,
1157 2166 1309 2200 ducatur
1335 2166 1417 2209 ΚΟ,
1452 2175 1544 2209 quae
1577 2169 1676 2200 secet
1701 2165 1764 2199 EF
1790 2165 1827 2199 in
1854 2165 1906 2209 O;

94 2228 251 2268 ponatur
275 2224 439 2259 similiter
473 2225 686 2261 observator
711 2226 746 2260 in
775 2226 815 2269 S,
843 2224 901 2259 cui
925 2228 1101 2269 punctum
1126 2224 1159 2258 K
1186 2222 1294 2258 distet
1322 2223 1365 2257 ab
1392 2223 1576 2257 horizonte
1602 2223 1676 2258 29⁰.
1727 2223 1906 2266 Quoniam

95 2283 204 2326 igitur
227 2283 269 2327 is,
297 2283 358 2327 qui
382 2283 418 2318 in
446 2284 481 2325 C,
507 2283 643 2319 nullam
669 2283 831 2327 amplius
856 2282 992 2317 invenit
1016 2281 1270 2316 refractionem
1297 2291 1342 2316 ex
1370 2281 1583 2326 hypothesi,
1610 2291 1759 2316 necesse
1786 2286 1841 2316 est
1866 2286 1907 2316 ut

100 2339 238 2375 nullum
274 2341 381 2375 etiam
412 2340 637 2376 refractionis
672 2347 846 2386 punctum
879 2341 925 2377 sit
955 2339 1049 2374 inter
1074 2339 1108 2374 K
1133 2344 1169 2374 et
1196 2341 1233 2376 C.
1285 2340 1332 2374 At
1357 2340 1403 2384 is,
1440 2339 1501 2383 qui
1526 2339 1561 2373 in
1589 2339 1623 2383 S,
1650 2339 1760 2374 sentit
1785 2339 1903 2374 adhuc

97 2397 349 2434 refractionem
373 2399 498 2443 puncti
516 2399 559 2441 K,
585 2411 665 2434 cum
684 2399 729 2434 sit
747 2399 779 2434 ei
798 2399 830 2433 Κ
848 2400 884 2434 in
909 2397 1101 2434 altitudine
1119 2399 1191 2434 2³9⁰.
1235 2398 1323 2433 Cum
1349 2397 1457 2441 igitur
1475 2402 1648 2442 punctum
1673 2396 1902 2431 resi-actionis

98 2457 141 2498 ei,
167 2457 228 2501 qui
251 2456 287 2491 in
307 2457 350 2499 C,
379 2457 527 2501 jamjam
554 2457 709 2501 desierit,
737 2457 768 2491 ei
794 2467 895 2501 vero,
931 2457 993 2502 qui
1017 2457 1052 2490 in
1073 2457 1112 2501 S,
1141 2456 1258 2491 adhuc
1284 2460 1477 2501 appareat,
1508 2466 1657 2491 neccsse
1682 2460 1737 2491 est
1761 2455 1905 2491 utillud

99 2515 145 2550 sit
168 2514 205 2549 in
231 2515 364 2550 vertice
384 2514 420 2549 C.
464 2515 583 2559 Quare
608 2516 838 2551 manifestum
857 2520 921 2558 est,
948 2515 1078 2549 lineam
1098 2515 1157 2550 OC
1177 2515 1415 2549 determinare
1435 2525 1540 2558 quam
1557 2514 1719 2559 proxime
1738 2514 1904 2559 spatium,

101 2584 171 2617 quo
196 2578 371 2617 punctum
395 2572 620 2608 refractionis
645 2573 755 2608 distat
781 2574 824 2608 ab
852 2579 1014 2609 extrema
1040 2572 1230 2617 superficie
1255 2573 1347 2607 aeris
1374 2573 1578 2615 crassioris,
1605 2578 1640 2606 et
1666 2583 1771 2615 quam
1799 2571 1904 2615 longe

95 2630 186 2666 radii
211 2640 371 2665 crassum
395 2630 495 2665 illum
513 2635 629 2666 aerem
649 2631 785 2676 absque
804 2631 1020 2667 refractione
1047 2635 1238 2675 penetrare
1260 2635 1428 2675 possunt.
1463 2631 1557 2664 Dum
1590 2630 1698 2672 igitur
1724 2628 1829 2664 stella
1847 2633 1903 2664 est

101 2689 137 2724 in
162 2688 348 2724 horizonte
373 2688 410 2723 in
426 2688 470 2732 H,
497 2689 563 2723 erit
589 2694 760 2733 punctum
786 2689 1014 2725 refractionis
1041 2689 1078 2723 in
1095 2689 1138 2730 N,
1167 2689 1249 2723 dum
1275 2689 1310 2722 in
1329 2687 1380 2732 Q,
1414 2688 1480 2722 erit
1504 2691 1676 2731 punctum
1701 2686 1790 2721 illud
1807 2687 1844 2721 in
1862 2687 1904 2731 R,

100 2756 312 2792 semperque
336 2746 448 2790 magis
467 2757 508 2781 ac
525 2747 637 2790 magis
663 2748 709 2782 ad
728 2748 754 2782 C
771 2748 929 2790 accedet,
956 2751 996 2782 ut
1013 2748 1063 2782 ita
1080 2747 1116 2782 in
1133 2746 1321 2781 horizonte
1339 2757 1359 2780 a
1379 2747 1404 2780 C
1430 2745 1585 2780 omnium
1611 2744 1818 2788 longissime
1836 2745 1901 2780 ab-

100 2805 157 2840 sit.
208 2804 267 2839 Ex
292 2815 363 2849 quo
383 2803 541 2846 (Vitellio
559 2804 603 2839 X.
622 2804 690 2847 14.)
718 2805 881 2848 sequitur
904 2804 1007 2848 illud,
1034 2805 1129 2848 quod
1156 2805 1192 2838 in
1219 2803 1532 2839 observationibus
1558 2802 1746 2847 reperitur,
1774 2803 1903 2837 refrac-

101 2864 220 2898 tiones
245 2863 341 2898 circa
364 2862 586 2897 horizontem
612 2873 691 2897 esse
718 2863 874 2896 omnium
900 2862 1090 2905 maximas,
1124 2866 1251 2906 postea
1284 2872 1428 2906 semper
1459 2862 1572 2905 magis
1599 2871 1639 2895 ac
1665 2861 1777 2904 magis
1803 2861 1903 2896 dimi-

104 2922 177 2964 nui,
204 2921 318 2956 donec
341 2925 475 2965 puncto
501 2920 727 2955 refractionis
751 2920 786 2953 in
807 2919 832 2954 C
850 2921 1046 2955 constituto
1072 2930 1220 2963 prorsus
1239 2922 1466 2955 evanescant.
1509 2918 1721 2962 Quanquam
1738 2917 1774 2952 id
1793 2918 1902 2953 etiam

103 2990 184 3015 esse
209 2980 325 3024 possit
351 2989 396 3013 ex
422 2978 562 3013 diversa
587 2978 678 3012 aeris
704 2977 877 3012 crassitie.
929 2978 988 3011 Ex
1014 2977 1145 3021 quibus
1180 2977 1342 3011 omnibus
1375 2976 1720 3020 manifestissimum,
1759 2986 1825 3011 nec
1850 2976 1900 3011 di-

104 3047 208 3072 versa
233 3036 390 3072 aetheris
416 3041 451 3072 et
475 3036 568 3071 aeris
595 3035 776 3080 diaphana
802 3046 893 3079 esse,
920 3045 986 3070 nec
1011 3035 1247 3070 refractiones
1265 3034 1408 3069 aliunde
1428 3045 1535 3078 quam
1554 3044 1574 3068 a
1593 3044 1715 3069 crasso
1741 3038 1778 3069 et
1792 3045 1900 3079 vapo-

103 3106 188 3130 roso
215 3098 298 3130 aere
323 3095 465 3130 causari
495 3104 615 3139 posse.
666 3093 761 3137 Quin
786 3093 855 3129 hoc
889 3094 1023 3139 ipsum,
1059 3093 1088 3127 si
1121 3092 1209 3127 nihil
1235 3092 1351 3133 aliud,
1379 3096 1475 3127 certe
1500 3091 1663 3127 diversae
1687 3091 1723 3126 in
1749 3091 1900 3128 diversis

105 3153 194 3193 locis
219 3153 456 3190 refractiones
481 3153 688 3190 ostendunt.
739 3151 973 3190 Verissimum
999 3151 1094 3189 enim
1120 3156 1191 3194 est,
1225 3151 1283 3187 hic
1307 3161 1379 3187 non
1404 3154 1522 3186 tantas
1549 3160 1627 3186 esse
1652 3150 1899 3195 refractiones,
