<?xml version="1.0" encoding="UTF-8"?>
<!DOCTYPE html PUBLIC "-//W3C//DTD XHTML 1.0 Transitional//EN"
    "http://www.w3.org/TR/xhtml1/DTD/xhtml1-transitional.dtd">
<html xmlns="http://www.w3.org/1999/xhtml" xml:lang="en" lang="en">
 <head>
  <title>
</title>
<meta http-equiv="Content-Type" content="text/html;charset=utf-8" />
  <meta name='ocr-system' content='tesseract 3.04.00' />
  <meta name='ocr-capabilities' content='ocr_page ocr_carea ocr_par ocr_line ocrx_word'/>
</head>
<body>
  <div class='ocr_page' id='page_1' title='image "./p2operaomniaedid08kepluoft_0144.png"; bbox 0 0 2126 3388; ppageno 0'>
   <div class='ocr_carea' id='block_1_1' title="bbox 248 175 1364 228">
    <p class='ocr_par' dir='ltr' id='par_1_1' title="bbox 248 175 1364 228">
     <span class='ocr_line' id='line_1_1' title="bbox 248 175 1364 228; baseline -0.007 -1"><span class='ocrx_word' id='word_1_1' title='bbox 248 175 333 227; x_wconf 65' lang='lat'>690</span> <span class='ocrx_word' id='word_1_2' title='bbox 923 181 1006 218; x_wconf 87' lang='lat' dir='ltr'>Vita</span> <span class='ocrx_word' id='word_1_3' title='bbox 1030 182 1054 218; x_wconf 81' lang='lat' dir='ltr'>J</span> <span class='ocrx_word' id='word_1_4' title='bbox 1055 183 1179 218; x_wconf 86' lang='lat' dir='ltr'>oannis</span> <span class='ocrx_word' id='word_1_5' title='bbox 1204 175 1364 228; x_wconf 81' lang='lat' dir='ltr'>Kepleri.</span> 
     </span>
    </p>
   </div>
   <div class='ocr_carea' id='block_1_2' title="bbox 244 296 2036 1334">
    <p class='ocr_par' dir='ltr' id='par_1_2' title="bbox 246 296 2030 457">
     <span class='ocr_line' id='line_1_2' title="bbox 247 296 2030 354; baseline -0.002 -15"><span class='ocrx_word' id='word_1_6' title='bbox 247 300 415 349; x_wconf 85' lang='lat' dir='ltr'>insolita,</span> <span class='ocrx_word' id='word_1_7' title='bbox 445 299 662 346; x_wconf 83' lang='lat' dir='ltr'>morositas,</span> <span class='ocrx_word' id='word_1_8' title='bbox 694 299 762 348; x_wconf 89' lang='lat' dir='ltr'>ira,</span> <span class='ocrx_word' id='word_1_9' title='bbox 795 300 970 338; x_wconf 86' lang='lat' dir='ltr'>audacia.</span> <span class='ocrx_word' id='word_1_10' title='bbox 1025 301 1247 339; x_wconf 89' lang='lat' dir='ltr'>Ascendens</span> <span class='ocrx_word' id='word_1_11' title='bbox 1279 313 1365 340; x_wconf 89' lang='lat' dir='ltr'>cum</span> <span class='ocrx_word' id='word_1_12' title='bbox 1389 299 1512 339; x_wconf 87' lang='lat' dir='ltr'>Corde</span> <span class='ocrx_word' id='word_1_13' title='bbox 1534 296 1591 354; x_wconf 52' lang='lat' dir='ltr'>g}</span> <span class='ocrx_word' id='word_1_14' title='bbox 1612 301 1650 336; x_wconf 92' lang='lat' dir='ltr'>in</span> <span class='ocrx_word' id='word_1_15' title='bbox 1671 299 1735 348; x_wconf 73' lang='grc' dir='ltr'>Δ</span> <span class='ocrx_word' id='word_1_16' title='bbox 1770 305 1798 344; x_wconf 65' lang='grc' dir='ltr'>(ζ</span> <span class='ocrx_word' id='word_1_17' title='bbox 1836 296 1869 352; x_wconf 61' lang='grc' dir='ltr'>ζῇ</span> <span class='ocrx_word' id='word_1_18' title='bbox 1898 296 1959 352; x_wconf 62' lang='lat' dir='ltr'>Q,</span> <span class='ocrx_word' id='word_1_19' title='bbox 1992 300 2030 337; x_wconf 92' lang='lat' dir='ltr'>in</span> 
     </span>
     <span class='ocr_line' id='line_1_3' title="bbox 247 355 2030 410; baseline -0.002 -13"><span class='ocrx_word' id='word_1_20' title='bbox 247 360 295 407; x_wconf 83' lang='lat' dir='ltr'>[J</span> <span class='ocrx_word' id='word_1_21' title='bbox 317 357 363 410; x_wconf 64' lang='grc' dir='ltr'>Ω,</span> <span class='ocrx_word' id='word_1_22' title='bbox 397 363 454 397; x_wconf 87' lang='lat' dir='ltr'>est</span> <span class='ocrx_word' id='word_1_23' title='bbox 484 355 725 395; x_wconf 81' lang='lat' dir='ltr'>constellatio</span> <span class='ocrx_word' id='word_1_24' title='bbox 757 357 872 397; x_wconf 79' lang='lat' dir='ltr'>valde</span> <span class='ocrx_word' id='word_1_25' title='bbox 904 358 1123 407; x_wconf 89' lang='lat' dir='ltr'>vehemens,</span> <span class='ocrx_word' id='word_1_26' title='bbox 1155 365 1264 398; x_wconf 90' lang='lat' dir='ltr'>notat</span> <span class='ocrx_word' id='word_1_27' title='bbox 1293 358 1506 410; x_wconf 87' lang='lat' dir='ltr'>periculum</span> <span class='ocrx_word' id='word_1_28' title='bbox 1539 371 1562 396; x_wconf 93' lang='lat' dir='ltr'>a</span> <span class='ocrx_word' id='word_1_29' title='bbox 1590 358 1717 396; x_wconf 88' lang='lat' dir='ltr'>calore</span> <span class='ocrx_word' id='word_1_30' title='bbox 1748 359 1862 407; x_wconf 85' lang='lat' dir='ltr'>igneo</span> <span class='ocrx_word' id='word_1_31' title='bbox 1894 357 2030 405; x_wconf 88' lang='lat' dir='ltr'>cordis,</span> 
     </span>
     <span class='ocr_line' id='line_1_4' title="bbox 246 415 661 457; baseline -0.007 -1"><span class='ocrx_word' id='word_1_32' title='bbox 246 417 387 457; x_wconf 85' lang='lat' dir='ltr'>vulnus</span> <span class='ocrx_word' id='word_1_33' title='bbox 418 421 485 454; x_wconf 89' lang='lat' dir='ltr'>aut</span> <span class='ocrx_word' id='word_1_34' title='bbox 514 415 661 453; x_wconf 79' lang='lat' dir='ltr'><strong>febrim.</strong></span> 
     </span>
    </p>

    <p class='ocr_par' dir='ltr' id='par_1_3' title="bbox 244 473 2034 1046">
     <span class='ocr_line' id='line_1_5' title="bbox 382 473 2032 522; baseline -0.002 -10"><span class='ocrx_word' id='word_1_35' title='bbox 382 474 487 512; x_wconf 87' lang='lat' dir='ltr'><strong>Duxi</strong></span> <span class='ocrx_word' id='word_1_36' title='bbox 530 483 630 511; x_wconf 88' lang='lat' dir='ltr'>anno</span> <span class='ocrx_word' id='word_1_37' title='bbox 673 475 781 512; x_wconf 83' lang='lat'>1596</span> <span class='ocrx_word' id='word_1_38' title='bbox 822 485 981 512; x_wconf 85' lang='lat' dir='ltr'>uxorem</span> <span class='ocrx_word' id='word_1_39' title='bbox 1012 476 1066 521; x_wconf 85' lang='lat' dir='ltr'>(h.</span> <span class='ocrx_word' id='word_1_40' title='bbox 1086 488 1115 513; x_wconf 90' lang='lat' dir='ltr'>e.</span> <span class='ocrx_word' id='word_1_41' title='bbox 1135 478 1222 512; x_wconf 88' lang='lat' dir='ltr'>mihi</span> <span class='ocrx_word' id='word_1_42' title='bbox 1241 477 1443 522; x_wconf 87' lang='lat' dir='ltr'>despondi),</span> <span class='ocrx_word' id='word_1_43' title='bbox 1478 485 1548 512; x_wconf 91' lang='lat' dir='ltr'>nec</span> <span class='ocrx_word' id='word_1_44' title='bbox 1587 473 1692 511; x_wconf 88' lang='lat' dir='ltr'>aliud</span> <span class='ocrx_word' id='word_1_45' title='bbox 1738 477 1820 511; x_wconf 87' lang='lat' dir='ltr'>toto</span> <span class='ocrx_word' id='word_1_46' title='bbox 1858 473 2032 510; x_wconf 84' lang='lat' dir='ltr'>semestri</span> 
     </span>
     <span class='ocr_line' id='line_1_6' title="bbox 245 530 2031 581; baseline -0.003 -9"><span class='ocrx_word' id='word_1_47' title='bbox 245 534 359 580; x_wconf 89' lang='lat' dir='ltr'>sensi,</span> <span class='ocrx_word' id='word_1_48' title='bbox 382 531 696 570; x_wconf 88' lang='lat' dir='ltr'>confirmantibus</span> <span class='ocrx_word' id='word_1_49' title='bbox 717 543 779 569; x_wconf 89' lang='lat' dir='ltr'>me</span> <span class='ocrx_word' id='word_1_50' title='bbox 798 531 918 570; x_wconf 90' lang='lat' dir='ltr'>literis</span> <span class='ocrx_word' id='word_1_51' title='bbox 937 533 1253 581; x_wconf 87' lang='lat' dir='ltr'>gravissimorum</span> <span class='ocrx_word' id='word_1_52' title='bbox 1275 536 1456 571; x_wconf 89' lang='lat' dir='ltr'>virorum.</span> <span class='ocrx_word' id='word_1_53' title='bbox 1496 531 1644 570; x_wconf 86' lang='lat' dir='ltr'>Laetus</span> <span class='ocrx_word' id='word_1_54' title='bbox 1672 530 1768 569; x_wconf 87' lang='lat' dir='ltr'>redii</span> <span class='ocrx_word' id='word_1_55' title='bbox 1789 533 1826 568; x_wconf 93' lang='lat' dir='ltr'>in</span> <span class='ocrx_word' id='word_1_56' title='bbox 1850 530 2031 579; x_wconf 87' lang='lat' dir='ltr'>Styriam.</span> 
     </span>
     <span class='ocr_line' id='line_1_7' title="bbox 244 588 2031 638; baseline -0.003 -8"><span class='ocrx_word' id='word_1_57' title='bbox 244 590 298 630; x_wconf 89' lang='lat' dir='ltr'>Ut</span> <span class='ocrx_word' id='word_1_58' title='bbox 327 590 437 638; x_wconf 87' lang='lat' dir='ltr'>veni,</span> <span class='ocrx_word' id='word_1_59' title='bbox 478 590 632 627; x_wconf 88' lang='lat' dir='ltr'>nemine</span> <span class='ocrx_word' id='word_1_60' title='bbox 662 600 739 626; x_wconf 89' lang='lat' dir='ltr'>non</span> <span class='ocrx_word' id='word_1_61' title='bbox 770 589 1009 638; x_wconf 85' lang='lat' dir='ltr'><strong>gratulante,</strong></span> <span class='ocrx_word' id='word_1_62' title='bbox 1042 590 1136 627; x_wconf 87' lang='lat' dir='ltr'>mihi</span> <span class='ocrx_word' id='word_1_63' title='bbox 1167 596 1314 630; x_wconf 89' lang='lat' dir='ltr'>secreto</span> <span class='ocrx_word' id='word_1_64' title='bbox 1347 591 1556 637; x_wconf 90' lang='lat' dir='ltr'>indicatur,</span> <span class='ocrx_word' id='word_1_65' title='bbox 1588 601 1649 628; x_wconf 92' lang='lat' dir='ltr'>me</span> <span class='ocrx_word' id='word_1_66' title='bbox 1680 601 1798 627; x_wconf 85' lang='lat' dir='ltr'>uxore</span> <span class='ocrx_word' id='word_1_67' title='bbox 1831 588 2031 627; x_wconf 83' lang='lat' dir='ltr'>excidisse.</span> 
     </span>
     <span class='ocr_line' id='line_1_8' title="bbox 245 645 2033 699; baseline -0.002 -12"><span class='ocrx_word' id='word_1_68' title='bbox 245 649 342 699; x_wconf 89' lang='lat' dir='ltr'>Spes</span> <span class='ocrx_word' id='word_1_69' title='bbox 373 648 544 697; x_wconf 78' lang='lat' dir='ltr'>conjugii</span> <span class='ocrx_word' id='word_1_70' title='bbox 574 657 642 696; x_wconf 88' lang='lat' dir='ltr'>per</span> <span class='ocrx_word' id='word_1_71' title='bbox 671 651 853 686; x_wconf 82' lang='lat' dir='ltr'>semestre</span> <span class='ocrx_word' id='word_1_72' title='bbox 884 648 1057 686; x_wconf 85' lang='lat' dir='ltr'>radicata</span> <span class='ocrx_word' id='word_1_73' title='bbox 1089 660 1235 687; x_wconf 84' lang='lat' dir='ltr'>moram</span> <span class='ocrx_word' id='word_1_74' title='bbox 1266 650 1422 687; x_wconf 88' lang='lat' dir='ltr'>alterius</span> <span class='ocrx_word' id='word_1_75' title='bbox 1445 649 1640 687; x_wconf 86' lang='lat' dir='ltr'>semestris</span> <span class='ocrx_word' id='word_1_76' title='bbox 1662 648 1878 696; x_wconf 70' lang='lat' dir='ltr'>requisivit,</span> <span class='ocrx_word' id='word_1_77' title='bbox 1912 645 2033 683; x_wconf 87' lang='lat' dir='ltr'>donec</span> 
     </span>
     <span class='ocr_line' id='line_1_9' title="bbox 246 705 2032 756; baseline -0.002 -12"><span class='ocrx_word' id='word_1_78' title='bbox 246 718 392 744; x_wconf 81' lang='lat' dir='ltr'>rursum</span> <span class='ocrx_word' id='word_1_79' title='bbox 433 705 690 744; x_wconf 81' lang='lat' dir='ltr'>eradicaretur</span> <span class='ocrx_word' id='word_1_80' title='bbox 729 710 845 754; x_wconf 78' lang='lat' dir='ltr'>atque</span> <span class='ocrx_word' id='word_1_81' title='bbox 877 717 948 754; x_wconf 83' lang='lat' dir='ltr'>ego</span> <span class='ocrx_word' id='word_1_82' title='bbox 986 707 1138 755; x_wconf 87' lang='lat' dir='ltr'>penitus</span> <span class='ocrx_word' id='word_1_83' title='bbox 1177 708 1269 744; x_wconf 89' lang='lat' dir='ltr'>mihi</span> <span class='ocrx_word' id='word_1_84' title='bbox 1309 709 1380 756; x_wconf 89' lang='lat' dir='ltr'>ipsi</span> <span class='ocrx_word' id='word_1_85' title='bbox 1424 705 1716 756; x_wconf 81' lang='lat' dir='ltr'>persuaderem,</span> <span class='ocrx_word' id='word_1_86' title='bbox 1760 706 1903 741; x_wconf 84' lang='lat' dir='ltr'>irritam</span> <span class='ocrx_word' id='word_1_87' title='bbox 1936 716 2032 750; x_wconf 74' lang='lat' dir='ltr'>esse,</span> 
     </span>
     <span class='ocr_line' id='line_1_10' title="bbox 245 762 2033 814; baseline -0.003 -12"><span class='ocrx_word' id='word_1_88' title='bbox 245 765 440 813; x_wconf 88' lang='lat' dir='ltr'>aliamque</span> <span class='ocrx_word' id='word_1_89' title='bbox 472 765 577 801; x_wconf 74' lang='lat' dir='ltr'>vitae</span> <span class='ocrx_word' id='word_1_90' title='bbox 608 765 795 802; x_wconf 84' lang='lat' dir='ltr'>rationem</span> <span class='ocrx_word' id='word_1_91' title='bbox 829 765 972 802; x_wconf 83' lang='lat' dir='ltr'>inirem.</span> <span class='ocrx_word' id='word_1_92' title='bbox 1040 763 1111 803; x_wconf 82' lang='lat' dir='ltr'>Ubi</span> <span class='ocrx_word' id='word_1_93' title='bbox 1146 766 1389 814; x_wconf 85' lang='lat' dir='ltr'>desperatum</span> <span class='ocrx_word' id='word_1_94' title='bbox 1421 767 1576 814; x_wconf 87' lang='lat' dir='ltr'>penitus</span> <span class='ocrx_word' id='word_1_95' title='bbox 1607 770 1676 808; x_wconf 89' lang='lat' dir='ltr'>est,</span> <span class='ocrx_word' id='word_1_96' title='bbox 1708 775 1747 801; x_wconf 90' lang='lat' dir='ltr'>re</span> <span class='ocrx_word' id='word_1_97' title='bbox 1776 764 1857 811; x_wconf 87' lang='lat' dir='ltr'>jam</span> <span class='ocrx_word' id='word_1_98' title='bbox 1881 762 1929 799; x_wconf 82' lang='lat' dir='ltr'>ad</span> <span class='ocrx_word' id='word_1_99' title='bbox 1961 763 2033 798; x_wconf 91' lang='lat' dir='ltr'>mi-</span> 
     </span>
     <span class='ocr_line' id='line_1_11' title="bbox 244 821 2034 872; baseline -0.002 -13"><span class='ocrx_word' id='word_1_100' title='bbox 244 824 443 861; x_wconf 90' lang='lat' dir='ltr'>nisterium</span> <span class='ocrx_word' id='word_1_101' title='bbox 474 821 615 868; x_wconf 88' lang='lat' dir='ltr'>delata,</span> <span class='ocrx_word' id='word_1_102' title='bbox 649 832 736 859; x_wconf 87' lang='lat' dir='ltr'>ecce</span> <span class='ocrx_word' id='word_1_103' title='bbox 768 833 909 859; x_wconf 88' lang='lat' dir='ltr'>novam</span> <span class='ocrx_word' id='word_1_104' title='bbox 934 837 1185 872; x_wconf 59' lang='lat' dir='ltr'>momentus.</span> <span class='ocrx_word' id='word_1_105' title='bbox 1228 824 1353 861; x_wconf 88' lang='lat' dir='ltr'>Movit</span> <span class='ocrx_word' id='word_1_106' title='bbox 1384 824 1558 860; x_wconf 91' lang='lat' dir='ltr'>homines</span> <span class='ocrx_word' id='word_1_107' title='bbox 1590 822 1791 859; x_wconf 88' lang='lat' dir='ltr'>ministerii</span> <span class='ocrx_word' id='word_1_108' title='bbox 1823 821 2034 858; x_wconf 78' lang='lat' dir='ltr'>auctoritas</span> 
     </span>
     <span class='ocr_line' id='line_1_12' title="bbox 246 878 2033 930; baseline -0.003 -12"><span class='ocrx_word' id='word_1_109' title='bbox 246 886 283 918; x_wconf 92' lang='lat' dir='ltr'>et</span> <span class='ocrx_word' id='word_1_110' title='bbox 314 882 346 918; x_wconf 88' lang='lat' dir='ltr'>si</span> <span class='ocrx_word' id='word_1_111' title='bbox 378 883 656 930; x_wconf 83' lang='lat' dir='ltr'>comparerent,</span> <span class='ocrx_word' id='word_1_112' title='bbox 689 878 896 917; x_wconf 85' lang='lat' dir='ltr'>ludibrium</span> <span class='ocrx_word' id='word_1_113' title='bbox 929 892 1053 919; x_wconf 90' lang='lat' dir='ltr'>suum.</span> <span class='ocrx_word' id='word_1_114' title='bbox 1116 881 1254 930; x_wconf 83' lang='lat' dir='ltr'>Itaque</span> <span class='ocrx_word' id='word_1_115' title='bbox 1288 883 1460 919; x_wconf 80' lang='lat' dir='ltr'>certatim</span> <span class='ocrx_word' id='word_1_116' title='bbox 1494 892 1625 918; x_wconf 83' lang='lat' dir='ltr'>omnes</span> <span class='ocrx_word' id='word_1_117' title='bbox 1655 880 1735 928; x_wconf 83' lang='lat' dir='ltr'>jam</span> <span class='ocrx_word' id='word_1_118' title='bbox 1769 879 1924 925; x_wconf 84' lang='lat' dir='ltr'>viduae,</span> <span class='ocrx_word' id='word_1_119' title='bbox 1953 878 2033 926; x_wconf 85' lang='lat' dir='ltr'>jam</span> 
     </span>
     <span class='ocr_line' id='line_1_13' title="bbox 246 936 2033 988; baseline -0.002 -11"><span class='ocrx_word' id='word_1_120' title='bbox 246 940 417 988; x_wconf 87' lang='lat' dir='ltr'>parentis</span> <span class='ocrx_word' id='word_1_121' title='bbox 448 939 618 976; x_wconf 88' lang='lat' dir='ltr'>animum</span> <span class='ocrx_word' id='word_1_122' title='bbox 659 936 784 975; x_wconf 86' lang='lat' dir='ltr'>adorti</span> <span class='ocrx_word' id='word_1_123' title='bbox 825 949 891 975; x_wconf 89' lang='lat' dir='ltr'>eos</span> <span class='ocrx_word' id='word_1_124' title='bbox 925 947 1193 988; x_wconf 82' lang='lat' dir='ltr'>expugnarunt</span> <span class='ocrx_word' id='word_1_125' title='bbox 1235 940 1404 987; x_wconf 84' lang='lat' dir='ltr'>mihique</span> <span class='ocrx_word' id='word_1_126' title='bbox 1437 951 1559 976; x_wconf 85' lang='lat' dir='ltr'>novas</span> <span class='ocrx_word' id='word_1_127' title='bbox 1592 938 1837 975; x_wconf 79' lang='lat' dir='ltr'>confecerunt</span> <span class='ocrx_word' id='word_1_128' title='bbox 1867 938 2033 985; x_wconf 84' lang='lat' dir='ltr'>nuptias.</span> 
     </span>
     <span class='ocr_line' id='line_1_14' title="bbox 250 994 1863 1046; baseline -0.001 -12"><span class='ocrx_word' id='word_1_129' title='bbox 250 996 336 1046; x_wconf 85' lang='lat' dir='ltr'>Quo</span> <span class='ocrx_word' id='word_1_130' title='bbox 369 1008 446 1034; x_wconf 93' lang='lat' dir='ltr'>uno</span> <span class='ocrx_word' id='word_1_131' title='bbox 479 998 625 1045; x_wconf 87' lang='lat' dir='ltr'>impetu</span> <span class='ocrx_word' id='word_1_132' title='bbox 658 1002 881 1033; x_wconf 88' lang='lat' dir='ltr'>corruerunt</span> <span class='ocrx_word' id='word_1_133' title='bbox 913 999 1040 1034; x_wconf 87' lang='lat' dir='ltr'>omnia</span> <span class='ocrx_word' id='word_1_134' title='bbox 1072 1009 1156 1034; x_wconf 78' lang='lat' dir='ltr'>inea</span> <span class='ocrx_word' id='word_1_135' title='bbox 1190 998 1350 1034; x_wconf 82' lang='lat' dir='ltr'>consilia</span> <span class='ocrx_word' id='word_1_136' title='bbox 1383 997 1428 1033; x_wconf 88' lang='lat' dir='ltr'>de</span> <span class='ocrx_word' id='word_1_137' title='bbox 1461 997 1538 1034; x_wconf 88' lang='lat' dir='ltr'>alia</span> <span class='ocrx_word' id='word_1_138' title='bbox 1571 997 1650 1033; x_wconf 87' lang='lat' dir='ltr'>vita</span> <span class='ocrx_word' id='word_1_139' title='bbox 1682 994 1863 1033; x_wconf 85' lang='lat' dir='ltr'>ineunda.</span> 
     </span>
    </p>

    <p class='ocr_par' dir='ltr' id='par_1_4' title="bbox 245 1059 2036 1334">
     <span class='ocr_line' id='line_1_15' title="bbox 381 1059 2035 1105; baseline -0.002 -9"><span class='ocrx_word' id='word_1_140' title='bbox 381 1063 481 1097; x_wconf 86' lang='lat' dir='ltr'>Haec</span> <span class='ocrx_word' id='word_1_141' title='bbox 506 1060 670 1096; x_wconf 86' lang='lat' dir='ltr'>desumta</span> <span class='ocrx_word' id='word_1_142' title='bbox 701 1065 784 1095; x_wconf 90' lang='lat' dir='ltr'>sunt</span> <span class='ocrx_word' id='word_1_143' title='bbox 809 1071 851 1095; x_wconf 83' lang='lat' dir='ltr'>ex</span> <span class='ocrx_word' id='word_1_144' title='bbox 878 1062 1032 1105; x_wconf 84' lang='lat' dir='ltr'>epistola</span> <span class='ocrx_word' id='word_1_145' title='bbox 1068 1062 1113 1097; x_wconf 87' lang='lat' dir='ltr'>ad</span> <span class='ocrx_word' id='word_1_146' title='bbox 1139 1063 1369 1098; x_wconf 81' lang='lat' dir='ltr'>Maestlinum</span> <span class='ocrx_word' id='word_1_147' title='bbox 1405 1063 1489 1097; x_wconf 78' lang='lat' dir='ltr'>data</span> <span class='ocrx_word' id='word_1_148' title='bbox 1514 1062 1548 1097; x_wconf 88' lang='lat' dir='ltr'>d.</span> <span class='ocrx_word' id='word_1_149' title='bbox 1578 1063 1629 1097; x_wconf 78' lang='lat'>10.</span> <span class='ocrx_word' id='word_1_150' title='bbox 1655 1061 1778 1096; x_wconf 83' lang='lat' dir='ltr'>Febr..</span> <span class='ocrx_word' id='word_1_151' title='bbox 1815 1059 1945 1104; x_wconf 90' lang='lat' dir='ltr'>quibus</span> <span class='ocrx_word' id='word_1_152' title='bbox 1979 1059 2035 1093; x_wconf 90' lang='lat' dir='ltr'>die</span> 
     </span>
     <span class='ocr_line' id='line_1_16' title="bbox 247 1109 2036 1162; baseline -0.003 -10"><span class='ocrx_word' id='word_1_153' title='bbox 247 1117 281 1152; x_wconf 74' lang='lat'>7.</span> <span class='ocrx_word' id='word_1_154' title='bbox 307 1116 388 1150; x_wconf 84' lang='lat' dir='ltr'>Jan.</span> <span class='ocrx_word' id='word_1_155' title='bbox 414 1114 668 1159; x_wconf 86' lang='lat' dir='ltr'>praemiserat:</span> <span class='ocrx_word' id='word_1_156' title='bbox 697 1140 705 1149; x_wconf 88' lang='lat'><strong>.</strong></span> <span class='ocrx_word' id='word_1_157' title='bbox 726 1141 733 1148; x_wconf 88' lang='lat'>.</span> <span class='ocrx_word' id='word_1_158' title='bbox 755 1141 789 1148; x_wconf 89' lang='lat'>..</span> <span class='ocrx_word' id='word_1_159' title='bbox 831 1112 942 1160; x_wconf 87' lang='lat' dir='ltr'>Rogo</span> <span class='ocrx_word' id='word_1_160' title='bbox 976 1118 1017 1149; x_wconf 89' lang='lat' dir='ltr'>ut</span> <span class='ocrx_word' id='word_1_161' title='bbox 1047 1115 1249 1161; x_wconf 87' lang='lat' dir='ltr'>pecuniam</span> <span class='ocrx_word' id='word_1_162' title='bbox 1283 1115 1470 1162; x_wconf 80' lang='lat' dir='ltr'>tantisper</span> <span class='ocrx_word' id='word_1_163' title='bbox 1502 1111 1709 1158; x_wconf 84' lang='lat' dir='ltr'>custodias,</span> <span class='ocrx_word' id='word_1_164' title='bbox 1744 1110 1833 1148; x_wconf 87' lang='lat' dir='ltr'>dum</span> <span class='ocrx_word' id='word_1_165' title='bbox 1867 1109 1958 1158; x_wconf 90' lang='lat' dir='ltr'>quid</span> <span class='ocrx_word' id='word_1_166' title='bbox 1990 1121 2036 1146; x_wconf 83' lang='lat' dir='ltr'>ea</span> 
     </span>
     <span class='ocr_line' id='line_1_17' title="bbox 245 1168 2034 1219; baseline -0.003 -10"><span class='ocrx_word' id='word_1_167' title='bbox 245 1172 326 1210; x_wconf 88' lang='lat' dir='ltr'>fieri</span> <span class='ocrx_word' id='word_1_168' title='bbox 360 1171 477 1209; x_wconf 89' lang='lat' dir='ltr'>velim</span> <span class='ocrx_word' id='word_1_169' title='bbox 509 1170 729 1217; x_wconf 84' lang='lat' dir='ltr'>rescribam,</span> <span class='ocrx_word' id='word_1_170' title='bbox 762 1175 829 1207; x_wconf 89' lang='lat' dir='ltr'>aut</span> <span class='ocrx_word' id='word_1_171' title='bbox 860 1172 941 1219; x_wconf 87' lang='lat' dir='ltr'>ipse</span> <span class='ocrx_word' id='word_1_172' title='bbox 963 1170 1058 1207; x_wconf 89' lang='lat' dir='ltr'>forte</span> <span class='ocrx_word' id='word_1_173' title='bbox 1083 1172 1247 1218; x_wconf 87' lang='lat' dir='ltr'>veniam,</span> <span class='ocrx_word' id='word_1_174' title='bbox 1282 1171 1366 1208; x_wconf 90' lang='lat' dir='ltr'>Deo</span> <span class='ocrx_word' id='word_1_175' title='bbox 1389 1173 1510 1208; x_wconf 86' lang='lat' dir='ltr'>vitam</span> <span class='ocrx_word' id='word_1_176' title='bbox 1533 1170 1732 1217; x_wconf 82' lang='lat' dir='ltr'>largiente.</span> <span class='ocrx_word' id='word_1_177' title='bbox 1785 1168 1913 1206; x_wconf 85' lang='lat' dir='ltr'>Causa</span> <span class='ocrx_word' id='word_1_178' title='bbox 1935 1168 2034 1205; x_wconf 78' lang='lat' dir='ltr'>enin]</span> 
     </span>
     <span class='ocr_line' id='line_1_18' title="bbox 245 1227 2035 1276; baseline -0.003 -9"><span class='ocrx_word' id='word_1_179' title='bbox 245 1228 538 1267; x_wconf 82' lang='lat' dir='ltr'>matrimonialis</span> <span class='ocrx_word' id='word_1_180' title='bbox 570 1227 712 1276; x_wconf 87' lang='lat' dir='ltr'>pendet</span> <span class='ocrx_word' id='word_1_181' title='bbox 743 1228 781 1264; x_wconf 92' lang='lat' dir='ltr'>in</span> <span class='ocrx_word' id='word_1_182' title='bbox 807 1228 961 1276; x_wconf 88' lang='lat' dir='ltr'>justitio</span> <span class='ocrx_word' id='word_1_183' title='bbox 993 1227 1268 1266; x_wconf 81' lang='lat' dir='ltr'>ecclesiastico.</span> <span class='ocrx_word' id='word_1_184' title='bbox 1312 1228 1352 1266; x_wconf 89' lang='lat' dir='ltr'>Si</span> <span class='ocrx_word' id='word_1_185' title='bbox 1385 1228 1514 1266; x_wconf 80' lang='lat' dir='ltr'>solvar</span> <span class='ocrx_word' id='word_1_186' title='bbox 1547 1228 1719 1273; x_wconf 88' lang='lat' dir='ltr'>decrevi,</span> <span class='ocrx_word' id='word_1_187' title='bbox 1754 1233 1794 1264; x_wconf 88' lang='lat' dir='ltr'>ut</span> <span class='ocrx_word' id='word_1_188' title='bbox 1821 1237 1922 1264; x_wconf 90' lang='lat' dir='ltr'>nunc</span> <span class='ocrx_word' id='word_1_189' title='bbox 1947 1227 2035 1274; x_wconf 91' lang='lat' dir='ltr'>qui-</span> 
     </span>
     <span class='ocr_line' id='line_1_19' title="bbox 246 1285 1343 1334; baseline -0.003 -8"><span class='ocrx_word' id='word_1_190' title='bbox 246 1288 332 1326; x_wconf 89' lang='lat' dir='ltr'>dem</span> <span class='ocrx_word' id='word_1_191' title='bbox 363 1287 502 1334; x_wconf 86' lang='lat' dir='ltr'>habe0,</span> <span class='ocrx_word' id='word_1_192' title='bbox 535 1285 585 1324; x_wconf 88' lang='lat' dir='ltr'>ad</span> <span class='ocrx_word' id='word_1_193' title='bbox 618 1297 688 1323; x_wconf 92' lang='lat' dir='ltr'>vos</span> <span class='ocrx_word' id='word_1_194' title='bbox 720 1285 854 1332; x_wconf 88' lang='lat' dir='ltr'>redire,</span> <span class='ocrx_word' id='word_1_195' title='bbox 888 1287 959 1323; x_wconf 87' lang='lat' dir='ltr'>nisi</span> <span class='ocrx_word' id='word_1_196' title='bbox 994 1285 1100 1323; x_wconf 82' lang='lat' dir='ltr'>aliud</span> <span class='ocrx_word' id='word_1_197' title='bbox 1131 1288 1343 1325; x_wconf 84' lang='lat' dir='ltr'>suaseritis.</span> 
     </span>
    </p>
   </div>
   <div class='ocr_carea' id='block_1_3' title="bbox 249 1385 2040 2946">
    <p class='ocr_par' dir='ltr' id='par_1_5' title="bbox 388 1385 1899 1432">
     <span class='ocr_line' id='line_1_20' title="bbox 388 1385 1899 1432; baseline -0.002 -9"><span class='ocrx_word' id='word_1_198' title='bbox 388 1389 560 1424; x_wconf 84' lang='lat' dir='ltr'>Senatum</span> <span class='ocrx_word' id='word_1_199' title='bbox 587 1386 870 1421; x_wconf 80' lang='lat' dir='ltr'>ecclesiasticum</span> <span class='ocrx_word' id='word_1_200' title='bbox 896 1387 964 1421; x_wconf 76' lang='lat' dir='ltr'>hac</span> <span class='ocrx_word' id='word_1_201' title='bbox 988 1386 1124 1422; x_wconf 82' lang='lat' dir='ltr'>adierat</span> <span class='ocrx_word' id='word_1_202' title='bbox 1151 1388 1329 1432; x_wconf 85' lang='lat' dir='ltr'>Keplerus</span> <span class='ocrx_word' id='word_1_203' title='bbox 1355 1388 1530 1431; x_wconf 88' lang='lat' dir='ltr'>petitione</span> <span class='ocrx_word' id='word_1_204' title='bbox 1556 1387 1656 1421; x_wconf 86' lang='lat' dir='ltr'>initio</span> <span class='ocrx_word' id='word_1_205' title='bbox 1684 1385 1768 1426; x_wconf 79' lang='lat' dir='ltr'>anni</span> <span class='ocrx_word' id='word_1_206' title='bbox 1791 1386 1899 1421; x_wconf 78' lang='lat'>1597:</span> 
     </span>
    </p>

    <p class='ocr_par' dir='ltr' id='par_1_6' title="bbox 306 1446 1980 1553">
     <span class='ocr_line' id='line_1_21' title="bbox 306 1446 1980 1498; baseline -0.003 -10"><span class='ocrx_word' id='word_1_207' title='bbox 306 1449 400 1488; x_wconf 85' lang='lat' dir='ltr'>Edle</span> <span class='ocrx_word' id='word_1_208' title='bbox 433 1453 635 1498; x_wconf 86' lang='lat' dir='ltr'>gestreuge</span> <span class='ocrx_word' id='word_1_209' title='bbox 668 1446 935 1497; x_wconf 74' lang='lat' dir='ltr'>EhrwiIrdige,</span> <span class='ocrx_word' id='word_1_210' title='bbox 968 1447 1273 1496; x_wconf 67' lang='lat' dir='ltr'>Hochgelelntc,</span> <span class='ocrx_word' id='word_1_211' title='bbox 1307 1447 1514 1486; x_wconf 87' lang='lat' dir='ltr'>Insonders</span> <span class='ocrx_word' id='word_1_212' title='bbox 1546 1459 1656 1496; x_wconf 80' lang='lat' dir='ltr'>gross</span> <span class='ocrx_word' id='word_1_213' title='bbox 1689 1446 1765 1483; x_wconf 81' lang='lat' dir='ltr'>vnd</span> <span class='ocrx_word' id='word_1_214' title='bbox 1799 1447 1980 1496; x_wconf 81' lang='lat' dir='ltr'>giinstige</span> 
     </span>
     <span class='ocr_line' id='line_1_22' title="bbox 932 1506 1350 1553; baseline 0.007 -10"><span class='ocrx_word' id='word_1_215' title='bbox 932 1506 1180 1553; x_wconf 79' lang='lat' dir='ltr'>gebiettunde</span> <span class='ocrx_word' id='word_1_216' title='bbox 1212 1506 1350 1546; x_wconf 83' lang='lat' dir='ltr'>Herru.</span> 
     </span>
    </p>

    <p class='ocr_par' dir='ltr' id='par_1_7' title="bbox 249 1561 2040 2946">
     <span class='ocr_line' id='line_1_23' title="bbox 387 1561 2035 1612; baseline -0.003 -10"><span class='ocrx_word' id='word_1_217' title='bbox 387 1562 601 1602; x_wconf 71' lang='lat' dir='ltr'>Wollicher</span> <span class='ocrx_word' id='word_1_218' title='bbox 633 1574 784 1601; x_wconf 87' lang='lat' dir='ltr'>massen</span> <span class='ocrx_word' id='word_1_219' title='bbox 817 1563 895 1600; x_wconf 88' lang='lat' dir='ltr'>Eur</span> <span class='ocrx_word' id='word_1_220' title='bbox 917 1563 1024 1601; x_wconf 87' lang='lat' dir='ltr'>Vest.</span> <span class='ocrx_word' id='word_1_221' title='bbox 1060 1565 1136 1601; x_wconf 87' lang='lat' dir='ltr'>vnd</span> <span class='ocrx_word' id='word_1_222' title='bbox 1159 1564 1248 1602; x_wconf 84' lang='lat' dir='ltr'>Ehr.</span> <span class='ocrx_word' id='word_1_223' title='bbox 1282 1565 1342 1601; x_wconf 90' lang='lat' dir='ltr'>ich</span> <span class='ocrx_word' id='word_1_224' title='bbox 1378 1575 1445 1601; x_wconf 88' lang='lat' dir='ltr'>vor</span> <span class='ocrx_word' id='word_1_225' title='bbox 1478 1565 1602 1612; x_wconf 82' lang='lat' dir='ltr'>wenig</span> <span class='ocrx_word' id='word_1_226' title='bbox 1626 1563 1801 1601; x_wconf 86' lang='lat' dir='ltr'>Wochen</span> <span class='ocrx_word' id='word_1_227' title='bbox 1835 1561 1952 1599; x_wconf 87' lang='lat' dir='ltr'>durch</span> <span class='ocrx_word' id='word_1_228' title='bbox 1977 1562 2035 1598; x_wconf 83' lang='lat' dir='ltr'>ein</span> 
     </span>
     <span class='ocr_line' id='line_1_24' title="bbox 249 1619 2039 1670; baseline -0.004 -8"><span class='ocrx_word' id='word_1_229' title='bbox 249 1622 459 1662; x_wconf 87' lang='lat' dir='ltr'>Schreiben</span> <span class='ocrx_word' id='word_1_230' title='bbox 496 1622 532 1657; x_wconf 90' lang='lat' dir='ltr'>in</span> <span class='ocrx_word' id='word_1_231' title='bbox 566 1622 758 1658; x_wconf 85' lang='lat' dir='ltr'>bewuster</span> <span class='ocrx_word' id='word_1_232' title='bbox 789 1620 966 1658; x_wconf 85' lang='lat' dir='ltr'>Ehesach</span> <span class='ocrx_word' id='word_1_233' title='bbox 1010 1623 1098 1658; x_wconf 84' lang='lat' dir='ltr'>vmb</span> <span class='ocrx_word' id='word_1_234' title='bbox 1141 1624 1225 1659; x_wconf 84' lang='lat' dir='ltr'>cine</span> <span class='ocrx_word' id='word_1_235' title='bbox 1257 1622 1450 1670; x_wconf 80' lang='lat' dir='ltr'>giietliehe</span> <span class='ocrx_word' id='word_1_236' title='bbox 1491 1622 1748 1659; x_wconf 78' lang='lat' dir='ltr'>erkhantnuss</span> <span class='ocrx_word' id='word_1_237' title='bbox 1784 1619 2039 1667; x_wconf 70' lang='lat' dir='ltr'>vndertniinig</span> 
     </span>
     <span class='ocr_line' id='line_1_25' title="bbox 250 1677 2039 1728; baseline -0.003 -9"><span class='ocrx_word' id='word_1_238' title='bbox 250 1681 480 1728; x_wconf 87' lang='lat' dir='ltr'>ehrerbietig</span> <span class='ocrx_word' id='word_1_239' title='bbox 510 1680 696 1727; x_wconf 88' lang='lat' dir='ltr'>gebeten‚</span> <span class='ocrx_word' id='word_1_240' title='bbox 743 1679 852 1716; x_wconf 79' lang='lat' dir='ltr'>Ewer</span> <span class='ocrx_word' id='word_1_241' title='bbox 879 1679 992 1718; x_wconf 84' lang='lat' dir='ltr'>Vest.</span> <span class='ocrx_word' id='word_1_242' title='bbox 1027 1679 1101 1716; x_wconf 87' lang='lat' dir='ltr'>vnd</span> <span class='ocrx_word' id='word_1_243' title='bbox 1135 1680 1223 1719; x_wconf 87' lang='lat' dir='ltr'>Ehr.</span> <span class='ocrx_word' id='word_1_244' title='bbox 1265 1681 1427 1718; x_wconf 77' lang='lat' dir='ltr'>hieraust</span> <span class='ocrx_word' id='word_1_245' title='bbox 1469 1679 1587 1717; x_wconf 88' lang='lat' dir='ltr'>bedes</span> <span class='ocrx_word' id='word_1_246' title='bbox 1620 1679 1778 1717; x_wconf 73' lang='lat' dir='ltr'>&#39;l&#39;hailes</span> <span class='ocrx_word' id='word_1_247' title='bbox 1812 1679 1921 1715; x_wconf 88' lang='lat' dir='ltr'>einen</span> <span class='ocrx_word' id='word_1_248' title='bbox 1954 1677 2039 1725; x_wconf 85' lang='lat' dir='ltr'>Tag</span> 
     </span>
     <span class='ocr_line' id='line_1_26' title="bbox 251 1735 2039 1787; baseline -0.003 -9"><span class='ocrx_word' id='word_1_249' title='bbox 251 1742 454 1785; x_wconf 88' lang='lat' dir='ltr'>ernennet,</span> <span class='ocrx_word' id='word_1_250' title='bbox 500 1737 727 1785; x_wconf 79' lang='lat' dir='ltr'>Dei-selbige</span> <span class='ocrx_word' id='word_1_251' title='bbox 769 1737 851 1774; x_wconf 76' lang='lat' dir='ltr'>auss&#39;</span> <span class='ocrx_word' id='word_1_252' title='bbox 890 1737 955 1774; x_wconf 90' lang='lat' dir='ltr'>des</span> <span class='ocrx_word' id='word_1_253' title='bbox 996 1749 1118 1787; x_wconf 79' lang='lat' dir='ltr'>gegeu</span> <span class='ocrx_word' id='word_1_254' title='bbox 1151 1738 1307 1775; x_wconf 83' lang='lat' dir='ltr'>Thailss</span> <span class='ocrx_word' id='word_1_255' title='bbox 1345 1738 1537 1787; x_wconf 81' lang='lat' dir='ltr'>begehren</span> <span class='ocrx_word' id='word_1_256' title='bbox 1572 1737 1647 1774; x_wconf 88' lang='lat' dir='ltr'>vnd</span> <span class='ocrx_word' id='word_1_257' title='bbox 1679 1737 1843 1785; x_wconf 85' lang='lat' dir='ltr'>meinige</span> <span class='ocrx_word' id='word_1_258' title='bbox 1879 1735 2039 1784; x_wconf 85' lang='lat' dir='ltr'>erfolgte</span> 
     </span>
     <span class='ocr_line' id='line_1_27' title="bbox 250 1793 2037 1845; baseline -0.003 -10"><span class='ocrx_word' id='word_1_259' title='bbox 250 1796 509 1845; x_wconf 86' lang='lat' dir='ltr'>Bewilligung</span> <span class='ocrx_word' id='word_1_260' title='bbox 540 1795 598 1832; x_wconf 77' lang='lat' dir='ltr'>fiir</span> <span class='ocrx_word' id='word_1_261' title='bbox 630 1793 878 1832; x_wconf 87' lang='lat' dir='ltr'>dasselbmall</span> <span class='ocrx_word' id='word_1_262' title='bbox 910 1795 1177 1844; x_wconf 81' lang='lat' dir='ltr'>aufl&#39;gehaben,</span> <span class='ocrx_word' id='word_1_263' title='bbox 1212 1796 1322 1834; x_wconf 80' lang='lat' dir='ltr'>dafiii·</span> <span class='ocrx_word' id='word_1_264' title='bbox 1351 1797 1532 1845; x_wconf 83' lang='lat' dir='ltr'>privatim</span> <span class='ocrx_word' id='word_1_265' title='bbox 1564 1795 1785 1845; x_wconf 83' lang='lat' dir='ltr'>gehandelt,</span> <span class='ocrx_word' id='word_1_266' title='bbox 1819 1794 1884 1831; x_wconf 87' lang='lat' dir='ltr'>der</span> <span class='ocrx_word' id='word_1_267' title='bbox 1914 1805 2037 1842; x_wconf 85' lang='lat' dir='ltr'>gegen</span> 
     </span>
     <span class='ocr_line' id='line_1_28' title="bbox 251 1852 2036 1903; baseline -0.003 -11"><span class='ocrx_word' id='word_1_268' title='bbox 251 1854 365 1893; x_wconf 84' lang='lat' dir='ltr'>Thail</span> <span class='ocrx_word' id='word_1_269' title='bbox 388 1855 520 1903; x_wconf 90' lang='lat' dir='ltr'>copias</span> <span class='ocrx_word' id='word_1_270' title='bbox 549 1855 693 1890; x_wconf 87' lang='lat' dir='ltr'>meiner</span> <span class='ocrx_word' id='word_1_271' title='bbox 719 1852 992 1891; x_wconf 83' lang='lat' dir='ltr'>fundamenten</span> <span class='ocrx_word' id='word_1_272' title='bbox 1023 1854 1166 1903; x_wconf 85' lang='lat' dir='ltr'>bcgert,</span> <span class='ocrx_word' id='word_1_273' title='bbox 1191 1853 1360 1892; x_wconf 86' lang='lat' dir='ltr'>dieselbe</span> <span class='ocrx_word' id='word_1_274' title='bbox 1384 1855 1466 1892; x_wconf 83' lang='lat' dir='ltr'>auff</span> <span class='ocrx_word' id='word_1_275' title='bbox 1483 1865 1761 1903; x_wconf 85' lang='lat' dir='ltr'>genommenen</span> <span class='ocrx_word' id='word_1_276' title='bbox 1787 1853 2036 1902; x_wconf 71' lang='lat' dir='ltr'>dreytiigigen</span> 
     </span>
     <span class='ocr_line' id='line_1_29' title="bbox 252 1910 2039 1961; baseline -0.003 -10"><span class='ocrx_word' id='word_1_277' title='bbox 252 1912 427 1951; x_wconf 88' lang='lat' dir='ltr'>Bedacht</span> <span class='ocrx_word' id='word_1_278' title='bbox 457 1911 558 1949; x_wconf 88' lang='lat' dir='ltr'>ihme</span> <span class='ocrx_word' id='word_1_279' title='bbox 590 1910 726 1948; x_wconf 88' lang='lat' dir='ltr'>Thails</span> <span class='ocrx_word' id='word_1_280' title='bbox 759 1911 938 1958; x_wconf 86' lang='lat' dir='ltr'>erfolget,</span> <span class='ocrx_word' id='word_1_281' title='bbox 983 1911 1059 1948; x_wconf 87' lang='lat' dir='ltr'>vnd</span> <span class='ocrx_word' id='word_1_282' title='bbox 1090 1924 1212 1961; x_wconf 79' lang='lat' dir='ltr'>gegen</span> <span class='ocrx_word' id='word_1_283' title='bbox 1244 1912 1357 1950; x_wconf 88' lang='lat' dir='ltr'>Thail</span> <span class='ocrx_word' id='word_1_284' title='bbox 1390 1925 1490 1950; x_wconf 77' lang='lat' dir='ltr'>zwai·</span> <span class='ocrx_word' id='word_1_285' title='bbox 1522 1912 1778 1961; x_wconf 80' lang='lat' dir='ltr'>vcrsprochen</span> <span class='ocrx_word' id='word_1_286' title='bbox 1813 1913 1919 1947; x_wconf 86' lang='lat' dir='ltr'>inner</span> <span class='ocrx_word' id='word_1_287' title='bbox 1951 1910 2039 1947; x_wconf 85' lang='lat' dir='ltr'>acht</span> 
     </span>
     <span class='ocr_line' id='line_1_30' title="bbox 253 1969 2040 2020; baseline -0.002 -12"><span class='ocrx_word' id='word_1_288' title='bbox 253 1971 386 2020; x_wconf 84' lang='lat' dir='ltr'>Tagen</span> <span class='ocrx_word' id='word_1_289' title='bbox 419 1971 503 2008; x_wconf 90' lang='lat' dir='ltr'>eine</span> <span class='ocrx_word' id='word_1_290' title='bbox 535 1969 676 2007; x_wconf 88' lang='lat' dir='ltr'>andere</span> <span class='ocrx_word' id='word_1_291' title='bbox 707 1970 834 2018; x_wconf 90' lang='lat' dir='ltr'>privat</span> <span class='ocrx_word' id='word_1_292' title='bbox 856 1969 1069 2018; x_wconf 85' lang='lat' dir='ltr'>Haudluug</span> <span class='ocrx_word' id='word_1_293' title='bbox 1092 1972 1149 2007; x_wconf 85' lang='lat' dir='ltr'>ins</span> <span class='ocrx_word' id='word_1_294' title='bbox 1173 1970 1339 2008; x_wconf 85' lang='lat' dir='ltr'>Werckh</span> <span class='ocrx_word' id='word_1_295' title='bbox 1363 1971 1572 2017; x_wconf 75' lang='lat' dir='ltr'>zur-ichten,</span> <span class='ocrx_word' id='word_1_296' title='bbox 1606 1971 1698 2007; x_wconf 84' lang='lat' dir='ltr'>aber</span> <span class='ocrx_word' id='word_1_297' title='bbox 1720 1981 1796 2006; x_wconf 89' lang='lat' dir='ltr'>nun</span> <span class='ocrx_word' id='word_1_298' title='bbox 1825 1971 1875 2006; x_wconf 77' lang='lat'>14</span> <span class='ocrx_word' id='word_1_299' title='bbox 1898 1979 2040 2017; x_wconf 79' lang='lat' dir='ltr'>ganzer</span> 
     </span>
     <span class='ocr_line' id='line_1_31' title="bbox 253 2026 2038 2078; baseline -0.002 -12"><span class='ocrx_word' id='word_1_300' title='bbox 253 2029 339 2078; x_wconf 89' lang='lat' dir='ltr'>Tag</span> <span class='ocrx_word' id='word_1_301' title='bbox 370 2026 740 2075; x_wconf 85' lang='lat' dir='ltr'>stillschweigender</span> <span class='ocrx_word' id='word_1_302' title='bbox 772 2028 820 2064; x_wconf 92' lang='lat' dir='ltr'>ob</span> <span class='ocrx_word' id='word_1_303' title='bbox 854 2027 976 2065; x_wconf 87' lang='lat' dir='ltr'>denen</span> <span class='ocrx_word' id='word_1_304' title='bbox 1008 2027 1266 2065; x_wconf 80' lang='lat' dir='ltr'>fundamentis</span> <span class='ocrx_word' id='word_1_305' title='bbox 1304 2029 1384 2065; x_wconf 88' lang='lat' dir='ltr'>sich</span> <span class='ocrx_word' id='word_1_306' title='bbox 1418 2028 1750 2076; x_wconf 72' lang='lat' dir='ltr'>berathsclilaget:</span> <span class='ocrx_word' id='word_1_307' title='bbox 1800 2027 1912 2065; x_wconf 89' lang='lat' dir='ltr'>Diess</span> <span class='ocrx_word' id='word_1_308' title='bbox 1944 2026 2038 2063; x_wconf 85' lang='lat' dir='ltr'>alles</span> 
     </span>
     <span class='ocr_line' id='line_1_32' title="bbox 251 2084 2036 2134; baseline -0.002 -10"><span class='ocrx_word' id='word_1_309' title='bbox 251 2088 301 2124; x_wconf 89' lang='lat' dir='ltr'>ist</span> <span class='ocrx_word' id='word_1_310' title='bbox 332 2087 373 2124; x_wconf 82' lang='lat' dir='ltr'>E.</span> <span class='ocrx_word' id='word_1_311' title='bbox 408 2085 517 2123; x_wconf 90' lang='lat' dir='ltr'>Vest.</span> <span class='ocrx_word' id='word_1_312' title='bbox 548 2085 625 2122; x_wconf 90' lang='lat' dir='ltr'>vnd</span> <span class='ocrx_word' id='word_1_313' title='bbox 658 2085 746 2122; x_wconf 86' lang='lat' dir='ltr'>Ehr.</span> <span class='ocrx_word' id='word_1_314' title='bbox 782 2086 1060 2134; x_wconf 87' lang='lat' dir='ltr'>vnverborgen.</span> <span class='ocrx_word' id='word_1_315' title='bbox 1123 2086 1274 2124; x_wconf 90' lang='lat' dir='ltr'>Weilen</span> <span class='ocrx_word' id='word_1_316' title='bbox 1307 2087 1399 2124; x_wconf 84' lang='lat' dir='ltr'>aber</span> <span class='ocrx_word' id='word_1_317' title='bbox 1430 2087 1490 2124; x_wconf 85' lang='lat' dir='ltr'>ich</span> <span class='ocrx_word' id='word_1_318' title='bbox 1523 2086 1664 2124; x_wconf 86' lang='lat' dir='ltr'>kurzen</span> <span class='ocrx_word' id='word_1_319' title='bbox 1697 2086 1824 2134; x_wconf 82' lang='lat' dir='ltr'>Tages</span> <span class='ocrx_word' id='word_1_320' title='bbox 1857 2084 2036 2122; x_wconf 87' lang='lat' dir='ltr'>etlicher-</span> 
     </span>
     <span class='ocr_line' id='line_1_33' title="bbox 252 2142 2034 2190; baseline -0.002 -8"><span class='ocrx_word' id='word_1_321' title='bbox 252 2155 405 2182; x_wconf 87' lang='lat' dir='ltr'>massen</span> <span class='ocrx_word' id='word_1_322' title='bbox 439 2143 682 2190; x_wconf 86' lang='lat' dir='ltr'>verstanden,</span> <span class='ocrx_word' id='word_1_323' title='bbox 716 2142 784 2180; x_wconf 85' lang='lat' dir='ltr'>das</span> <span class='ocrx_word' id='word_1_324' title='bbox 816 2143 882 2181; x_wconf 89' lang='lat' dir='ltr'>der</span> <span class='ocrx_word' id='word_1_325' title='bbox 912 2144 1025 2180; x_wconf 84' lang='lat' dir='ltr'>Fraw</span> <span class='ocrx_word' id='word_1_326' title='bbox 1058 2144 1245 2182; x_wconf 86' lang='lat' dir='ltr'>Wittibeu</span> <span class='ocrx_word' id='word_1_327' title='bbox 1278 2144 1376 2180; x_wconf 83' lang='lat' dir='ltr'>Heri·</span> <span class='ocrx_word' id='word_1_328' title='bbox 1398 2144 1534 2182; x_wconf 81' lang='lat' dir='ltr'>Vatter</span> <span class='ocrx_word' id='word_1_329' title='bbox 1566 2144 1670 2181; x_wconf 84' lang='lat' dir='ltr'>nicht</span> <span class='ocrx_word' id='word_1_330' title='bbox 1701 2143 1815 2180; x_wconf 84' lang='lat' dir='ltr'>allein</span> <span class='ocrx_word' id='word_1_331' title='bbox 1838 2144 1874 2178; x_wconf 91' lang='lat' dir='ltr'>in</span> <span class='ocrx_word' id='word_1_332' title='bbox 1897 2143 2034 2179; x_wconf 84' lang='lat' dir='ltr'>kheine</span> 
     </span>
     <span class='ocr_line' id='line_1_34' title="bbox 253 2200 2036 2251; baseline -0.002 -11"><span class='ocrx_word' id='word_1_333' title='bbox 253 2204 421 2241; x_wconf 84' lang='lat' dir='ltr'>weittere</span> <span class='ocrx_word' id='word_1_334' title='bbox 460 2203 588 2250; x_wconf 84' lang='lat' dir='ltr'>privat</span> <span class='ocrx_word' id='word_1_335' title='bbox 618 2200 828 2250; x_wconf 85' lang='lat' dir='ltr'>Handlung</span> <span class='ocrx_word' id='word_1_336' title='bbox 860 2201 1056 2249; x_wconf 81' lang='lat' dir='ltr'>(sintemal</span> <span class='ocrx_word' id='word_1_337' title='bbox 1096 2213 1134 2240; x_wconf 85' lang='lat' dir='ltr'>er</span> <span class='ocrx_word' id='word_1_338' title='bbox 1175 2202 1246 2239; x_wconf 84' lang='lat' dir='ltr'>den</span> <span class='ocrx_word' id='word_1_339' title='bbox 1288 2202 1468 2251; x_wconf 78' lang='lat' dir='ltr'>Fu&#39;rgang</span> <span class='ocrx_word' id='word_1_340' title='bbox 1513 2202 1636 2240; x_wconf 86' lang='lat' dir='ltr'>dieses</span> <span class='ocrx_word' id='word_1_341' title='bbox 1676 2201 1872 2250; x_wconf 80' lang='lat' dir='ltr'>Hcyraths</span> <span class='ocrx_word' id='word_1_342' title='bbox 1914 2202 2036 2238; x_wconf 86' lang='lat' dir='ltr'>einest</span> 
     </span>
     <span class='ocr_line' id='line_1_35' title="bbox 254 2258 2034 2308; baseline -0.003 -10"><span class='ocrx_word' id='word_1_343' title='bbox 254 2259 536 2307; x_wconf 88' lang='lat' dir='ltr'>verschworen)</span> <span class='ocrx_word' id='word_1_344' title='bbox 578 2258 881 2308; x_wconf 82' lang='lat' dir='ltr'>einzuwilligen‚</span> <span class='ocrx_word' id='word_1_345' title='bbox 923 2259 1087 2296; x_wconf 82' lang='lat' dir='ltr'>sendern</span> <span class='ocrx_word' id='word_1_346' title='bbox 1130 2260 1228 2296; x_wconf 84' lang='lat' dir='ltr'>auch</span> <span class='ocrx_word' id='word_1_347' title='bbox 1269 2260 1372 2297; x_wconf 83' lang='lat' dir='ltr'>scine</span> <span class='ocrx_word' id='word_1_348' title='bbox 1405 2260 1571 2298; x_wconf 87' lang='lat' dir='ltr'>Tochter</span> <span class='ocrx_word' id='word_1_349' title='bbox 1602 2272 1671 2297; x_wconf 87' lang='lat' dir='ltr'>vor</span> <span class='ocrx_word' id='word_1_350' title='bbox 1703 2259 1788 2297; x_wconf 86' lang='lat' dir='ltr'>dem</span> <span class='ocrx_word' id='word_1_351' title='bbox 1820 2259 2034 2296; x_wconf 85' lang='lat' dir='ltr'>Ministerio</span> 
     </span>
     <span class='ocr_line' id='line_1_36' title="bbox 253 2315 2036 2370; baseline -0.002 -15"><span class='ocrx_word' id='word_1_352' title='bbox 253 2317 326 2370; x_wconf 85' lang='lat' dir='ltr'>(als</span> <span class='ocrx_word' id='word_1_353' title='bbox 357 2318 483 2355; x_wconf 87' lang='lat' dir='ltr'>scines</span> <span class='ocrx_word' id='word_1_354' title='bbox 514 2316 767 2354; x_wconf 85' lang='lat' dir='ltr'>Vermainens</span> <span class='ocrx_word' id='word_1_355' title='bbox 800 2318 1071 2365; x_wconf 81' lang='lat' dir='ltr'>incompetenti</span> <span class='ocrx_word' id='word_1_356' title='bbox 1100 2317 1248 2366; x_wconf 86' lang='lat' dir='ltr'>judice)</span> <span class='ocrx_word' id='word_1_357' title='bbox 1279 2317 1372 2355; x_wconf 83' lang='lat' dir='ltr'>aller</span> <span class='ocrx_word' id='word_1_358' title='bbox 1403 2317 1659 2367; x_wconf 81' lang='lat' dir='ltr'>Miiglichkeit</span> <span class='ocrx_word' id='word_1_359' title='bbox 1692 2316 1924 2355; x_wconf 84' lang='lat' dir='ltr'>abzuhalten</span> <span class='ocrx_word' id='word_1_360' title='bbox 1959 2315 2036 2353; x_wconf 89' lang='lat' dir='ltr'>vnd</span> 
     </span>
     <span class='ocr_line' id='line_1_37' title="bbox 254 2374 2037 2422; baseline -0.002 -8"><span class='ocrx_word' id='word_1_361' title='bbox 254 2377 337 2414; x_wconf 87' lang='lat' dir='ltr'>also</span> <span class='ocrx_word' id='word_1_362' title='bbox 369 2374 568 2413; x_wconf 83' lang='lat' dir='ltr'>allerliand</span> <span class='ocrx_word' id='word_1_363' title='bbox 602 2374 943 2422; x_wconf 67' lang='lat' dir='ltr'>Verliingerungcn</span> <span class='ocrx_word' id='word_1_364' title='bbox 984 2387 1029 2411; x_wconf 85' lang='lat' dir='ltr'>zu</span> <span class='ocrx_word' id='word_1_365' title='bbox 1062 2375 1248 2421; x_wconf 88' lang='lat' dir='ltr'>suechen,</span> <span class='ocrx_word' id='word_1_366' title='bbox 1291 2375 1390 2413; x_wconf 86' lang='lat' dir='ltr'>mich</span> <span class='ocrx_word' id='word_1_367' title='bbox 1432 2376 1551 2413; x_wconf 87' lang='lat' dir='ltr'>damit</span> <span class='ocrx_word' id='word_1_368' title='bbox 1583 2377 1814 2414; x_wconf 83' lang='lat' dir='ltr'>abzumaten</span> <span class='ocrx_word' id='word_1_369' title='bbox 1847 2374 1938 2413; x_wconf 88' lang='lat' dir='ltr'>oder</span> <span class='ocrx_word' id='word_1_370' title='bbox 1968 2376 2037 2411; x_wconf 85' lang='lat' dir='ltr'>mit</span> 
     </span>
     <span class='ocr_line' id='line_1_38' title="bbox 254 2431 2037 2481; baseline -0.002 -10"><span class='ocrx_word' id='word_1_371' title='bbox 254 2433 320 2472; x_wconf 86' lang='lat' dir='ltr'>der</span> <span class='ocrx_word' id='word_1_372' title='bbox 351 2433 478 2471; x_wconf 85' lang='lat' dir='ltr'>hohen</span> <span class='ocrx_word' id='word_1_373' title='bbox 511 2431 740 2481; x_wconf 83' lang='lat' dir='ltr'>Obrigkheit</span> <span class='ocrx_word' id='word_1_374' title='bbox 771 2444 817 2469; x_wconf 88' lang='lat' dir='ltr'>zu</span> <span class='ocrx_word' id='word_1_375' title='bbox 849 2432 1083 2470; x_wconf 83' lang='lat' dir='ltr'>schreckhen</span> <span class='ocrx_word' id='word_1_376' title='bbox 1115 2435 1310 2481; x_wconf 86' lang='lat' dir='ltr'>gesinnet,</span> <span class='ocrx_word' id='word_1_377' title='bbox 1358 2434 1458 2470; x_wconf 90' lang='lat' dir='ltr'>vnnd</span> <span class='ocrx_word' id='word_1_378' title='bbox 1499 2435 1591 2472; x_wconf 86' lang='lat' dir='ltr'>aber</span> <span class='ocrx_word' id='word_1_379' title='bbox 1632 2436 1716 2472; x_wconf 89' lang='lat' dir='ltr'>eine</span> <span class='ocrx_word' id='word_1_380' title='bbox 1747 2433 1892 2471; x_wconf 89' lang='lat' dir='ltr'>soliche</span> <span class='ocrx_word' id='word_1_381' title='bbox 1923 2433 2037 2480; x_wconf 78' lang='lat' dir='ltr'>lang-</span> 
     </span>
     <span class='ocr_line' id='line_1_39' title="bbox 252 2489 2036 2542; baseline -0.002 -12"><span class='ocrx_word' id='word_1_382' title='bbox 252 2491 424 2540; x_wconf 87' lang='lat' dir='ltr'>weilige,</span> <span class='ocrx_word' id='word_1_383' title='bbox 467 2490 567 2528; x_wconf 90' lang='lat' dir='ltr'>auch</span> <span class='ocrx_word' id='word_1_384' title='bbox 609 2489 813 2528; x_wconf 84' lang='lat' dir='ltr'>ernstliche</span> <span class='ocrx_word' id='word_1_385' title='bbox 844 2489 1056 2539; x_wconf 82' lang='lat' dir='ltr'>Handlung</span> <span class='ocrx_word' id='word_1_386' title='bbox 1096 2492 1165 2528; x_wconf 88' lang='lat' dir='ltr'>mir</span> <span class='ocrx_word' id='word_1_387' title='bbox 1205 2493 1242 2527; x_wconf 90' lang='lat' dir='ltr'>in</span> <span class='ocrx_word' id='word_1_388' title='bbox 1274 2491 1532 2542; x_wconf 84' lang='lat' dir='ltr'>Verrichtung</span> <span class='ocrx_word' id='word_1_389' title='bbox 1574 2494 1719 2530; x_wconf 84' lang='lat' dir='ltr'>meiner</span> <span class='ocrx_word' id='word_1_390' title='bbox 1750 2490 1891 2530; x_wconf 88' lang='lat' dir='ltr'>Schuel</span> <span class='ocrx_word' id='word_1_391' title='bbox 1933 2489 2036 2527; x_wconf 90' lang='lat' dir='ltr'>vund</span> 
     </span>
     <span class='ocr_line' id='line_1_40' title="bbox 254 2548 2037 2596; baseline -0.002 -9"><span class='ocrx_word' id='word_1_392' title='bbox 254 2549 518 2593; x_wconf 86' lang='lat' dir='ltr'>Lehrdienste,</span> <span class='ocrx_word' id='word_1_393' title='bbox 550 2548 786 2596; x_wconf 86' lang='lat' dir='ltr'>fortsetzung</span> <span class='ocrx_word' id='word_1_394' title='bbox 817 2549 963 2586; x_wconf 86' lang='lat' dir='ltr'>meiner</span> <span class='ocrx_word' id='word_1_395' title='bbox 994 2548 1175 2594; x_wconf 87' lang='lat' dir='ltr'>Studien,</span> <span class='ocrx_word' id='word_1_396' title='bbox 1207 2549 1425 2587; x_wconf 86' lang='lat' dir='ltr'>sonderlich</span> <span class='ocrx_word' id='word_1_397' title='bbox 1458 2551 1550 2588; x_wconf 83' lang='lat' dir='ltr'>aber</span> <span class='ocrx_word' id='word_1_398' title='bbox 1581 2552 1726 2588; x_wconf 81' lang='lat' dir='ltr'>ineincr</span> <span class='ocrx_word' id='word_1_399' title='bbox 1758 2550 1923 2588; x_wconf 75' lang='lat' dir='ltr'>alberait</span> <span class='ocrx_word' id='word_1_400' title='bbox 1955 2550 2037 2586; x_wconf 90' lang='lat' dir='ltr'>ein-</span> 
     </span>
     <span class='ocr_line' id='line_1_41' title="bbox 252 2605 2038 2656; baseline -0.002 -11"><span class='ocrx_word' id='word_1_401' title='bbox 252 2607 470 2656; x_wconf 80' lang='lat' dir='ltr'>gefallenen</span> <span class='ocrx_word' id='word_1_402' title='bbox 502 2605 898 2644; x_wconf 84' lang='lat' dir='ltr'>Leibssscliwachheit</span> <span class='ocrx_word' id='word_1_403' title='bbox 930 2606 1029 2643; x_wconf 82' lang='lat' dir='ltr'>boch</span> <span class='ocrx_word' id='word_1_404' title='bbox 1062 2606 1336 2644; x_wconf 78' lang='lat' dir='ltr'>beschwerlicli</span> <span class='ocrx_word' id='word_1_405' title='bbox 1374 2608 1448 2645; x_wconf 78' lang='lat' dir='ltr'>vud</span> <span class='ocrx_word' id='word_1_406' title='bbox 1482 2608 1702 2646; x_wconf 69' lang='lat' dir='ltr'>schiidlich:</span> <span class='ocrx_word' id='word_1_407' title='bbox 1737 2608 1826 2645; x_wconf 88' lang='lat' dir='ltr'>Alss</span> <span class='ocrx_word' id='word_1_408' title='bbox 1858 2607 2038 2656; x_wconf 80' lang='lat' dir='ltr'>gelanget</span> 
     </span>
     <span class='ocr_line' id='line_1_42' title="bbox 254 2663 2036 2714; baseline 0.001 -13"><span class='ocrx_word' id='word_1_409' title='bbox 254 2664 432 2703; x_wconf 84' lang='lat' dir='ltr'>nochmal</span> <span class='ocrx_word' id='word_1_410' title='bbox 476 2676 524 2701; x_wconf 89' lang='lat' dir='ltr'>an</span> <span class='ocrx_word' id='word_1_411' title='bbox 556 2664 598 2703; x_wconf 88' lang='lat' dir='ltr'>E.</span> <span class='ocrx_word' id='word_1_412' title='bbox 632 2663 678 2701; x_wconf 90' lang='lat' dir='ltr'>V.</span> <span class='ocrx_word' id='word_1_413' title='bbox 716 2663 790 2701; x_wconf 85' lang='lat' dir='ltr'>vnd</span> <span class='ocrx_word' id='word_1_414' title='bbox 822 2664 866 2700; x_wconf 85' lang='lat' dir='ltr'>E.</span> <span class='ocrx_word' id='word_1_415' title='bbox 910 2666 1011 2701; x_wconf 87' lang='lat' dir='ltr'>mein</span> <span class='ocrx_word' id='word_1_416' title='bbox 1051 2664 1415 2714; x_wconf 81' lang='lat' dir='ltr'>nothgedrungenes</span> <span class='ocrx_word' id='word_1_417' title='bbox 1458 2666 1608 2712; x_wconf 80' lang='lat' dir='ltr'>Pitten,</span> <span class='ocrx_word' id='word_1_418' title='bbox 1654 2667 1762 2704; x_wconf 76' lang='lat' dir='ltr'>Ewer</span> <span class='ocrx_word' id='word_1_419' title='bbox 1796 2666 1843 2702; x_wconf 86' lang='lat' dir='ltr'>V.</span> <span class='ocrx_word' id='word_1_420' title='bbox 1883 2664 1961 2701; x_wconf 87' lang='lat' dir='ltr'>vnd</span> <span class='ocrx_word' id='word_1_421' title='bbox 1995 2664 2036 2702; x_wconf 78' lang='lat' dir='ltr'>E.</span> 
     </span>
     <span class='ocr_line' id='line_1_43' title="bbox 255 2722 2038 2772; baseline -0.001 -12"><span class='ocrx_word' id='word_1_422' title='bbox 255 2722 394 2761; x_wconf 86' lang='lat' dir='ltr'>wellen</span> <span class='ocrx_word' id='word_1_423' title='bbox 426 2722 644 2760; x_wconf 85' lang='lat' dir='ltr'>vnverhofft</span> <span class='ocrx_word' id='word_1_424' title='bbox 676 2723 818 2770; x_wconf 87' lang='lat' dir='ltr'>einiger</span> <span class='ocrx_word' id='word_1_425' title='bbox 848 2723 1022 2759; x_wconf 87' lang='lat' dir='ltr'>weiterer</span> <span class='ocrx_word' id='word_1_426' title='bbox 1052 2723 1264 2771; x_wconf 83' lang='lat' dir='ltr'>giietiicher</span> <span class='ocrx_word' id='word_1_427' title='bbox 1294 2726 1421 2772; x_wconf 84' lang='lat' dir='ltr'>privat</span> <span class='ocrx_word' id='word_1_428' title='bbox 1453 2726 1669 2768; x_wconf 70' lang='lat' dir='ltr'>tractation,</span> <span class='ocrx_word' id='word_1_429' title='bbox 1702 2735 1745 2761; x_wconf 91' lang='lat' dir='ltr'>so</span> <span class='ocrx_word' id='word_1_430' title='bbox 1769 2723 1836 2760; x_wconf 90' lang='lat' dir='ltr'>vill</span> <span class='ocrx_word' id='word_1_431' title='bbox 1869 2722 2038 2761; x_wconf 88' lang='lat' dir='ltr'>dieselbe</span> 
     </span>
     <span class='ocr_line' id='line_1_44' title="bbox 255 2779 2037 2832; baseline -0.001 -15"><span class='ocrx_word' id='word_1_432' title='bbox 255 2792 388 2829; x_wconf 88' lang='lat' dir='ltr'>wegen</span> <span class='ocrx_word' id='word_1_433' title='bbox 427 2779 636 2829; x_wconf 84' lang='lat' dir='ltr'>tragenden</span> <span class='ocrx_word' id='word_1_434' title='bbox 670 2780 807 2829; x_wconf 88' lang='lat' dir='ltr'>Ampts</span> <span class='ocrx_word' id='word_1_435' title='bbox 848 2779 1031 2817; x_wconf 86' lang='lat' dir='ltr'>rechtlich</span> <span class='ocrx_word' id='word_1_436' title='bbox 1072 2781 1245 2830; x_wconf 78' lang='lat' dir='ltr'>bestiegt‚</span> <span class='ocrx_word' id='word_1_437' title='bbox 1294 2782 1368 2832; x_wconf 89' lang='lat' dir='ltr'>bey</span> <span class='ocrx_word' id='word_1_438' title='bbox 1411 2781 1476 2820; x_wconf 87' lang='lat' dir='ltr'>der</span> <span class='ocrx_word' id='word_1_439' title='bbox 1507 2783 1619 2820; x_wconf 83' lang='lat' dir='ltr'>Fraw</span> <span class='ocrx_word' id='word_1_440' title='bbox 1651 2782 1791 2819; x_wconf 87' lang='lat' dir='ltr'>Wittib</span> <span class='ocrx_word' id='word_1_441' title='bbox 1832 2782 1921 2818; x_wconf 84' lang='lat' dir='ltr'>vinb</span> <span class='ocrx_word' id='word_1_442' title='bbox 1954 2781 2037 2817; x_wconf 89' lang='lat' dir='ltr'>eine</span> 
     </span>
     <span class='ocr_line' id='line_1_45' title="bbox 257 2838 2037 2889; baseline -0.001 -15"><span class='ocrx_word' id='word_1_443' title='bbox 257 2838 434 2876; x_wconf 87' lang='lat' dir='ltr'>Antwort</span> <span class='ocrx_word' id='word_1_444' title='bbox 464 2839 546 2875; x_wconf 86' lang='lat' dir='ltr'>auff</span> <span class='ocrx_word' id='word_1_445' title='bbox 572 2839 672 2875; x_wconf 91' lang='lat' dir='ltr'>mein</span> <span class='ocrx_word' id='word_1_446' title='bbox 704 2838 1019 2887; x_wconf 84' lang='lat' dir='ltr'>zuegeschicktes</span> <span class='ocrx_word' id='word_1_447' title='bbox 1051 2838 1317 2877; x_wconf 86' lang='lat' dir='ltr'>schrifftliches</span> <span class='ocrx_word' id='word_1_448' title='bbox 1350 2839 1575 2889; x_wconf 83' lang='lat' dir='ltr'>Anbringen</span> <span class='ocrx_word' id='word_1_449' title='bbox 1606 2839 1810 2877; x_wconf 79' lang='lat' dir='ltr'>fiirderlich</span> <span class='ocrx_word' id='word_1_450' title='bbox 1841 2838 2037 2876; x_wconf 86' lang='lat' dir='ltr'>anhalten.</span> 
     </span>
     <span class='ocr_line' id='line_1_46' title="bbox 258 2895 2039 2946; baseline -0.001 -14"><span class='ocrx_word' id='word_1_451' title='bbox 258 2896 428 2933; x_wconf 84' lang='lat' dir='ltr'>Darauss</span> <span class='ocrx_word' id='word_1_452' title='bbox 461 2895 561 2933; x_wconf 90' lang='lat' dir='ltr'>dann</span> <span class='ocrx_word' id='word_1_453' title='bbox 593 2897 829 2934; x_wconf 86' lang='lat' dir='ltr'>abzunemen</span> <span class='ocrx_word' id='word_1_454' title='bbox 863 2897 943 2934; x_wconf 86' lang='lat' dir='ltr'>sein</span> <span class='ocrx_word' id='word_1_455' title='bbox 976 2895 1120 2943; x_wconf 82' lang='lat' dir='ltr'>wiirdt,</span> <span class='ocrx_word' id='word_1_456' title='bbox 1155 2898 1204 2934; x_wconf 92' lang='lat' dir='ltr'>ob</span> <span class='ocrx_word' id='word_1_457' title='bbox 1235 2909 1357 2946; x_wconf 79' lang='lat' dir='ltr'>gegen</span> <span class='ocrx_word' id='word_1_458' title='bbox 1390 2898 1503 2936; x_wconf 84' lang='lat' dir='ltr'>Thail</span> <span class='ocrx_word' id='word_1_459' title='bbox 1535 2910 1581 2936; x_wconf 87' lang='lat' dir='ltr'>zu</span> <span class='ocrx_word' id='word_1_460' title='bbox 1615 2898 1915 2946; x_wconf 88' lang='lat' dir='ltr'>compromittirn</span> <span class='ocrx_word' id='word_1_461' title='bbox 1949 2895 2039 2933; x_wconf 87' lang='lat' dir='ltr'>oder</span> 
     </span>
    </p>
   </div>
   <div class='ocr_carea' id='block_1_4' title="bbox 258 3007 2039 3190">
    <p class='ocr_par' dir='ltr' id='par_1_8' title="bbox 258 3007 2039 3190">
     <span class='ocr_line' id='line_1_47' title="bbox 258 3007 2037 3053; baseline 0.003 -14"><span class='ocrx_word' id='word_1_462' title='bbox 258 3015 427 3050; x_wconf 85' lang='lat' dir='ltr'>gezogen‚</span> <span class='ocrx_word' id='word_1_463' title='bbox 464 3007 657 3042; x_wconf 83' lang='lat' dir='ltr'>darumben</span> <span class='ocrx_word' id='word_1_464' title='bbox 694 3009 762 3043; x_wconf 83' lang='lat' dir='ltr'>&lt;lan</span> <span class='ocrx_word' id='word_1_465' title='bbox 794 3009 860 3042; x_wconf 82' lang='lat' dir='ltr'>mir·</span> <span class='ocrx_word' id='word_1_466' title='bbox 890 3008 946 3043; x_wconf 89' lang='lat' dir='ltr'>die</span> <span class='ocrx_word' id='word_1_467' title='bbox 972 3008 1290 3053; x_wconf 80' lang='lat' dir='ltr'>Haussbesserung</span> <span class='ocrx_word' id='word_1_468' title='bbox 1322 3009 1390 3043; x_wconf 75' lang='lat' dir='ltr'>vnd</span> <span class='ocrx_word' id='word_1_469' title='bbox 1421 3021 1492 3045; x_wconf 75' lang='lat' dir='ltr'>was</span> <span class='ocrx_word' id='word_1_470' title='bbox 1519 3009 1581 3044; x_wconf 85' lang='lat' dir='ltr'>der</span> <span class='ocrx_word' id='word_1_471' title='bbox 1607 3009 1813 3053; x_wconf 84' lang='lat' dir='ltr'>obrigkhait</span> <span class='ocrx_word' id='word_1_472' title='bbox 1839 3008 1955 3044; x_wconf 85' lang='lat' dir='ltr'>davon</span> <span class='ocrx_word' id='word_1_473' title='bbox 1979 3019 2037 3053; x_wconf 87' lang='lat' dir='ltr'>ge-</span> 
     </span>
     <span class='ocr_line' id='line_1_48' title="bbox 258 3051 2036 3103; baseline 0.003 -18"><span class='ocrx_word' id='word_1_474' title='bbox 258 3051 371 3103; x_wconf 64' lang='lat' dir='ltr'>h&#39;oret,</span> <span class='ocrx_word' id='word_1_475' title='bbox 397 3057 514 3097; x_wconf 85' lang='lat' dir='ltr'>sampt</span> <span class='ocrx_word' id='word_1_476' title='bbox 538 3053 812 3097; x_wconf 78' lang='lat' dir='ltr'>Vnderhaltung</span> <span class='ocrx_word' id='word_1_477' title='bbox 837 3055 970 3089; x_wconf 75' lang='lat' dir='ltr'>meinos</span> <span class='ocrx_word' id='word_1_478' title='bbox 998 3055 1278 3090; x_wconf 70' lang='lat' dir='ltr'>Stiefftochterle</span> <span class='ocrx_word' id='word_1_479' title='bbox 1305 3056 1432 3099; x_wconf 79' lang='lat' dir='ltr'>obligt:</span> <span class='ocrx_word' id='word_1_480' title='bbox 1466 3056 1538 3091; x_wconf 82' lang='lat' dir='ltr'>alss</span> <span class='ocrx_word' id='word_1_481' title='bbox 1564 3056 1709 3100; x_wconf 80' lang='lat' dir='ltr'>gelangt</span> <span class='ocrx_word' id='word_1_482' title='bbox 1734 3067 1778 3090; x_wconf 84' lang='lat' dir='ltr'>an</span> <span class='ocrx_word' id='word_1_483' title='bbox 1805 3056 1847 3091; x_wconf 89' lang='lat' dir='ltr'>E.</span> <span class='ocrx_word' id='word_1_484' title='bbox 1876 3057 1941 3091; x_wconf 83' lang='lat' dir='ltr'>Gn.</span> <span class='ocrx_word' id='word_1_485' title='bbox 1969 3061 2036 3091; x_wconf 88' lang='lat' dir='ltr'>etc.</span> 
     </span>
     <span class='ocr_line' id='line_1_49' title="bbox 260 3099 2039 3145; baseline 0.003 -14"><span class='ocrx_word' id='word_1_486' title='bbox 260 3107 354 3131; x_wconf 81' lang='lat' dir='ltr'>mein</span> <span class='ocrx_word' id='word_1_487' title='bbox 379 3099 606 3141; x_wconf 80' lang='lat' dir='ltr'>gehorsames</span> <span class='ocrx_word' id='word_1_488' title='bbox 631 3099 754 3142; x_wconf 82' lang='lat' dir='ltr'>bitten,</span> <span class='ocrx_word' id='word_1_489' title='bbox 782 3101 836 3136; x_wconf 83' lang='lat' dir='ltr'>die</span> <span class='ocrx_word' id='word_1_490' title='bbox 863 3101 988 3135; x_wconf 80' lang='lat' dir='ltr'>wollen</span> <span class='ocrx_word' id='word_1_491' title='bbox 1014 3104 1130 3136; x_wconf 86' lang='lat' dir='ltr'>mir..</span> <span class='ocrx_word' id='word_1_492' title='bbox 1153 3129 1158 3134; x_wconf 96' lang='lat'>.</span> <span class='ocrx_word' id='word_1_493' title='bbox 1180 3128 1188 3136; x_wconf 88' lang='lat'>.</span> <span class='ocrx_word' id='word_1_494' title='bbox 1213 3102 1318 3136; x_wconf 81' lang='lat' dir='ltr'>dafiir</span> <span class='ocrx_word' id='word_1_495' title='bbox 1342 3102 1420 3136; x_wconf 89' lang='lat' dir='ltr'>eine</span> <span class='ocrx_word' id='word_1_496' title='bbox 1446 3103 1594 3145; x_wconf 85' lang='lat' dir='ltr'>gewisse</span> <span class='ocrx_word' id='word_1_497' title='bbox 1621 3102 1763 3137; x_wconf 88' lang='lat' dir='ltr'>Summe</span> <span class='ocrx_word' id='word_1_498' title='bbox 1790 3102 1869 3138; x_wconf 88' lang='lat' dir='ltr'>Gelt</span> <span class='ocrx_word' id='word_1_499' title='bbox 1897 3102 2039 3137; x_wconf 77' lang='lat' dir='ltr'>verord-</span> 
     </span>
     <span class='ocr_line' id='line_1_50' title="bbox 259 3147 1667 3190; baseline 0.004 -14"><span class='ocrx_word' id='word_1_500' title='bbox 259 3153 340 3178; x_wconf 84' lang='lat' dir='ltr'>nen.</span> <span class='ocrx_word' id='word_1_501' title='bbox 388 3147 519 3177; x_wconf 82' lang='lat' dir='ltr'>Decreti</span> <span class='ocrx_word' id='word_1_502' title='bbox 544 3150 619 3178; x_wconf 88' lang='lat' dir='ltr'>sunt</span> <span class='ocrx_word' id='word_1_503' title='bbox 644 3149 683 3178; x_wconf 84' lang='lat' dir='ltr'>ad</span> <span class='ocrx_word' id='word_1_504' title='bbox 709 3150 792 3180; x_wconf 81' lang='lat' dir='ltr'>haue</span> <span class='ocrx_word' id='word_1_505' title='bbox 817 3151 1013 3190; x_wconf 86' lang='lat' dir='ltr'>petitionem</span> <span class='ocrx_word' id='word_1_506' title='bbox 1040 3152 1083 3182; x_wconf 80' lang='lat'>50</span> <span class='ocrx_word' id='word_1_507' title='bbox 1108 3150 1224 3181; x_wconf 82' lang='lat' dir='ltr'>floreni</span> <span class='ocrx_word' id='word_1_508' title='bbox 1249 3152 1283 3181; x_wconf 87' lang='lat' dir='ltr'>in</span> <span class='ocrx_word' id='word_1_509' title='bbox 1310 3152 1456 3188; x_wconf 68' lang='lat' dir='ltr'>singulos</span> <span class='ocrx_word' id='word_1_510' title='bbox 1484 3160 1597 3184; x_wconf 81' lang='lat' dir='ltr'>annos.</span> <span class='ocrx_word' id='word_1_511' title='bbox 1625 3169 1667 3173; x_wconf 85' lang='lat'>--</span> 
     </span>
    </p>
   </div>
   <div class='ocr_carea' id='block_1_5' title="bbox 2103 2930 2121 3388">
    <p class='ocr_par' dir='ltr' id='par_1_9' title="bbox 2103 2930 2121 3388">
     <span class='ocr_line' id='line_1_51' title="bbox 2103 2930 2121 3388; baseline 0 0"><span class='ocrx_word' id='word_1_512' title='bbox 2103 2930 2121 3388; x_wconf 95' lang='lat' dir='ltr'> </span> 
     </span>
    </p>
   </div>
  </div>
 </body>
</html>
