2126 3388
935 170 1036 208 1601.
1790 169 1874 214 741

77 301 197 340 sagen
229 289 292 329 die
322 290 502 330 hochzeit
531 290 609 329 hab
640 302 712 329 nur
743 301 791 329 an
824 290 999 340 speissen
1030 290 1125 342 yber
1160 294 1267 329 1000
1300 290 1337 328 ss.
1369 294 1544 340 gecostet
1575 289 1653 329 vnd
1674 301 1745 340 sey
1778 288 1877 327 doch

77 349 217 388 schlim
248 361 515 398 zugegangen.
577 349 711 388 Muess
755 348 988 396 schliessen,
1032 349 1098 387 der
1128 349 1346 387 Niednauss
1377 348 1456 387 will
1493 361 1616 387 essen.
1678 347 1773 386 Gott
1804 348 1874 386 be-

76 407 220 446 fohlen.
272 406 435 445 Griiesst
467 408 528 445 dic
549 407 692 457 Regcrl
723 407 800 445 vnd
831 408 930 445 auch
954 407 1072 446 andre
1095 407 1314 446 bekhanteu
1338 409 1374 444 in
1403 407 1468 446 der
1489 412 1595 455 statt,
1629 406 1690 445 die
1713 405 1876 444 studen-

78 471 156 514 ten‚
189 465 288 504 auch
322 465 383 504 die
415 465 595 513 Millcrin,
629 465 708 504 vnd
738 465 860 504 haltct
893 465 954 504 die
984 466 1127 516 Regerl
1157 478 1245 504 zum
1276 465 1422 515 niihen,
1462 466 1630 505 schreibt
1661 464 1760 504 auch
1792 465 1875 513 mir,

77 525 126 563 ob
158 525 215 563 sie
245 535 334 572 gros
366 525 424 562 sei
456 523 516 562 die
549 524 730 574 b1·aut.··'÷)

216 581 334 621 Gratz
367 581 439 622 den
473 586 541 622 30.
573 582 672 632 Maji
703 594 763 622 ao.
802 586 926 638 3601.

403 670 409 671 ff
812 648 818 656 ¹
879 640 923 678 Ε.
955 639 999 677 L.
1033 638 1082 679 G.

1279 696 1335 736 M.
1367 696 1539 737 Johcmn
1569 697 1735 747 Kepler.

212 825 313 869 Quae
338 834 433 859 uxor
459 823 570 858 verbo
598 824 641 858 de
667 833 707 858 re
732 821 941 867 pecuniaria
974 821 1089 865 tangit
1114 821 1151 857 in
1175 822 1288 857 literis
1316 822 1409 866 suis,
1442 822 1478 856 in
1510 822 1691 866 prioribus
1717 823 1876 868 apertius

74 884 241 919 retulisse
276 883 419 917 videtur
452 881 623 926 Keplero.
667 881 826 916 Exstant
852 880 945 915 enim
979 880 1106 915 literae
1131 880 1330 915 Joannis
1356 881 1604 926 Ericksen,
1643 881 1874 930 „domestici“

73 941 255 986 Tychonis
281 942 351 984 (cfr.
378 943 403 974 I.
432 941 530 985 655),
558 940 662 975 datae
689 940 722 974 d.
754 940 808 975 13.
834 938 945 982 ι1111111,
972 948 990 972 e
1017 938 1146 982 quibus
1174 943 1346 983 apparet,
1381 939 1596 983 Keplerum,
1630 941 1754 975 morbo
1782 938 1877 974 forte

73 999 182 1044 paulo
217 998 465 1042 fervidiorem,
507 997 625 1032 animo
658 998 799 1032 irritato
835 996 880 1031 ad
912 996 1122 1042 Tychonem
1155 997 1344 1041 scripsisse
1377 996 1420 1032 de
1452 997 1608 1041 pecunia
1639 1008 1711 1032 non
1745 997 1875 1032 soluta.

71 1058 250 1093 Ericksen
275 1056 399 1092 scribit
423 1057 485 1100 (ex
509 1061 628 1091 mente
654 1055 873 1102 Tychonis):
904 1055 1024 1098 „Quas
1050 1055 1104 1091 30.
1131 1055 1220 1100 Maji
1245 1055 1290 1090 ad
1309 1055 1501 1090 Dominum
1526 1067 1643 1091 meum
1668 1055 1876 1100 Tychonem

73 1114 204 1150 dedisti
228 1114 364 1158 literas,
391 1115 447 1150 13.
473 1114 571 1150 Junii
596 1120 693 1150 recte
721 1119 864 1150 curatas
892 1114 1032 1159 accepit
1059 1117 1094 1149 et
1121 1126 1200 1150 cum
1224 1114 1296 1159 ipsi
1322 1114 1433 1149 otium
1458 1126 1529 1150 non
1556 1115 1601 1150 sit
1621 1114 1875 1159 respondendi,

72 1172 294 1217 sponsalitiis
321 1172 414 1206 enim
442 1172 538 1207 filiae
563 1172 812 1215 Elisabethae‚
841 1182 933 1217 quae
958 1172 1123 1217 proximo
1150 1172 1207 1207 die
1234 1172 1326 1208 Solis
1354 1172 1644 1217 celebrabuntur,
1673 1172 1875 1215 distinetur,

71 1231 157 1266 1111111
182 1236 223 1266 ut
246 1231 404 1266 facerem
429 1231 598 1275 injunxit.
636 1231 749 1266 Miror
773 1234 848 1266 tam
874 1240 940 1274 ego
967 1241 1075 1275 quam
1101 1230 1172 1276 alii,
1201 1230 1299 1275 quod
1324 1235 1396 1265 tam
1422 1231 1560 1274 asperis
1587 1234 1623 1265 et
1647 1230 1876 1265 mordacibus

75 1289 194 1325 verbis
219 1290 257 1324 in
282 1300 375 1335 eum,
401 1301 473 1325 non
498 1289 591 1325 male
618 1290 796 1325 hactenus
824 1290 868 1325 de
893 1294 929 1325 te
954 1290 1120 1324 meritum
1147 1295 1181 1325 et
1205 1290 1241 1324 111
1258 1294 1446 1334 posterum
1465 1289 1582 1324 adhuc
1599 1289 1730 1324 melius
1748 1288 1878 1323 mereri

70 1352 305 1393 satagentem,
332 1347 385 1383 uti
410 1348 579 1382 volueris.
630 1348 729 1392 Quae
762 1358 873 1383 causa
904 1352 979 1383 tam
1012 1348 1222 1392 impotentis
1254 1348 1392 1382 animae
1425 1352 1461 1382 et
1485 1352 1608 1383 tantae
1642 1347 1875 1383 acerbitatis?

68 1407 197 1443 Nullas
224 1406 364 1442 scilicet
388 1407 563 1451 pecunias
590 1417 682 1441 uxor
707 1411 771 1441 tua
796 1406 938 1441 interim
972 1407 1122 1450 accepit.
1172 1406 1324 1449 Rogasti
1356 1405 1547 1441 discedens
1573 1406 1798 1451 Tychonem,
1835 1409 1876 1441 ut

68 1467 114 1501 20
138 1464 299 1500 thaleros
328 1465 365 1499 in
390 1468 452 1500 tua
477 1464 641 1499 absentia
667 1464 720 1498 illi
745 1464 906 1500 traderet
931 1465 1076 1509 quando
1102 1464 1144 1499 iis
1173 1473 1264 1508 opus
1290 1463 1458 1510 haberet,
1491 1464 1587 1509 quod
1614 1465 1650 1499 111
1676 1475 1714 1499 30
1739 1464 1876 1509 recepit

68 1523 246 1558 facturum
272 1532 422 1567 eamque
448 1522 516 1557 sibi
543 1524 829 1559 commendatam
854 1523 931 1558 fore
957 1523 1108 1559 addixit.
1152 1524 1239 1558 Cum
1264 1533 1348 1559 vero
1375 1523 1436 1558 illa
1460 1522 1580 1568 aliquo
1605 1529 1766 1568 tempore
1790 1526 1876 1567 post

67 1586 170 1617 tuum
194 1581 330 1616 abitum
355 1579 444 1615 nihil
469 1580 676 1626 indicasset,
703 1591 741 1616 se
768 1591 873 1626 egere
900 1580 975 1617 ulla
992 1582 1155 1627 pecunia,
1181 1582 1278 1617 misit
1295 1582 1407 1617 nihilo
1426 1583 1542 1617 minus
1560 1583 1605 1618 D.
1623 1582 1746 1627 Tycho
1764 1581 1875 1616 filiam

68 1652 169 1677 suam
194 1641 241 1676 ad
267 1651 345 1676 eam
370 1646 471 1675 motu
496 1640 654 1685 proprio,
682 1650 775 1686 quae
798 1640 993 1685 indicaret,
1030 1651 1068 1676 se
1095 1640 1219 1676 decem
1244 1641 1486 1676 Joaehimieos
1512 1640 1563 1675 illi
1588 1640 1820 1684 traditurum,
1845 1639 1877 1674 si

70 1700 281 1744 requireret,
307 1704 343 1733 et
368 1703 495 1743 postea
520 1698 644 1742 plures
670 1699 785 1743 primo
814 1709 957 1744 quoque
982 1703 1157 1744 tempore.
1208 1699 1327 1743 Quum
1350 1699 1505 1744 primum
1531 1698 1659 1734 deinde
1684 1709 1775 1734 uxor
1799 1703 1873 1744 tua,

69 1757 256 1802 interjecto
283 1767 399 1802 pauco
426 1760 602 1801 tempore,
629 1766 685 1791 me
709 1757 859 1801 rogavit,
886 1761 926 1792 ut
942 1768 963 1792 a
981 1757 1153 1802 Tychone
1178 1757 1369 1802 pecuniam
1396 1767 1461 1792 suo
1487 1757 1630 1792 nomine
1656 1761 1874 1802 expeterem,

71 1817 194 1852 statim
218 1826 274 1850 me
295 1815 407 1859 jussit
433 1814 557 1849 decem
582 1814 826 1850 Joachimicos
852 1814 904 1850 illi
929 1826 1131 1861 numerare,
1159 1815 1320 1860 quamvis
1347 1819 1446 1850 certo
1466 1816 1604 1860 scirem,
1632 1826 1704 1850 non
1720 1815 1874 1850 multum

68 1879 153 1911 tunc
185 1873 223 1909 in
247 1873 409 1919 pecuniis
440 1872 576 1908 residui
607 1872 753 1908 habere.
804 1874 965 1918 Cumque
1001 1878 1087 1918 post
1111 1875 1157 1910 14
1183 1885 1211 1909 c.
1237 1874 1313 1909 dies
1344 1873 1407 1907 illa
1444 1874 1561 1908 denuo
1593 1873 1687 1908 idem
1718 1882 1783 1918 per
1816 1884 1873 1908 me

67 1934 145 1969 fieri
171 1935 331 1977 cuperet,
358 1931 482 1976 Tycho
510 1941 575 1966 sex
600 1931 844 1967 Joachimicos
871 1931 903 1966 ei
927 1932 1022 1967 tradi
1046 1932 1151 1977 fecit,
1180 1932 1328 1976 addens,
1355 1942 1394 1966 se
1419 1931 1518 1966 brevi
1543 1931 1690 1966 uberius
1715 1932 1768 1967 illi
1791 1943 1873 1976 pro-

68 1996 288 2037 specturum.
337 1990 481 2024 Testari
506 1990 613 2025 etiam
637 2000 798 2034 possum,
825 1989 926 2025 illum
950 1991 1041 2026 haec
1067 1995 1209 2035 promto
1236 1991 1354 2026 animo
1382 1989 1510 2024 fecisse
1537 1999 1654 2034 neque
1681 1991 1873 2036 quicquam

68 2050 374 2090 obmurmurasse,
408 2048 462 2082 uti
496 2048 603 2083 etiam
635 2047 725 2083 alias
752 2058 830 2083 eam
855 2059 928 2083 una
954 2060 1035 2083 cum
1058 2048 1133 2083 filia
1165 2054 1240 2085 tam
1270 2048 1365 2093 ipse,
1401 2058 1509 2092 quam
1541 2059 1761 2094 gynaeceum
1793 2049 1872 2094 ejus

67 2117 264 2152 omnesque
289 2105 478 2141 domestici
502 2106 659 2140 humane
685 2105 821 2141 habent
839 2110 874 2141 et
893 2106 1034 2150 quidvis
1053 2107 1163 2142 officii
1180 2107 1335 2142 libenter
1351 2110 1551 2151 praestant.
1582 2107 1665 2142 Non
1683 2107 1871 2144 debuisses

70 2166 193 2210 itaque
217 2169 292 2200 tam
317 2165 448 2200 acriter
472 2164 509 2199 iu
534 2169 635 2199 11111111
660 2163 928 2199 benefactorem
953 2164 1198 2200 immerentem
1225 2170 1261 2200 et
1284 2164 1487 2199 inauditum
1518 2165 1641 2200 invehi
1664 2176 1706 2201 ac
1730 2170 1870 2203 veteres

66 2236 138 2260 11011
173 2225 272 2260 leves
304 2223 455 2268 injurias
486 2223 588 2258 novis
619 2223 887 2259 inconsiderate
921 2223 1160 2259 accumulare.
1210 2223 1419 2268 Aegerrime
1445 2223 1536 2268 fert,
1573 2234 1676 2260 suam
1700 2224 1808 2260 fidem
1834 2230 1870 2261 et

66 2288 213 2329 pactum
238 2282 302 2317 abs
327 2286 364 2317 te
389 2282 426 2316 in
453 2281 601 2316 dubium
629 2282 762 2318 vocari.
812 2282 867 2316 Jo.
892 2282 1045 2317 Mullero
1071 2281 1157 2317 hinc
1182 2280 1385 2316 discessuro
1413 2281 1456 2317 de
1481 2282 1626 2326 proprio
1653 2282 1760 2318 solvit
1777 2284 1872 2320 ultra

66 2353 172 2387 quam
198 2346 373 2386 sperarat,
400 2341 560 2385 quamvis
588 2341 721 2376 Caesar
747 2351 827 2375 eum
852 2341 924 2376 huc
942 2344 1090 2376 vocarat
1106 2344 1142 2375 et
1159 2339 1391 2375 honorarium
1409 2339 1618 2386 addixerat3
1644 2341 1740 2377 unde
1757 2342 1868 2386 vides,

67 2401 162 2445 quod
187 2411 260 2434 non
285 2405 358 2434 tam
392 2398 512 2433 fluxae
544 2399 591 2433 sit
622 2398 722 2442 fidei,
762 2399 814 2434 uti
848 2408 930 2434 eum
954 2397 1162 2433 insimulare
1186 2398 1337 2442 videris,
1370 2397 1469 2432 nulla
1495 2408 1605 2433 causa
1630 2399 1773 2443 subest,
1806 2411 1869 2435 cur

66 2460 164 2505 pacti
187 2459 310 2494 violati
336 2469 417 2494 eum
442 2468 602 2493 accuses.
652 2458 724 2502 Ait,
753 2458 931 2502 pactionis
957 2458 1142 2502 articulos,
1168 2468 1190 2492 a
1213 2462 1250 2492 te
1274 2457 1352 2502 ipso
1380 2458 1626 2504 conscriptos,
1654 2460 1784 2503 quibus
1808 2457 1870 2495 ille

66 2527 283 2562 responsum
308 2526 353 2551 ex
386 2520 550 2560 tempore
575 2516 611 2550 in
637 2517 798 2560 margine
824 2517 990 2552 annotari
1015 2517 1171 2559 curavit,
1209 2527 1250 2551 ea
1276 2518 1499 2562 conditione,
1525 2522 1566 2552 ut
1589 2523 1625 2553 te
1649 2529 1733 2553 mox
1757 2519 1868 2554 resol-

67 2586 170 2610 veres
195 2580 305 2619 atque
330 2584 511 2609 reversam
537 2575 606 2618 (uti
630 2574 844 2619 loquuntur)
872 2576 1094 2620 restituereS,
1120 2586 1192 2610 non
1218 2586 1298 2611 esse
1315 2577 1474 2621 plenarie
1500 2580 1581 2611 aute
1606 2581 1707 2611 tuum
1732 2576 1867 2611 disces—

68 2645 147 2669 sum
172 2636 452 2676 consummatos,
477 2642 595 2676 neque
620 2633 811 2677 quicquam
836 2633 887 2667 illi
911 2633 1103 2679 redditum,
1130 2645 1201 2678 quo
1226 2634 1292 2669 niti
1308 2639 1450 2679 posset:
1477 2635 1589 2670 nihilo
1615 2635 1731 2669 minus
1749 2635 1868 2670 omnia

69 2690 219 2726 candide
244 2694 280 2725 et
304 2689 458 2733 ingenue
482 2690 758 2736 interpretatur3
786 2691 899 2725 nihilo
924 2692 1041 2727 minus
1067 2697 1260 2727 accusatur
1284 2694 1388 2736 quasi
1408 2693 1524 2727 malae
1549 2692 1634 2727 fidei
1659 2696 1695 2727 et
1718 2693 1867 2737 promis-

68 2760 188 2784 sorum
214 2759 286 2783 non
311 2752 432 2782 tenax.
483 2748 607 2790 Cogita
638 2748 734 2792 ipse,
768 2759 840 2792 quo
868 2748 951 2792 jure
985 2750 1022 2784 id
1047 2750 1124 2785 fieri
1149 2750 1266 2794 possit
1292 2754 1327 2784 et
1354 2750 1532 2793 quomodo
1564 2754 1637 2784 tam
1662 2749 1868 2794 importuna

67 2808 178 2843 verba
202 2817 224 2841 a
248 2811 285 2840 te
310 2816 468 2849 unquam
493 2806 673 2840 meruerit.
721 2806 822 2841 Haec
848 2808 991 2842 conscio
1017 2813 1054 2843 et
1078 2808 1129 2843 310
1153 2807 1296 2842 volente
1323 2808 1494 2853 Tychone
1526 2807 1572 2842 ad
1595 2812 1633 2842 te
1658 2807 1793 2853 scribo,
1826 2812 1867 2843 ut

68 2870 104 2900 tc
128 2864 270 2910 placide
295 2864 520 2908 admoneam,
547 2873 592 2898 ne
618 2864 671 2899 tui
697 2864 876 2900 commodi
900 2865 1040 2900 sincere
1064 2868 1288 2908 satagentem
1314 2867 1350 2900 et
1374 2864 1504 2900 studiis
1530 2866 1780 2901 astronomicis
1804 2866 1867 2901 im-

207 2996 238 3040 *)
263 2998 375 3028 Verba
400 2995 526 3031 ultima,
554 2997 618 3035 „ob
645 2994 712 3026 sie“
741 2997 804 3027 etc.
830 2994 970 3026 occultis
995 2994 1123 3035 scripta
1147 2996 1224 3024 sunt
1247 2993 1364 3032 literis,
1391 2995 1512 3034 quibus
1537 3004 1616 3026 usus
1635 2999 1683 3026 est
1702 2994 1865 3036 Keplerus

73 3045 202 3085 saepius
226 3045 263 3075 in
289 3045 421 3086 scriptis
448 3044 516 3074 suis
540 3043 693 3084 privatis,
717 3043 899 3083 praecipue
925 3042 960 3071 in
985 3040 1099 3071 multis
1126 3040 1333 3079 astrologicis
1361 3042 1510 3080 judiciis.
1560 3042 1603 3074 D.
1629 3041 1709 3073 Otto
1735 3043 1864 3084 struve,

72 3091 270 3135 comparatis
295 3091 346 3123 his
373 3091 476 3130 signis
501 3091 536 3120 in
562 3090 715 3134 plurimis
733 3089 858 3121 talibus
877 3088 1126 3130 scriptionibus,
1155 3088 1322 3129 „clavenff
1351 3098 1462 3121 eorum
1480 3090 1578 3121 nobis
1597 3090 1863 3127 communicavit.
