2126 3388
931 199 1030 235 1597.
1787 198 1868 249 (391

67 318 186 367 nicht,
219 318 310 358 oder
340 319 466 358 forum
497 319 758 357 eonscientiae
790 328 860 367 gar
891 328 936 354 zu
968 316 1155 356 declinim
1187 319 1377 367 gesinnet.
1420 320 1510 359 Vnd
1542 332 1622 359 was
1654 315 1728 359 mir
1758 322 1796 360 in
1819 322 1873 361 all

70 377 176 416 diese
208 377 310 427 Weg
341 389 389 415 zu
421 377 677 426 Verkiirzung
716 376 783 414 des
815 387 992 426 process,
1037 375 1129 414 oder
1160 376 1424 428 Entledigung
1468 380 1533 418 der
1564 391 1714 429 ganzen
1746 379 1873 419 Sache

67 436 130 474 bei
173 435 238 474 der
275 436 447 475 hoheren
479 435 711 485 Obrigkheit
741 435 1017 483 amabi-ingen,
1058 434 1199 485 hiebey
1241 447 1316 473 von
1347 436 1453 474 Kiirz
1485 449 1619 487 wegen
1661 439 1761 477 auch
1794 439 1878 478 auff

67 496 169 532 mein
203 500 323 533 erstes
357 495 581 543 Anbringen
614 495 652 530 in
684 492 786 531 allen
819 493 995 530 Puneten
1027 492 1295 535 referierende.
1357 496 1468 534 Auoh
1491 496 1595 536 Euer
1615 496 1761 536 Vesten
1795 496 1874 536 vnd

71 552 161 590 Ehr.
195 553 296 590 mich
330 552 590 601 vnderth'anig
621 551 866 601 Ehrerbietig
898 551 1141 590 befehlende.

210 612 351 649 Actum
386 615 451 652 17.
483 610 574 649 Jan.
609 622 671 649 ao.
708 613 832 649 1597.

486 669 530 707 E.
564 669 611 706 G.
646 668 725 706 vnd
758 668 801 705 E.

813 724 1125 774 Vnderthaniger

844 783 1103 821 Gehorsamer

1317 843 1371 881 M.
1403 844 1576 882 Johann
1609 845 1760 895 Kepler

1389 902 1705 942 Mathematicus.

209 1001 348 1044 Quibus
374 1002 492 1036 causis
519 1006 615 1036 mota
641 1012 776 1046 sponsa
795 999 945 1045 Kepleri
970 999 1077 1034 fidem
1098 1002 1257 1046 mutarit,
1285 1014 1354 1038 non
1382 1004 1491 1048 plane
1517 1005 1652 1040 clarum
1679 1005 1755 1040 fite
1773 1017 1876 1050 prae—

70 1059 190 1094 missis
217 1065 253 1094 et
279 1060 357 1094 aliis
385 1070 476 1103 quae
503 1066 700 1104 supersunt
732 1060 776 1094 de
802 1059 869 1093 hac
904 1058 1044 1093 actione
1078 1060 1303 1095 testimoniis.
1354 1062 1526 1096 Editores
1555 1063 1680 1104 „Vitae
1705 1064 1874 1108 Kepleri“

69 1117 298 1161 (Reutlinger
324 1122 358 1152 et
383 1118 588 1159 Neuniann]
625 1118 718 1152 sicut
753 1122 789 1151 et
816 1118 1021 1152 Hanschius
1056 1118 1092 1152 in
1125 1119 1218 1153 hane
1244 1119 1419 1154 inclinant
1447 1121 1669 1166 opinionem,
1704 1121 1877 1157 familiam

69 1186 226 1220 sponsae
253 1176 385 1219 (pater,
412 1176 518 1210 Jobst
542 1175 738 1219 Miillerus‚
765 1176 1047 1212 molendinarius
1075 1182 1110 1211 et
1137 1187 1304 1221 agrorum
1331 1188 1521 1221 possessor
1555 1179 1599 1213 ad
1627 1179 1880 1221 Goessendorf,

69 1244 183 1278 prope
211 1233 383 1277 Grafflum,
411 1233 576 1268 dominus
604 1240 681 1269 erat
707 1246 726 1268 a
753 1235 928 1269 Mulileek
955 1239 990 1268 et
1017 1235 1157 1279 generis
1186 1234 1327 1278 nobilis,
1354 1235 1509 1269 testibus
1535 1236 1630 1277 viris,
1655 1247 1746 1280 quos
1772 1237 1877 1271 modo

70 1291 242 1333 diximus)
274 1292 310 1326 in
341 1292 547 1335 conjugium
580 1292 669 1327 illud
703 1293 907 1327 consentire
941 1292 1120 1334 noluisse,
1162 1293 1230 1326 nisi
1266 1293 1366 1336 prius
1399 1293 1579 1337 Keplerus
1612 1294 1758 1337 originis
1792 1305 1879 1330 suae

69 1349 296 1383 nobilitatem
323 1349 625 1394 demonstrasset,
666 1361 818 1394 eamque
850 1352 1044 1395 praecipue
1071 1351 1114 1384 ob
1141 1361 1287 1385 causam
1314 1351 1510 1395 Keplerum
1545 1352 1581 1386 in
1606 1352 1759 1397 patriam
1785 1364 1879 1388 anno

73 1407 161 1441 1595
187 1407 349 1449 rediisse,
378 1412 417 1442 ut
440 1407 531 1443 haec
568 1410 773 1444 testimonia
798 1410 1020 1454 impetraret.
1072 1409 1213 1453 Sponsa
1245 1409 1404 1443 Barbara
1428 1409 1596 1444 Mulleria
1626 1410 1741 1454 primo
1768 1416 1881 1454 nupta

70 1465 137 1499 fuit
172 1467 248 1500 viro
282 1466 454 1509 locupleti
481 1467 675 1511 Lorentio,
710 1469 771 1512 qui
799 1479 843 1503 ex
877 1479 919 1502 ea
953 1478 1046 1501 anno
1074 1468 1167 1502 1590
1193 1467 1303 1501 filiam
1330 1467 1539 1511 (Reginam)
1574 1469 1744 1512 suscepit.
1795 1469 1879 1513 Ipse

69 1523 248 1567 Keplerus
288 1524 378 1559 haec
413 1525 549 1569 scripta
584 1526 748 1570 reliquit:
782 1526 948 1573 primum
981 1522 1206 1570 conjugium
1241 1535 1326 1560 cum
1359 1523 1481 1561 divite
1514 1530 1550 1562 et
1573 1524 1777 1573 splendido
1801 1526 1878 1561 ini—

71 1585 152 1615 tum
198 1579 372 1618 durabile
415 1592 490 1617 nou
531 1582 624 1630 fuit3
667 1583 830 1620 alterum
871 1594 957 1619 cum
996 1581 1174 1618 morbido
1219 1587 1256 1618 ct
1296 1582 1568 1630 impediturum
1608 1584 1800 1620 rationum
1842 1589 1880 1620 et

69 1637 256 1675 malorum
280 1638 488 1676 liberorum
512 1647 670 1689 parente
693 1637 824 1693 (Mark
850 1640 1004 1686 Miiller⁷
1031 1639 1246 1688 Styriornm
1270 1640 1445 1677 ordinum
1472 1640 1879 1692 „Bauzahlmaister“)

69 1695 213 1732 infelix.
285 1696 457 1734 Tertium
491 1702 585 1743 (cum
612 1702 782 1745 Keplero)
822 1711 908 1737 eum
951 1699 1129 1734 maximis
1176 1699 1298 1735 turbis
1341 1699 1602 1747 conjunctum.
1675 1699 1778 1736 Nata
1821 1704 1881 1737 est

72 1765 201 1791 mense
233 1754 355 1792 Junio
392 1760 513 1794 1573.
559 1759 729 1802 Papius
757 1758 915 1802 Keplero
934 1756 1100 1800 Tubinga
1127 1757 1379 1801 Stuttgartiam
1405 1759 1552 1793 nunciat
1570 1759 1643 1802 (17.
1662 1758 1787 1802 MajU:
1817 1759 1881 1800 „D.

75 1814 375 1850 Oberndorfferus
408 1821 444 1851 et
471 1817 577 1850 Osius
605 1816 765 1860 (Gratio)
800 1816 886 1849 mihi
913 1814 1093 1857 scribunt,
1131 1825 1169 1848 se
1195 1820 1292 1848 tuam
1322 1826 1466 1850 cansam
1495 1816 1545 1850 sie
1572 1815 1707 1859 egisse,
1740 1821 1780 1851 ut
1815 1816 1880 1850 tibi

72 1883 203 1916 sponsa
233 1874 279 1907 sit
304 1879 421 1918 certa,
456 1880 591 1908 eertum
618 1874 895 1916 matrimonium,
923 1873 1028 1907 modo
1055 1877 1213 1906 matures
1249 1873 1416 1910 reditum.
1459 1873 1595 1908 Idcirco
1621 1873 1712 1918 vide,
1739 1884 1784 1908 ne
1804 1874 1880 1917 jam

70 1930 143 1965 tuis
168 1932 246 1975 ipse
281 1933 402 1966 obstes
438 1931 634 1966 commodis
667 1932 892 1966 diuturniore
929 1931 1245 1966 com1noratione.‘⁴
1299 1931 1399 1975 Quae
1432 1938 1516 1975 post
1546 1931 1699 1965 reditum
1733 1932 1881 1975 Kepleri

71 2000 184 2023 novae
213 1994 313 2023 ortae
340 1990 410 2024 sint
437 1990 638 2025 simultates
663 1990 755 2024 inter
780 1990 951 2025 familiam
978 1999 1133 2033 sponsae
1159 1993 1195 2023 et
1218 1989 1433 2033 Impurum,
1467 1989 1664 2033 nescimus,
1690 1988 1759 2023 nisi
1785 1989 1881 2033 quod

70 2048 159 2083 haec
185 2048 332 2092 Kepleri
357 2048 466 2084 verba
490 2060 563 2083 rem
591 2050 782 2083 obscuram
807 2048 1030 2092 aliquantum
1057 2047 1255 2081 illustrant:

212 2110 432 2159 Speidelius
474 2113 718 2148 matrimonio
758 2116 890 2160 aperte
933 2111 1073 2147 restitit
1110 2107 1314 2158 nlaerivnfsgug
1355 2108 1546 2157 quadam3
1587 2119 1675 2146 narn
1720 2108 1878 2146 viduam

74 2170 156 2217 ipse
189 2180 274 2206 eum
307 2169 608 2219 amplificatione
641 2181 735 2207 suae
767 2171 916 2218 gratiae
950 2169 1109 2205 arbitrio
1142 2167 1296 2216 proprio
1331 2167 1550 2204 elocaturus
1583 2172 1620 2204 et
1652 2168 1879 2205 benefacere

75 2227 191 2264 charo
225 2227 339 2265 alicui
372 2228 509 2265 voluit.
572 2228 747 2265 Zeilerus
781 2233 858 2273 est,
902 2228 938 2263 in
982 2238 1095 2275 quem
1135 2227 1301 2262 maxime
1342 2227 1467 2262 exarsi
1500 2226 1685 2262 omnium.
1749 2225 1878 2263 Causa

73 2285 288 2334 multiplex.
350 2286 480 2323 Prima
513 2288 639 2335 origo,
674 2285 777 2334 quod
807 2285 1018 2323 insolenter
1056 2295 1281 2332 usurparem
1316 2284 1444 2320 uxoris
1478 2284 1600 2331 ipsius
1633 2284 1750 2321 bona.
1814 2284 1873 2321 Ibi

70 2343 150 2391 jam
184 2344 250 2380 ille
283 2344 374 2380 mihi
408 2344 593 2393 colaphos
624 2344 895 2382 meditabatur.
959 2343 1057 2380 Mihi
1090 2354 1208 2379 causa
1235 2341 1364 2389 justa,
1406 2343 1537 2378 uxoris
1570 2341 1698 2379 dotem
1731 2347 1873 2390 petere,

74 2401 211 2438 modus
242 2402 339 2440 forte
371 2404 497 2440 minus
531 2403 734 2448 humanus,
767 2403 916 2438 irritare
947 2400 1128 2450 petendo.
1188 2399 1259 2436 Ille
1293 2411 1382 2437 vero
1417 2400 1595 2447 injustus,
1630 2402 1695 2448 qui
1727 2406 1876 2436 utrum-

74 2471 149 2507 que
182 2461 360 2507 negabat.
420 2461 475 2498 Ex
510 2473 554 2498 eo
588 2472 784 2498 accessere
823 2460 986 2508 injuriae
1020 2470 1201 2504 uxorum,
1245 2469 1331 2495 meu
1375 2457 1525 2495 dicendi
1566 2459 1874 2505 intemperantia.

76 2517 221 2554 Postea
253 2520 304 2555 rei
338 2521 568 2567 compositio
601 2522 686 2567 ipsa
722 2518 929 2567 plurimum
967 2517 1133 2565 adjuvit.
1198 2516 1490 2553 Demonstravit
1533 2515 1596 2552 ille
1639 2516 1874 2563 singularem

74 2575 318 2621 πλεονεξιαν,
363 2588 435 2625 ego
468 2577 704 2625 singularem
737 2579 831 2613 iram
863 2581 997 2613 contra
1029 2587 1126 2612 eum.
1192 2574 1287 2611 Cum
1322 2573 1487 2611 Miillero
1527 2585 1669 2610 causae
1703 2572 1873 2610 eaedem.

74 2633 183 2670 Illius
226 2633 366 2682 injuria
398 2636 434 2670 in
467 2647 527 2672 me
560 2634 840 2672 contemnendo
882 2634 943 2670 vel
977 2632 1194 2681 carpcud0‚
1237 2643 1337 2679 quae
1380 2643 1505 2668 meam
1546 2643 1612 2678 per
1653 2632 1874 2678 opinionem

76 2691 198 2739 major
230 2692 311 2737 suit,
345 2704 459 2739 quam
493 2704 531 2729 re
564 2694 659 2740 ipsa.
721 2692 860 2728 Filiam
903 2693 1120 2740 privignam
1163 2689 1345 2726 seducere
1378 2696 1416 2726 et
1449 2688 1670 2725 abalienare
1704 2688 1872 2725 volebat.

75 2749 160 2787 Hoc
191 2750 407 2797 pertinebat
438 2749 485 2786 ad
519 2762 643 2787 meam
678 2750 869 2796 injuriam,
904 2755 1037 2786 contra
1059 2759 1129 2796 ego
1152 2749 1230 2784 irae
1253 2748 1467 2784 acerbitate
1491 2747 1703 2793 provocavi
1735 2747 1872 2794 ipsum,

74 2813 116 2845 ut
148 2807 241 2844 mihi
273 2814 443 2845 extrema
484 2819 661 2855 quaeque
700 2808 951 2843 minitaretur.
1014 2806 1109 2842 Cum
1142 2806 1257 2841 fratre
1301 2815 1418 2840 eausa
1448 2805 1554 2840 rixae
1596 2805 1718 2851 primo
1753 2805 1873 2852 ipsius

76 2868 228 2903 vanitas
260 2877 426 2912 morum,
461 2865 599 2903 deinde
632 2877 717 2901 mea
748 2863 1053 2912 reprehendendi
1086 2861 1223 2907 libido,
1264 2862 1385 2909 ipsius
1426 2860 1631 2898 immodica
1661 2862 1871 2910 postulata,

75 2936 160 2961 mea
193 2926 395 2962 tenacitas,
424 2946 473 2951 —
507 2927 567 2969 (Ex
596 2927 789 2965 „thamarim
820 2926 1054 2965 descriptione,
1082 2925 1280 2953 ‹·.‹=nei11nata
1307 2924 1368 2953 hoc
1394 2923 1508 2953 eodem
1534 2933 1621 2953 anno
1651 2925 1767 2964 1597.)

212 2990 305 3024 Dum
332 2989 506 3033 epistolae
531 2988 679 3032 Kepleri
704 2998 877 3022 annorum
899 2987 986 3021 1595
1013 2990 1048 3020 et
1070 2987 1156 3021 1596
1182 2985 1318 3028 majore
1344 2995 1388 3018 ex
1414 2991 1516 3028 parte
1542 2984 1585 3018 de
1612 2985 1872 3020 conscribendo

75 3051 111 3082 et
135 3046 272 3081 edendo
298 3047 506 3083 Prodromo
533 3050 654 3091 agunt,
681 3046 749 3080 hoc
775 3056 868 3079 anno
896 3044 1073 3088 Keplerus
1100 3043 1143 3077 de
1163 3043 1395 3078 distractione
1422 3042 1513 3083 libri⁷
1541 3042 1585 3076 de
1604 3042 1780 3077 sumtibus
1806 3054 1872 3087 pro

76 3111 175 3150 typo,
204 3105 247 3138 de
276 3115 406 3149 „opere
432 3107 623 3148 argenteo“
652 3107 688 3138 et
713 3103 756 3138 de
782 3103 825 3137 iis
852 3113 930 3137 cum
949 3102 1046 3136 Mae
1059 3101 1203 3135 stlino
1231 3100 1385 3141 disserit,
1411 3110 1504 3143 quae
1520 3100 1579 3134 ille
1597 3099 1688 3135 libro
1707 3101 1872 3136 addenda

77 3168 113 3196 et
136 3163 172 3196 in
197 3163 439 3206 manuscripto
466 3161 677 3205 corrigenda
703 3164 903 3196 censuerat.
957 3159 1027 3194 s'fr.
1052 3159 1120 3193 vol.
1147 3159 1176 3195 Ι.
1202 3170 1236 3203 p.
1263 3159 1413 3203 28—37,
1439 3160 1482 3194 77
1501 3169 1546 3194 ss.

1522 3216 1594 3250 45*
