2177 3408
481 188 718 227 Summarium
743 189 926 227 Historiae
949 190 1199 228 Astronomiae
1225 191 1346 229 seculo
1372 194 1468 232 XVI.
1806 196 1888 242 661

86 311 186 344 motu
220 308 436 345 sententiam
470 310 699 345 resuscitavit
731 314 767 346 et
797 314 980 355 receptam
1013 312 1137 347 mundi
1178 312 1287 357 hujus
1322 315 1614 352 constitutionem
1652 315 1888 362 perturbavit,

90 368 209 412 posito
236 367 320 403 Sole
345 371 464 403 motus
491 374 641 413 experte
673 368 708 403 in
741 369 863 403 mundi
899 373 1021 405 centro
1049 370 1233 415 Terraque
1265 371 1360 406 circa
1387 373 1505 408 Solem
1532 375 1739 419 oberrante,
1776 378 1886 420 supra

85 427 265 462 Venerem
293 431 328 462 et
352 426 574 462 Mercurium
600 437 672 462 una
698 438 777 462 cum
803 428 909 463 Luna
935 428 1124 470 collocata,
1153 429 1244 473 quod
1275 435 1351 465 erat
1375 431 1410 465 in
1438 441 1565 475 causa,
1601 437 1639 467 ut
1665 431 1768 468 multi
1794 433 1888 468 hanc

87 486 285 520 doctrinam
311 488 374 520 aut
400 485 435 519 in
462 485 609 520 dubium
638 490 818 531 vocarent,
847 491 910 521 aut
937 487 966 521 si
992 499 1140 532 prorsus
1167 487 1397 524 admitterent
1423 490 1602 526 adhibitas
1628 496 1748 527 tamen
1773 492 1888 537 hypo-

85 543 206 579 theses
232 544 391 588 portenti
416 544 530 579 instar
555 545 708 579 maxime
734 545 996 590 improbarent:
1033 557 1164 592 operae
1190 548 1344 592 pretium
1378 558 1434 583 me
1460 548 1640 585 facturum
1674 551 1886 595 existimavi,

84 602 113 636 si
137 602 377 646 positionibus
403 602 611 647 hujusmodi
630 604 772 639 omuino
792 604 936 648 rejectis
958 606 1146 650 Copernici
1173 605 1493 650 observationibus,
1521 613 1644 644 nostro
1663 609 1747 644 huic
1765 610 1886 646 seculo

83 661 275 696 admodum
303 661 598 706 congruentibus,
626 663 714 697 alias
742 674 807 707 ego
833 674 961 699 causas
989 669 1024 699 et
1049 664 1207 700 rationes
1233 665 1557 710 accommodarem,
1586 678 1677 711 quae
1704 668 1885 704 coelorum

81 719 224 754 veritati
251 724 372 755 essent
398 724 673 755 consentanea.“
712 722 842 757 Porro:
873 723 964 766 „jam
986 722 1120 758 dudum
1147 723 1364 759 desiderium
1383 726 1624 760 astronomiae
1642 726 1885 762 studiosorum

81 777 162 822 fuit,
189 778 344 822 aliquem
371 778 544 814 coelestes
571 784 688 814 motus
715 791 795 815 cum
822 781 1137 817 observationibus
1164 787 1404 826 congruentes
1423 794 1494 818 non
1514 783 1556 818 ad
1577 785 1754 820 absurdas
1772 785 1884 830 hypo-

80 835 221 881 theses,
255 837 379 881 quales
406 837 624 881 Copernicus
658 839 891 883 confinxerit,
926 839 989 874 sed
1016 841 1060 875 ad
1088 851 1159 881 eas,
1187 852 1279 884 quae
1306 853 1325 876 a
1351 852 1435 876 vero
1472 843 1616 877 minime
1648 843 1883 879 abhorrentes

81 894 278 939 videantur,
305 894 440 930 referre
467 901 502 930 et
526 905 729 930 revocare*
782 897 827 931 Se
853 898 986 942 ipsum,
1015 903 1138 936 censet
1163 900 1348 945 Maginus,
1382 900 1489 935 talem
1517 911 1597 936 esse
1624 905 1881 947 astronomum,

82 953 143 997 qui
168 953 252 988 huie
278 953 456 988 desiderio
483 953 692 989 satisfacere
726 955 858 999 possit,
894 957 1058 1000 pauculis
1084 962 1223 992 tantum
1248 959 1283 993 in
1310 959 1506 994 Ptolemaei
1531 959 1724 1005 hypothesi
1758 961 1884 995 immu-

81 1011 179 1047 tatis.
229 1011 340 1055 Solis,
367 1012 518 1046 Veneris
545 1017 580 1047 et
604 1013 774 1047 Mercurii
800 1018 918 1049 motus
945 1015 1169 1060 colligendos
1197 1026 1276 1051 esse
1303 1017 1339 1051 in
1365 1028 1474 1052 unum
1508 1017 1682 1054 circulum
1708 1019 1879 1053 eccentri-

84 1080 177 1111 cum,
201 1071 236 1104 in
263 1071 365 1115 cujus
392 1077 517 1107 centro
544 1071 606 1106 Sol
632 1071 666 1106 in
694 1082 804 1116 parvo
833 1073 1037 1118 „epicycw
1066 1078 1262 1116 moveatur,
1289 1086 1440 1120 magnus
1465 1086 1549 1111 vero
1579 1076 1804 1121 .,epicyclus“
1833 1077 1883 1111 in-

79 1131 211 1166 serviat
240 1131 406 1166 maximis
438 1131 719 1176 digressionibus
744 1131 894 1166 Veneris
929 1135 964 1165 et
988 1132 1174 1177 Mercurii,
1210 1132 1326 1167 minor
1362 1134 1542 1179 epicyclus
1577 1135 1819 1170 constituatur
1845 1136 1881 1171 in

80 1190 205 1225 eodem
237 1190 298 1225 illo
334 1189 513 1235 epicyclo‚
550 1188 773 1235 respondeus
805 1189 1003 1225 minoribus
1037 1190 1330 1234 digressionibus.
1381 1192 1545 1237 Reliquis
1571 1194 1725 1238 planetis
1751 1193 1879 1229 tribuit

78 1247 230 1282 circulos
257 1240 389 1283 Terrae
415 1248 663 1284 concentricos
691 1252 726 1282 et
752 1247 948 1292 epicyclOS‚
985 1260 1135 1293 quorum
1163 1253 1287 1284 centra
1313 1260 1456 1295 semper
1481 1256 1619 1285 mutent
1648 1251 1836 1286 distantias
1862 1262 1883 1285 a

78 1309 201 1341 centro
229 1305 370 1350 mundi,
397 1306 433 1340 in
459 1305 514 1340 his
541 1306 668 1342 ducem
694 1310 840 1341 secutus
868 1307 1134 1351 Purbachium3
1172 1309 1217 1343 ad
1245 1308 1479 1353 explicandas
1505 1309 1784 1353 inaequalitates
1810 1320 1883 1345 mo-

76 1370 177 1400 tuum
203 1366 329 1401 Lunae
355 1377 428 1401 non
454 1365 649 1401 necessarii
676 1365 840 1400 videntur
865 1365 1010 1410 Magino
1038 1366 1209 1411 epicycli,
1238 1378 1389 1410 quorum
1414 1367 1494 1402 loco
1520 1378 1584 1402 sex
1611 1367 1799 1403 substituit
1826 1378 1882 1403 ec-

77 1424 268 1465 centricos,
294 1435 446 1468 quorum
473 1424 554 1466 duo,
584 1424 687 1467 quasi
713 1424 828 1459 reales
856 1427 972 1470 orbes,
1000 1426 1228 1470 inaequalem
1254 1426 1390 1461 habent
1416 1426 1616 1461 crassitiem
1644 1427 1677 1460 in
1706 1426 1883 1470 oppositis

76 1483 252 1526 partibus.
305 1482 507 1526 Obliquitas
543 1482 680 1517 zodiaci
708 1482 934 1528 (eclipticae)
962 1485 1091 1519 crescit
1116 1495 1136 1519 a
1154 1485 1217 1520 ‘23⁰
1242 1485 1297 1520 28¹
1325 1494 1440 1529 usque
1467 1484 1511 1519 ad
1533 1484 1595 1519 ‘23⁰
1613 1484 1670 1519 52¹
1695 1484 1881 1529 oriturque

75 1541 165 1576 haec
191 1541 340 1576 variatio
367 1541 634 1586 („trepidati0“)
663 1552 681 1575 a
707 1546 808 1576 motu
833 1541 998 1586 polorum
1026 1542 1214 1587 eclipticae
1240 1543 1276 1578 in
1300 1542 1505 1588 peripheria
1538 1545 1693 1586 quatuor
1718 1541 1880 1577 circello-

81 1610 172 1644 rum,
197 1599 298 1634 radio
326 1600 359 1634 δ’
385 1600 659 1644 descriptorum,
685 1611 835 1644 quorum
863 1600 932 1635 duo
959 1606 1044 1635 sunt
1072 1601 1344 1643 „cleferentes“,
1380 1601 1450 1636 duo
1477 1601 1646 1646 epicycli3
1678 1605 1797 1636 motus
1822 1601 1881 1636 hic

81 1658 374 1702 ,trepidationiff
403 1658 605 1693 absolvitur
630 1658 733 1693 anuis
760 1659 938 1704 aegyptiis
965 1660 1056 1696 3434
1083 1660 1208 1695 diebus
1238 1663 1297 1705 103
1331 1659 1424 1695 alius
1456 1660 1553 1695 orbis
1580 1660 1748 1704 (sphaera
1772 1661 1880 1703 nona)

75 1717 222 1751 inservit
239 1717 421 1752 librationi
440 1717 628 1762 eclipticae
646 1718 682 1751 in
701 1716 960 1761 longitudinem
980 1717 1100 1761 [annis
1118 1728 1194 1761 aeg.
1219 1719 1306 1753 1717
1326 1717 1449 1752 diebus
1472 1720 1537 1762 15),
1565 1718 1690 1752 tertius
1710 1717 1880 1761 [sphaera

76 1777 214 1819 octava)
240 1776 486 1820 praecessioni
512 1776 821 1820 aequinoctiorum
847 1776 968 1814 (annis
994 1776 1140 1821 25816).
1160 1797 1201 1800 —
1220 1778 1320 1811 Haec
1347 1788 1391 1812 ex
1411 1777 1595 1814 Theorz'cis
1612 1776 1760 1822 Magini‚
1786 1776 1879 1812 libro

76 1833 164 1868 satis
188 1834 358 1877 verboso,
393 1833 650 1878 desumsimus;
686 1824 841 1869 lectores
864 1834 1049 1879 judicent,
1085 1835 1141 1869 cui
1174 1835 1304 1870 rationi
1335 1835 1526 1870 tribuenda
1558 1834 1604 1868 sit
1636 1834 1878 1869 denominatio

79 1892 313 1936 .‚absurdae“,
340 1893 475 1936 Magini
502 1904 546 1926 an
573 1893 772 1937 Copernici.

212 1951 472 1995 Ephemerides
498 1951 635 1994 Magini
662 1952 813 1996 ejusque
844 1951 989 1987 tabulae
1024 1951 1259 1987 diversimode
1291 1951 1486 1995 inscriptae
1519 1950 1673 1984 maxima
1707 1959 1750 1984 ex
1775 1952 1878 1994 parte

76 2009 293 2053 astrologiae
317 2009 529 2052 inserviunt,
558 2020 665 2053 quam
690 2009 835 2044 maximi
862 2009 948 2044 facit
973 2009 1159 2054 professor
1177 2010 1426 2045 Bononiensis,
1471 2009 1746 2053 Astrologorum
1774 2019 1878 2043 usum

77 2073 218 2112 spectat
244 2069 351 2102 etiam
378 2067 539 2111 scriptis,
578 2067 708 2111 quibus
735 2068 976 2102 astronomica
1002 2068 1119 2103 studia
1145 2068 1300 2104 tradidit.
1354 2070 1394 2103 In
1420 2069 1530 2112 libro,
1567 2078 1672 2111 qur-m
1696 2066 1879 2111 inscripsit

75 2126 241 2161 Primum
267 2126 405 2162 Mobile
431 2126 567 2169 (1609),
599 2127 666 2161 rite
699 2126 843 2170 quidem
871 2126 975 2161 docet
1008 2127 1317 2171 trigonometriam
1351 2128 1395 2162 ad
1421 2126 1580 2162 calculos
1615 2125 1878 2160 astronomicos

77 2185 364 2221 transferendam
392 2185 567 2228 (calculum
596 2189 642 2218 ibi
668 2188 946 2228 deprehendimus
975 2188 1402 2229 „prosthaphae1·eticum“;
1431 2187 1486 2218 cfr.
1514 2186 1579 2220 vol.
1607 2187 1648 2219 II.
1676 2184 1769 2228 439),
1795 2194 1877 2228 pro-

77 2243 235 2278 blemata
259 2244 417 2289 explicat
443 2244 685 2280 astronomiae
713 2244 924 2288 sphaericae
951 2244 1038 2279 satis
1065 2243 1220 2279 dilucide
1247 2248 1281 2278 et
1300 2243 1464 2278 doctrina
1483 2241 1673 2286 exquisita,
1701 2251 1775 2275 rem
1793 2251 1876 2275 vero

81 2303 188 2337 vertit
212 2302 256 2337 ad
283 2302 498 2346 astrologica
524 2302 780 2347 experimenta.
825 2301 982 2336 Tabulas
1010 2301 1269 2336 astronomicas
1287 2300 1423 2344 Magini
1449 2299 1768 2344 ephemeridesque
1797 2308 1876 2339 „ac-

77 2364 241 2395 curatas“
270 2360 432 2405 agnoscit
450 2360 630 2405 Keplerus
650 2361 731 2403 (vol.
749 2360 812 2396 VI.
838 2371 872 2404 p.
892 2360 972 2404 587)
1000 2370 1134 2404 easque
1161 2358 1304 2403 saepius
1330 2359 1366 2393 in
1390 2358 1489 2392 libris
1517 2358 1590 2393 suis
1617 2357 1772 2401 adhibet,
1800 2356 1878 2391 dili-

76 2418 231 2461 gentiam
259 2418 337 2462 ejus
362 2418 471 2453 talem
489 2419 637 2463 habens,
665 2423 703 2453 ut
725 2418 860 2453 socium
880 2428 961 2453 eum
978 2417 1013 2452 in
1033 2417 1179 2453 edendis
1199 2416 1487 2462 ephemeridibus
1512 2426 1695 2451 arcessere
1711 2415 1874 2450 voluerit.

77 2476 202 2510 Studia
226 2476 362 2519 Magini
388 2477 627 2521 geographica
659 2476 788 2520 (edidit
814 2476 1009 2511 Ptolemaei
1038 2476 1303 2521 Geographiam
1340 2486 1434 2511 anno
1463 2476 1567 2517 1596)
1601 2474 1697 2510 haud
1728 2483 1875 2518 parvam

76 2539 214 2569 merent
237 2534 396 2579 laudem;
434 2536 547 2570 multa
572 2536 682 2570 habet
707 2537 798 2570 haec
831 2535 1027 2570 Ptolemaei
1061 2534 1169 2569 editio
1205 2545 1285 2569 cum
1317 2534 1452 2577 Magini
1477 2532 1750 2575 commentario,
1783 2541 1875 2575 quae

76 2592 317 2637 geographiae
342 2593 789 2638 historiamlocupletant,
816 2604 887 2628 non
912 2594 1057 2636 indigna
1084 2603 1176 2637 quae
1203 2593 1328 2627 harum
1354 2603 1472 2626 rerum
1491 2591 1631 2636 cupidis
1649 2588 1874 2634 inspicienda

77 2652 378 2687 commendentur.
430 2651 544 2695 Quam
577 2652 663 2686 dicit
689 2653 980 2697 Descriptionem
1005 2651 1143 2687 Italiae
1177 2653 1255 2694 (vol.
1284 2654 1359 2686 Vll.
1385 2663 1418 2693 p.
1446 2654 1525 2692 445)
1558 2648 1737 2692 inspicere
1769 2647 1874 2681 nobis

77 2723 147 2746 non
173 2710 333 2754 contigit.
383 2710 504 2743 Minus
542 2709 745 2745 laudandus
772 2717 826 2744 est
850 2711 1018 2754 Maginus
1054 2715 1153 2744 stans
1186 2719 1266 2744 cum
1300 2709 1514 2744 adversariis
1541 2706 1711 2750 Galilaei‚
1742 2704 1806 2739 lite
1837 2704 1873 2740 in

75 2769 182 2804 Italia
207 2773 285 2804 orta
311 2768 353 2802 de
379 2768 478 2802 Jovis
505 2768 736 2810 satellitibus,
777 2778 855 2802 cum
883 2769 982 2812 prius
1010 2767 1176 2803 deridens
1203 2767 1402 2803 Galilaeum
1440 2767 1518 2809 eJ'us
1545 2763 1811 2799 observationes
1835 2763 1873 2797 in

78 2828 224 2864 dubium
248 2833 363 2870 vocet,
392 2832 520 2871 postea
545 2836 629 2861 vero
655 2826 692 2859 in
718 2825 844 2860 melius
871 2826 983 2860 versis
1003 2825 1152 2860 Galilaei
1179 2826 1284 2860 rebus
1303 2835 1447 2860 manum
1466 2822 1614 2858 dederit.
1643 2823 1724 2861 (Cfr.
1745 2824 1812 2856 vol.
1828 2824 1871 2858 II,

77 2899 107 2930 p.
133 2890 211 2931 453,
238 2887 332 2929 460.)

214 2945 357 2979 Literas
383 2944 440 2978 hic
466 2942 675 2977 inserendas
702 2951 906 2985 censemus,
934 2941 1062 2985 quibus
1089 2944 1231 2975 mortuo
1249 2940 1397 2985 Magino
1421 2940 1623 2975 Joannes
1649 2939 1871 2977 Antonius

77 3004 303 3039 Roffenus
321 3002 522 3047 (professor
538 2999 787 3046 philosophiae
804 2999 1006 3042 Bononiae)
1024 2999 1221 3042 Keplerum
1238 2998 1384 3043 invitat,
1409 3001 1449 3032 ut
1474 2997 1674 3032 Bononiam
1697 2997 1734 3032 in
1751 2997 1870 3033 locum

77 3062 213 3106 Magini
246 3060 434 3100 succedat,
475 3069 541 3094 nec
576 3069 646 3093 non
683 3057 831 3102 Kepleri
868 3056 1147 3101 responsionem.
1208 3056 1395 3091 Roffenius
1429 3056 1538 3101 igitur
1578 3055 1739 3100 scripsit:
1783 3055 1869 3093 Per-

77 3120 204 3155 illustri
229 3125 264 3154 et
290 3114 388 3154 Cels⁰
417 3119 467 3153 D⁰
498 3118 532 3153 J.
559 3116 732 3162 Keplero,
769 3115 1024 3151 Mathematico
1052 3116 1240 3159 Caesareo,
1276 3115 1467 3160 plurimum
1501 3113 1667 3149 colendo.
1716 3113 1799 3150 Non
1825 3118 1862 3151 te

78 3177 177 3224 latet,
204 3176 468 3223 sapientissime
492 3176 566 3218 Vir,
592 3185 672 3210 eum
698 3185 778 3210 esse
803 3174 942 3214 virtutis
968 3172 1211 3219 splendorem,
1240 3177 1278 3209 ut
1302 3173 1524 3218 ignorantiae
1541 3170 1698 3209 tenebris
1724 3171 1867 3212 delites-
