2177 3408
800 162 884 199 Vita
908 161 931 197 J
933 161 1059 197 oannis
1083 159 1243 207 Kepleri.
1842 159 1923 205 669

131 283 260 322 Grun
275 284 344 322 eri
374 281 473 321 libro
506 282 614 334 (Joh.
648 282 807 334 Kepler.
838 283 868 320 I.
922 282 1063 331 stuttg.
1103 280 1252 331 1868),
1285 285 1321 318 et
1354 292 1398 319 ex
1430 278 1713 330 monographia
1743 276 1926 326 Apelti

129 342 271 381 hausta
302 347 404 381 sunt.

267 401 408 438 Forma
439 399 554 448 hujus
587 401 690 438 vitae
723 413 746 438 a
777 399 889 437 uobis
922 399 1160 447 compositae
1194 402 1251 436 est
1271 397 1388 435 haec:
1422 397 1695 436 Praemisimus
1729 406 1794 442 ea,
1829 404 1927 442 quae

129 457 324 507 Keplerus
355 460 437 508 ipse
469 458 516 496 de
539 459 620 495 vita
651 469 722 496 sua
753 459 905 506 scripsit
938 458 1080 506 quippe
1114 457 1283 494 maxima
1314 455 1388 493 fide
1422 455 1548 505 digna,
1584 466 1746 504 quorum
1767 459 1928 502 partem,

127 528 175 554 ne
208 516 301 565 quid
333 517 644 565 praetermissum
676 516 868 562 videatur,
901 517 1110 564 repetimus
1139 515 1220 563 jam
1258 520 1349 551 tom.
1372 514 1402 552 I.
1438 527 1475 563 p.
1513 519 1591 552 311
1635 515 1738 564 typis
1771 522 1929 560 expres-

129 587 232 623 sam,
265 574 452 612 nonnulla
487 586 586 624 quae
610 574 828 612 addidimus
850 586 894 611 ex
918 574 1106 622 epistolis,
1142 585 1241 621 quae
1273 574 1387 610 tomis
1417 573 1494 621 jam
1527 572 1639 610 editis
1673 571 1928 615 continentur,

130 632 193 670 hic
225 639 313 670 sunt
356 636 529 683 repetita.
593 633 704 670 Hanc
736 632 918 670 tabellam
953 637 995 669 ut
1027 633 1080 669 ita
1118 631 1242 668 dican]
1288 632 1516 668 statisticam
1549 632 1723 679 sequitur
1756 633 1929 666 contem-

130 691 250 740 platio
285 693 390 730 vitae
421 703 647 740 morumque
670 691 841 740 Kepleri.
877 702 953 739 qua
975 691 1088 728 suerit
1112 691 1254 738 ingenii
1278 691 1472 738 animique
1497 692 1556 737 νίς
1590 699 1796 738 postremo,
1831 698 1930 735 quae

131 752 168 786 in
201 750 322 787 literis
354 750 570 799 profecerit,
603 753 818 798 exponitur.

270 807 379 856 Quae
411 807 603 856 Keplerus
635 807 681 845 de
715 809 795 845 vita
827 806 1050 854 familiaque
1083 817 1153 843 sua
1185 807 1393 843 memoriae
1425 805 1593 853 tradidit,
1628 818 1672 843 ex
1704 811 1808 844 tomo
1831 805 1930 844 XX.

130 867 476 915 manuscriptorum
499 865 815 903 Pulkoviensium
839 871 929 901 sunt
951 869 1143 912 excerpta.
1196 864 1305 902 Haec
1329 865 1457 901 omnia
1479 876 1594 901 manu
1618 867 1770 913 propria
1791 867 1931 913 scripta

130 923 325 973 Keplerus
359 923 539 973 deposuit
572 930 663 973 apta
695 924 771 961 fore
803 929 930 970 ratus,
972 934 1016 960 ex
1051 923 1190 970 quibus
1223 923 1271 960 ad
1305 924 1443 960 certius
1477 922 1670 971 quoddam
1702 922 1931 960 fundamen-

136 989 217 1020 tum
250 982 485 1031 astrologiae
517 984 755 1031 perveniret,
798 993 913 1030 quam
946 992 1057 1018 nemo
1097 982 1221 1018 nescit
1257 981 1484 1029 jubentibus
1517 980 1725 1029 Rudolpho
1758 987 1795 1019 et
1826 981 1933 1018 Mat-

136 1041 216 1078 thia
247 1041 564 1090 imperatoribus,
609 1041 806 1077 ordinibus
839 1039 991 1088 Styriae
1034 1040 1292 1087 Austriaeque
1332 1040 1539 1088 superioris
1581 1047 1618 1076 ct
1648 1039 1932 1077 Wallenstenio

134 1098 277 1136 multos
308 1111 376 1148 per
414 1110 536 1136 annos
569 1100 618 1136 ab
653 1110 697 1137 eo
731 1110 814 1136 esse
847 1097 1010 1143 cultam,
1055 1109 1131 1145 quo
1163 1099 1408 1146 potissimum
1441 1109 1597 1135 munere
1638 1110 1695 1135 res
1729 1097 1778 1135 ad
1816 1100 1932 1135 vitam

133 1159 372 1195 necessarias
404 1158 477 1194 sibi
510 1158 682 1206 paravit,
716 1168 833 1206 quum
857 1167 956 1204 quae
978 1155 1097 1192 literis
1120 1156 1280 1204 profecit
1313 1168 1358 1194 ca
1389 1162 1517 1193 aetate
1540 1158 1666 1205 parrvi
1689 1157 1932 1195 haberentur.

134 1214 242 1263 Quae
274 1227 342 1264 pro
376 1215 548 1253 consiliis
581 1214 826 1263 astrologicis
849 1226 871 1251 a
892 1214 1054 1263 privatis
1087 1215 1237 1263 accepit
1270 1214 1390 1262 dona,
1425 1214 1528 1252 haud
1562 1216 1702 1263 exigua
1724 1221 1832 1253 erant
1863 1214 1934 1252 ad-

134 1273 346 1311 ditamenta
376 1273 508 1312 salarii
540 1274 754 1320 mediocris,
789 1272 891 1322 quod
916 1272 1053 1319 Gratii,
1086 1272 1248 1321 Plagae,
1281 1273 1418 1320 Linzii,
1453 1273 1597 1322 Sagani
1628 1275 1877 1321 magistratus
1899 1279 1936 1309 et

133 1332 305 1370 fautores
337 1344 405 1380 pro
437 1344 593 1370 munere
625 1331 782 1381 publico
816 1331 876 1368 vel
907 1331 1061 1380 privato
1095 1332 1129 1368 ei
1160 1333 1435 1379 promiserant,
1481 1333 1621 1381 quibus
1662 1331 1935 1369 additamentis

133 1402 249 1439 saepe
272 1396 511 1428 sustentatus
535 1396 603 1437 est,
638 1402 755 1439 quum
780 1389 883 1427 haud
905 1400 990 1426 raro
1014 1389 1096 1437 ejus
1120 1392 1258 1426 aetatis
1280 1390 1509 1427 tumultibus
1544 1390 1737 1428 ordinario
1767 1391 1935 1428 muneris

133 1450 191 1486 sui
215 1448 356 1487 salario
381 1454 538 1486 careret.
596 1447 797 1497 Ejusmodi
831 1447 934 1485 dona
965 1454 1072 1485 erant
1104 1450 1282 1496 pecunia,
1319 1449 1469 1497 fruges,
1506 1450 1757 1495 vestimenta,
1790 1449 1935 1486 nummi

134 1508 240 1545 aurei
262 1512 300 1545 et
321 1508 505 1556 argentei,
539 1512 706 1556 torques,
740 1506 891 1556 pocula.
948 1505 1039 1544 Jam
1063 1505 1123 1543 hic
1145 1518 1221 1543 non
1245 1518 1451 1555 possumus
1472 1519 1548 1544 non
1572 1507 1779 1555 affirmare,
1813 1509 1935 1556 scrip-

134 1571 236 1603 tores
267 1565 468 1614 quosdam,
504 1568 567 1614 qui
591 1565 748 1614 Kepleri
779 1566 899 1603 vitam
932 1569 1155 1602 enarrarunt
1176 1564 1418 1616 (Kastnerus,
1454 1566 1563 1614 cujus
1586 1566 1802 1615 exemplum
1826 1566 1935 1602 multi

133 1625 255 1661 secuti
277 1622 399 1673 suut),
431 1624 687 1661 lamentantes
711 1635 787 1672 qua
809 1624 963 1660 miseria
986 1622 1176 1671 Keplerus
1197 1624 1310 1661 fuerit
1332 1624 1511 1671 afflictus,
1530 1647 1583 1651 ——
1600 1624 1813 1673 Keplerum
1834 1624 1934 1661 farne

133 1683 294 1732 periisse
325 1681 541 1719 Kastnerus
573 1682 875 1719 comminiscitur
895 1702 950 1709 —
973 1681 1087 1718 valde
1109 1693 1376 1730 exaggerasse.
1428 1682 1625 1732 Epistolae
1651 1684 1762 1729 enim,
1797 1684 1936 1731 quibus

134 1740 325 1789 Keplerus
349 1745 432 1778 orat
452 1745 653 1789 rogatque,
687 1746 729 1778 ut
759 1740 941 1777 salarium
975 1739 1147 1777 debitum
1179 1740 1353 1777 solvatur
1385 1747 1452 1778 aut
1484 1747 1525 1778 ut
1557 1741 1605 1778 ad
1639 1753 1755 1789 opera
1787 1740 1936 1778 edenda

136 1798 363 1848 adjuvetur,
407 1810 481 1836 non
514 1800 627 1836 nimis
659 1804 749 1835 sunt
780 1797 1005 1845 habendae,
1051 1810 1168 1847 quum
1201 1801 1422 1847 graviorum
1460 1799 1704 1848 querelarum
1736 1801 1935 1838 certiorem

140 1869 224 1895 esse
257 1863 439 1895 eventum
469 1868 583 1895 nemo
615 1859 776 1894 nesciat.
838 1856 1050 1905 Keplerum
1082 1868 1359 1906 nonnunquam
1401 1860 1567 1906 pecunia
1608 1859 1776 1896 caruisse
1809 1864 1845 1895 et
1878 1860 1937 1893 iu-

139 1916 229 1965 opia
259 1920 442 1953 vexatum
474 1927 558 1953 esse
591 1927 666 1952 non
699 1927 899 1964 negamus,
934 1927 1050 1964 quum
1084 1917 1323 1953 miseriarum
1348 1916 1439 1953 belli
1460 1918 1617 1966 triginta
1639 1928 1826 1954 annorum
1850 1928 1935 1954 cnm

136 1974 251 2024 plane
284 1978 478 2023 expertem
510 1973 640 2019 fuisse,
675 1986 760 2010 eum
793 1985 1070 2022 nonnunquam
1102 1985 1178 2011 non
1209 1976 1379 2023 graviter
1410 1975 1455 2012 iis
1489 1987 1572 2013 esse
1605 1975 1800 2020 afflictum,
1834 1974 1936 2012 haud

140 2032 348 2070 verisimile
379 2033 447 2080 sit;
481 2031 547 2069 sed
581 2032 751 2070 tabulam
784 2043 910 2069 rerum
942 2032 990 2069 ab
1024 2043 1068 2069 eo
1092 2032 1311 2069 relictarum
1343 2034 1592 2082 inspicientes
1627 2036 1670 2079 (v.
1696 2036 1799 2079 infra)
1832 2033 1936 2070 haud

139 2101 299 2140 parvam
333 2091 367 2128 ei
398 2090 631 2139 superfuisse
663 2091 852 2139 pecuniae
891 2092 1062 2139 copiam,
1105 2091 1366 2140 maioremque
1400 2093 1515 2129 etiam
1547 2094 1581 2129 ei
1614 2092 1783 2129 debitam
1816 2092 1935 2129 fuisse

141 2148 314 2186 videmus
347 2149 472 2198 (erant
502 2148 679 2186 undecim
724 2149 845 2186 millia
876 2148 1141 2198 florenorum),
1185 2150 1293 2198 cujus
1333 2150 1516 2199 majorem
1559 2155 1705 2200 partem
1750 2149 1936 2189 redditam

140 2218 218 2245 non
250 2219 333 2245 esse
367 2207 626 2246 concedimus.

278 2265 534 2304 Revertamur
566 2265 614 2302 ad
646 2270 758 2303 notas
790 2278 812 2302 a
844 2264 1012 2314 Keplero
1045 2265 1281 2314 astrologiae
1315 2278 1431 2305 causa
1462 2268 1637 2316 scriptas.
1699 2266 1857 2316 Kepleri
1890 2266 1935 2304 de

143 2322 354 2372 astrologia
380 2323 569 2372 judicium
592 2336 615 2361 a
636 2324 787 2372 vulgari
809 2324 1060 2373 plurimorum
1082 2324 1303 2372 aequalium
1326 2327 1597 2375 superstitione
1629 2325 1743 2374 louge
1767 2326 1936 2363 abfuisse

138 2381 219 2430 jam
258 2386 350 2419 tom.
384 2381 413 2420 Ι,
445 2393 481 2431 p.
517 2386 593 2420 291
631 2394 681 2420 ss.
726 2381 912 2430 diximus3
956 2394 1071 2431 quam
1114 2384 1223 2431 parvi
1256 2384 1507 2432 astrologiam
1549 2385 1846 2430 existimaverit,
1891 2395 1936 2421 ex

143 2439 323 2487 operibus
355 2440 438 2488 ejus
472 2440 713 2489 astrologicis
737 2445 830 2486 (tom.
851 2443 876 2476 I.
905 2442 1063 2486 passim.)
1091 2452 1207 2489 saepe
1239 2447 1419 2492 apparet3
1453 2444 1674 2479 testimonio
1707 2447 1796 2480 sunt
1819 2442 1937 2479 verba

146 2497 231 2545 ejus
259 2499 358 2542 (tom.
387 2501 431 2534 II.
458 2501 526 2536 657
553 2501 596 2535 de
623 2500 734 2536 Stella
760 2501 892 2544 Nova):
937 2497 1065 2547 „Quid
1098 2501 1257 2548 ringeris
1281 2500 1487 2538 delicatule
1519 2501 1764 2549 philosophe,
1797 2502 1828 2537 si
1853 2512 1936 2536 ma-

144 2559 239 2592 trem
272 2557 597 2604 sapientissimam
630 2556 697 2594 sed
729 2568 936 2607 pauperem
969 2557 1088 2594 stulta
1119 2557 1208 2604 filia,
1242 2558 1368 2607 qualis
1392 2559 1461 2596 tibi
1483 2559 1646 2605 videtur,
1680 2559 1827 2596 naeniis
1858 2558 1937 2594 suis

147 2618 339 2650 sustentat
371 2618 408 2651 et
440 2614 538 2652 alit?
581 2616 612 2652 si
644 2615 771 2652 locum
803 2615 974 2652 debitum
1014 2615 1079 2652 illa
1105 2615 1209 2664 apud
1249 2617 1446 2654 hominum
1479 2623 1610 2655 coetus
1642 2617 1756 2665 longe
1788 2615 1938 2652 stultis-

147 2672 266 2708 simos
298 2670 409 2709 aliter
438 2683 512 2709 non
545 2673 706 2719 invenit,
737 2674 810 2710 nisi
842 2685 909 2722 per
939 2673 1055 2722 hujus
1087 2674 1344 2723 simplicitatis
1376 2674 1700 2713 intercessiones?
1734 2674 1812 2710 Nisi
1837 2675 1936 2710 enim

149 2731 340 2778 quispiam
374 2729 474 2767 alius
505 2731 610 2778 prius
642 2732 697 2767 ita
728 2730 905 2768 credulus
926 2731 1073 2779 fuisset,
1107 2738 1149 2768 ut
1180 2744 1265 2770 sese
1297 2744 1343 2769 ex
1366 2734 1474 2770 coelo
1506 2733 1632 2769 futura
1654 2732 1937 2780 praedicturum

148 2794 331 2837 speraret,
364 2798 560 2836 nunquam
593 2792 632 2824 tu
665 2790 720 2824 ita
751 2790 905 2837 sapiens
937 2789 1060 2826 sactus
1093 2801 1215 2837 esses,
1259 2796 1297 2827 ut
1329 2792 1602 2828 astronomiam
1634 2788 1791 2840 (quippe
1824 2792 1938 2838 igno-

148 2846 287 2895 ratam)
319 2857 386 2895 per
418 2857 458 2883 se
493 2845 713 2883 discendam
757 2857 838 2883 esse
879 2858 1067 2884 censeres.
1131 2847 1171 2884 Si
1203 2849 1275 2884 nisi
1307 2860 1374 2896 per
1411 2850 1642 2896 sapientiam
1683 2847 1731 2884 ad
1761 2847 1937 2897 philoso-

148 2903 280 2953 phiam
313 2915 388 2941 non
421 2903 656 2949 adducimur,
690 2915 886 2952 nunquam
919 2904 966 2941 ad
999 2916 1082 2942 eam
1116 2903 1391 2943 adducernur.“
1456 2906 1564 2954 Quae
1596 2907 1714 2943 verba
1745 2905 1936 2955 Keplerus

148 2963 185 2998 in
227 2961 325 2999 libro
367 2962 546 3010 „Tertius
587 2962 872 3000 interveniens“
907 2963 960 2999 ita
1004 2963 1117 2999 vertit
1149 2963 1450 3009 (Tom.1.560):
1502 2963 1579 3015 „Es
1620 2965 1670 3001 ist
1701 2964 1802 3001 wohl
1834 2964 1936 3001 diese

150 3018 375 3069 Astrologie
420 3021 479 3057 ein
521 3019 692 3058 narr-lsch
723 3019 991 3065 Tochterlein,
1033 3020 1125 3058 aber
1155 3019 1276 3058 lieber
1307 3019 1418 3068 Gon,
1462 3033 1521 3060 wo
1553 3022 1660 3059 wollt
1687 3021 1750 3070 jhr
1779 3022 1935 3068 Mutter,

150 3076 210 3114 die
241 3077 599 3126 hochverniinfftige
622 3078 870 3116 Astronomia
896 3077 1060 3125 bleiben,
1092 3089 1203 3116 wenn
1234 3080 1290 3117 sie
1323 3079 1427 3118 diese
1457 3080 1534 3118 ihre
1557 3080 1750 3118 na'rrische
1771 3080 1938 3118 Tochter

149 3135 207 3175 nit
236 3135 353 3186 hette,
384 3137 436 3175 ist
467 3136 565 3176 doch
599 3135 659 3175 die
681 3136 788 3175 Welt
820 3136 919 3176 noch
952 3136 1027 3175 viel
1059 3135 1273 3176 narrischer
1305 3137 1381 3178 vnd
1413 3150 1456 3177 so
1488 3138 1670 3189 narrisch,
1703 3138 1791 3178 dass
1824 3139 1937 3177 dero-
