<?xml version="1.0" encoding="UTF-8"?>
<!DOCTYPE html PUBLIC "-//W3C//DTD XHTML 1.0 Transitional//EN"
    "http://www.w3.org/TR/xhtml1/DTD/xhtml1-transitional.dtd">
<html xmlns="http://www.w3.org/1999/xhtml" xml:lang="en" lang="en">
 <head>
  <title>
</title>
<meta http-equiv="Content-Type" content="text/html;charset=utf-8" />
  <meta name='ocr-system' content='tesseract 3.04.00' />
  <meta name='ocr-capabilities' content='ocr_page ocr_carea ocr_par ocr_line ocrx_word'/>
</head>
<body>
  <div class='ocr_page' id='page_1' title='image "./p2operaomniaedid08kepluoft_0370.png"; bbox 0 0 2126 3388; ppageno 0'>
   <div class='ocr_carea' id='block_1_1' title="bbox 289 165 1359 215">
    <p class='ocr_par' dir='ltr' id='par_1_1' title="bbox 289 165 1359 215">
     <span class='ocr_line' id='line_1_1' title="bbox 289 165 1359 215; baseline -0.013 0"><span class='ocrx_word' id='word_1_1' title='bbox 289 171 374 215; x_wconf 84' lang='grc'>916</span> <span class='ocrx_word' id='word_1_2' title='bbox 476 192 479 195; x_wconf 93' lang='grc'><strong><em>·</em></strong></span> <span class='ocrx_word' id='word_1_3' title='bbox 918 167 1001 203; x_wconf 80' lang='lat' dir='ltr'>Vita</span> <span class='ocrx_word' id='word_1_4' title='bbox 1025 167 1176 203; x_wconf 85' lang='lat' dir='ltr'>Joannis</span> <span class='ocrx_word' id='word_1_5' title='bbox 1201 165 1359 213; x_wconf 87' lang='lat' dir='ltr'>Kepleri.</span> 
     </span>
    </p>
   </div>
   <div class='ocr_carea' id='block_1_2' title="bbox 284 284 2102 3180">
    <p class='ocr_par' dir='ltr' id='par_1_2' title="bbox 288 284 2068 1435">
     <span class='ocr_line' id='line_1_2' title="bbox 291 284 2067 334; baseline -0.004 -6"><span class='ocrx_word' id='word_1_6' title='bbox 291 289 510 334; x_wconf 85' lang='lat' dir='ltr'><strong>securitate,</strong></span> <span class='ocrx_word' id='word_1_7' title='bbox 543 285 683 334; x_wconf 86' lang='lat' dir='ltr'>quibus</span> <span class='ocrx_word' id='word_1_8' title='bbox 716 284 953 334; x_wconf 85' lang='lat' dir='ltr'>compendiis</span> <span class='ocrx_word' id='word_1_9' title='bbox 983 296 1147 324; x_wconf 90' lang='lat' dir='ltr'>mercem</span> <span class='ocrx_word' id='word_1_10' title='bbox 1178 298 1289 324; x_wconf 91' lang='lat' dir='ltr'>suam</span> <span class='ocrx_word' id='word_1_11' title='bbox 1319 288 1551 333; x_wconf 86' lang='lat' dir='ltr'>transportet</span> <span class='ocrx_word' id='word_1_12' title='bbox 1580 284 1823 333; x_wconf 89' lang='lat' dir='ltr'>Laubanum,</span> <span class='ocrx_word' id='word_1_13' title='bbox 1853 286 1886 323; x_wconf 89' lang='lat' dir='ltr'>si</span> <span class='ocrx_word' id='word_1_14' title='bbox 1915 284 2067 334; x_wconf 89' lang='lat' dir='ltr'>Argen-</span> 
     </span>
     <span class='ocr_line' id='line_1_3' title="bbox 291 341 2066 393; baseline -0.001 -9"><span class='ocrx_word' id='word_1_15' title='bbox 291 349 394 385; x_wconf 86' lang='lat' dir='ltr'>tinae</span> <span class='ocrx_word' id='word_1_16' title='bbox 432 345 513 393; x_wconf 90' lang='lat' dir='ltr'>jam</span> <span class='ocrx_word' id='word_1_17' title='bbox 552 344 682 381; x_wconf 89' lang='lat' dir='ltr'>statim</span> <span class='ocrx_word' id='word_1_18' title='bbox 721 344 947 381; x_wconf 90' lang='lat' dir='ltr'>commorari</span> <span class='ocrx_word' id='word_1_19' title='bbox 987 348 1055 380; x_wconf 90' lang='lat' dir='ltr'>aut</span> <span class='ocrx_word' id='word_1_20' title='bbox 1094 350 1263 392; x_wconf 85' lang='lat' dir='ltr'>nequeat</span> <span class='ocrx_word' id='word_1_21' title='bbox 1300 349 1366 381; x_wconf 92' lang='lat' dir='ltr'>aut</span> <span class='ocrx_word' id='word_1_22' title='bbox 1406 341 1513 380; x_wconf 90' lang='lat' dir='ltr'>nolit.</span> <span class='ocrx_word' id='word_1_23' title='bbox 1573 341 1684 381; x_wconf 90' lang='lat' dir='ltr'>Haec</span> <span class='ocrx_word' id='word_1_24' title='bbox 1723 354 1801 380; x_wconf 89' lang='lat' dir='ltr'>una</span> <span class='ocrx_word' id='word_1_25' title='bbox 1840 344 1939 381; x_wconf 89' lang='lat' dir='ltr'>ratio</span> <span class='ocrx_word' id='word_1_26' title='bbox 1971 348 2066 382; x_wconf 76' lang='lat' dir='ltr'>esto,</span> 
     </span>
     <span class='ocr_line' id='line_1_4' title="bbox 291 399 2067 452; baseline -0.003 -11"><span class='ocrx_word' id='word_1_27' title='bbox 291 403 393 452; x_wconf 82' lang='lat' dir='ltr'>Quid</span> <span class='ocrx_word' id='word_1_28' title='bbox 423 404 455 439; x_wconf 91' lang='lat' dir='ltr'>si</span> <span class='ocrx_word' id='word_1_29' title='bbox 486 412 578 439; x_wconf 89' lang='lat' dir='ltr'>vero</span> <span class='ocrx_word' id='word_1_30' title='bbox 612 412 708 438; x_wconf 89' lang='lat' dir='ltr'>onus</span> <span class='ocrx_word' id='word_1_31' title='bbox 747 400 933 439; x_wconf 86' lang='lat' dir='ltr'>detrectet</span> <span class='ocrx_word' id='word_1_32' title='bbox 972 403 1118 439; x_wconf 86' lang='lat' dir='ltr'>amicus</span> <span class='ocrx_word' id='word_1_33' title='bbox 1158 401 1296 440; x_wconf 79' lang='lat' dir='ltr'>meus?</span> <span class='ocrx_word' id='word_1_34' title='bbox 1347 399 1450 448; x_wconf 85' lang='lat' dir='ltr'><strong>Quid</strong></span> <span class='ocrx_word' id='word_1_35' title='bbox 1479 401 1512 437; x_wconf 90' lang='lat' dir='ltr'>si</span> <span class='ocrx_word' id='word_1_36' title='bbox 1541 400 1664 438; x_wconf 89' lang='lat' dir='ltr'>multa</span> <span class='ocrx_word' id='word_1_37' title='bbox 1702 402 1740 437; x_wconf 91' lang='lat' dir='ltr'>in</span> <span class='ocrx_word' id='word_1_38' title='bbox 1781 400 1854 439; x_wconf 88' lang='lat' dir='ltr'>hac</span> <span class='ocrx_word' id='word_1_39' title='bbox 1891 403 1955 438; x_wconf 89' lang='lat' dir='ltr'>via</span> <span class='ocrx_word' id='word_1_40' title='bbox 1986 400 2067 437; x_wconf 72' lang='lat' dir='ltr'>dis-</span> 
     </span>
     <span class='ocr_line' id='line_1_5' title="bbox 291 457 2066 510; baseline -0.003 -11"><span class='ocrx_word' id='word_1_41' title='bbox 291 459 459 510; x_wconf 76' lang='lat' dir='ltr'>pendia?</span> <span class='ocrx_word' id='word_1_42' title='bbox 509 459 619 496; x_wconf 89' lang='lat' dir='ltr'>Tunc</span> <span class='ocrx_word' id='word_1_43' title='bbox 649 458 859 497; x_wconf 90' lang='lat' dir='ltr'>secundum</span> <span class='ocrx_word' id='word_1_44' title='bbox 890 463 972 497; x_wconf 91' lang='lat' dir='ltr'>esto</span> <span class='ocrx_word' id='word_1_45' title='bbox 1005 464 1120 508; x_wconf 89' lang='lat' dir='ltr'>caput</span> <span class='ocrx_word' id='word_1_46' title='bbox 1153 459 1451 505; x_wconf 84' lang='lat' dir='ltr'>deliberationis,</span> <span class='ocrx_word' id='word_1_47' title='bbox 1489 459 1521 495; x_wconf 88' lang='lat' dir='ltr'>si</span> <span class='ocrx_word' id='word_1_48' title='bbox 1551 457 1748 508; x_wconf 83' lang='lat' dir='ltr'>sponsalia</span> <span class='ocrx_word' id='word_1_49' title='bbox 1779 457 1932 507; x_wconf 88' lang='lat' dir='ltr'>quidem</span> <span class='ocrx_word' id='word_1_50' title='bbox 1962 458 2066 495; x_wconf 88' lang='lat' dir='ltr'>Dur-</span> 
     </span>
     <span class='ocr_line' id='line_1_6' title="bbox 288 515 2066 566; baseline -0.002 -10"><span class='ocrx_word' id='word_1_51' title='bbox 288 519 362 556; x_wconf 88' lang='lat' dir='ltr'>laci</span> <span class='ocrx_word' id='word_1_52' title='bbox 393 523 430 555; x_wconf 92' lang='lat' dir='ltr'>te</span> <span class='ocrx_word' id='word_1_53' title='bbox 462 522 662 565; x_wconf 84' lang='lat' dir='ltr'>praesente</span> <span class='ocrx_word' id='word_1_54' title='bbox 692 521 943 566; x_wconf 85' lang='lat' dir='ltr'>peragantur,</span> <span class='ocrx_word' id='word_1_55' title='bbox 986 516 1066 554; x_wconf 90' lang='lat' dir='ltr'>filia</span> <span class='ocrx_word' id='word_1_56' title='bbox 1096 528 1187 555; x_wconf 87' lang='lat' dir='ltr'>vero</span> <span class='ocrx_word' id='word_1_57' title='bbox 1220 516 1411 555; x_wconf 89' lang='lat' dir='ltr'>conductu</span> <span class='ocrx_word' id='word_1_58' title='bbox 1440 518 1581 554; x_wconf 88' lang='lat' dir='ltr'>sororis</span> <span class='ocrx_word' id='word_1_59' title='bbox 1620 527 1729 555; x_wconf 88' lang='lat' dir='ltr'>meae</span> <span class='ocrx_word' id='word_1_60' title='bbox 1760 522 1798 554; x_wconf 90' lang='lat' dir='ltr'>et</span> <span class='ocrx_word' id='word_1_61' title='bbox 1829 515 1965 564; x_wconf 85' lang='lat' dir='ltr'>affinis,</span> <span class='ocrx_word' id='word_1_62' title='bbox 1995 528 2066 565; x_wconf 90' lang='lat' dir='ltr'>pa-</span> 
     </span>
     <span class='ocr_line' id='line_1_7' title="bbox 289 566 2068 623; baseline -0.002 -10"><span class='ocrx_word' id='word_1_63' title='bbox 289 574 422 613; x_wconf 90' lang='lat' dir='ltr'>truelis</span> <span class='ocrx_word' id='word_1_64' title='bbox 453 586 562 613; x_wconf 88' lang='lat' dir='ltr'>meae</span> <span class='ocrx_word' id='word_1_65' title='bbox 593 577 733 620; x_wconf 88' lang='lat' dir='ltr'>uxoris,</span> <span class='ocrx_word' id='word_1_66' title='bbox 768 566 866 623; x_wconf 78' lang='lat' dir='ltr'>quae</span> <span class='ocrx_word' id='word_1_67' title='bbox 898 575 1051 612; x_wconf 85' lang='lat' dir='ltr'>fratrem</span> <span class='ocrx_word' id='word_1_68' title='bbox 1081 574 1200 612; x_wconf 87' lang='lat' dir='ltr'>habet</span> <span class='ocrx_word' id='word_1_69' title='bbox 1230 575 1537 613; x_wconf 85' lang='lat' dir='ltr'>concionatorem</span> <span class='ocrx_word' id='word_1_70' title='bbox 1569 574 1757 622; x_wconf 91' lang='lat' dir='ltr'>aulicum,</span> <span class='ocrx_word' id='word_1_71' title='bbox 1800 573 1970 611; x_wconf 87' lang='lat' dir='ltr'>Durlaco</span> <span class='ocrx_word' id='word_1_72' title='bbox 2001 585 2068 622; x_wconf 90' lang='lat' dir='ltr'>per</span> 
     </span>
     <span class='ocr_line' id='line_1_8' title="bbox 289 630 2068 681; baseline -0.001 -10"><span class='ocrx_word' id='word_1_73' title='bbox 289 633 627 681; x_wconf 86' lang='lat' dir='ltr'>Wirtembergiam</span> <span class='ocrx_word' id='word_1_74' title='bbox 660 637 698 670; x_wconf 91' lang='lat' dir='ltr'>et</span> <span class='ocrx_word' id='word_1_75' title='bbox 727 630 881 670; x_wconf 88' lang='lat' dir='ltr'>Ulmam</span> <span class='ocrx_word' id='word_1_76' title='bbox 913 637 1083 670; x_wconf 90' lang='lat' dir='ltr'>transeat</span> <span class='ocrx_word' id='word_1_77' title='bbox 1112 632 1387 679; x_wconf 85' lang='lat' dir='ltr'>Ratisbonam,</span> <span class='ocrx_word' id='word_1_78' title='bbox 1420 637 1598 670; x_wconf 85' lang='lat' dir='ltr'>curatura</span> <span class='ocrx_word' id='word_1_79' title='bbox 1627 644 1714 670; x_wconf 87' lang='lat' dir='ltr'>mea</span> <span class='ocrx_word' id='word_1_80' title='bbox 1745 636 1783 669; x_wconf 88' lang='lat' dir='ltr'>et</span> <span class='ocrx_word' id='word_1_81' title='bbox 1812 643 1883 670; x_wconf 87' lang='lat' dir='ltr'>sua</span> <span class='ocrx_word' id='word_1_82' title='bbox 1913 631 1966 669; x_wconf 92' lang='lat' dir='ltr'>ibi</span> <span class='ocrx_word' id='word_1_83' title='bbox 1999 631 2068 669; x_wconf 89' lang='lat' dir='ltr'>de-</span> 
     </span>
     <span class='ocr_line' id='line_1_9' title="bbox 289 690 2067 740; baseline -0.002 -12"><span class='ocrx_word' id='word_1_84' title='bbox 289 691 417 740; x_wconf 88' lang='lat' dir='ltr'>posita</span> <span class='ocrx_word' id='word_1_85' title='bbox 448 690 720 739; x_wconf 84' lang='lat' dir='ltr'>supellectilia.</span> <span class='ocrx_word' id='word_1_86' title='bbox 764 691 915 728; x_wconf 82' lang='lat' dir='ltr'>Interea</span> <span class='ocrx_word' id='word_1_87' title='bbox 947 696 982 728; x_wconf 85' lang='lat' dir='ltr'>et</span> <span class='ocrx_word' id='word_1_88' title='bbox 1014 702 1085 739; x_wconf 85' lang='lat' dir='ltr'>ego</span> <span class='ocrx_word' id='word_1_89' title='bbox 1117 690 1213 728; x_wconf 87' lang='lat' dir='ltr'>forte</span> <span class='ocrx_word' id='word_1_90' title='bbox 1244 691 1358 728; x_wconf 89' lang='lat' dir='ltr'>rebus</span> <span class='ocrx_word' id='word_1_91' title='bbox 1380 691 1475 727; x_wconf 89' lang='lat' dir='ltr'>meis</span> <span class='ocrx_word' id='word_1_92' title='bbox 1497 690 1620 727; x_wconf 90' lang='lat' dir='ltr'>Lincii</span> <span class='ocrx_word' id='word_1_93' title='bbox 1652 691 1792 728; x_wconf 82' lang='lat' dir='ltr'>curatis</span> <span class='ocrx_word' id='word_1_94' title='bbox 1813 690 2067 727; x_wconf 88' lang='lat' dir='ltr'>Ratisbonam</span> 
     </span>
     <span class='ocr_line' id='line_1_10' title="bbox 290 747 2068 797; baseline -0.002 -11"><span class='ocrx_word' id='word_1_95' title='bbox 290 748 456 786; x_wconf 84' lang='lat' dir='ltr'>veniam.</span> <span class='ocrx_word' id='word_1_96' title='bbox 508 749 659 797; x_wconf 84' lang='lat' dir='ltr'>Anceps</span> <span class='ocrx_word' id='word_1_97' title='bbox 690 748 798 786; x_wconf 90' lang='lat' dir='ltr'>locus</span> <span class='ocrx_word' id='word_1_98' title='bbox 829 750 927 786; x_wconf 90' lang='lat' dir='ltr'>inter</span> <span class='ocrx_word' id='word_1_99' title='bbox 957 748 1165 785; x_wconf 87' lang='lat' dir='ltr'>absurdum</span> <span class='ocrx_word' id='word_1_100' title='bbox 1199 753 1234 786; x_wconf 86' lang='lat' dir='ltr'>et</span> <span class='ocrx_word' id='word_1_101' title='bbox 1257 747 1499 786; x_wconf 88' lang='lat' dir='ltr'>commodum</span> <span class='ocrx_word' id='word_1_102' title='bbox 1520 748 1676 797; x_wconf 88' lang='lat' dir='ltr'>nuptiis.</span> <span class='ocrx_word' id='word_1_103' title='bbox 1726 747 1826 785; x_wconf 85' lang='lat' dir='ltr'>Nam</span> <span class='ocrx_word' id='word_1_104' title='bbox 1847 748 1927 785; x_wconf 92' lang='lat' dir='ltr'>noti</span> <span class='ocrx_word' id='word_1_105' title='bbox 1948 748 2068 784; x_wconf 88' lang='lat' dir='ltr'>nostri</span> 
     </span>
     <span class='ocr_line' id='line_1_11' title="bbox 290 805 2068 855; baseline -0.001 -12"><span class='ocrx_word' id='word_1_106' title='bbox 290 818 335 844; x_wconf 90' lang='lat' dir='ltr'>ex</span> <span class='ocrx_word' id='word_1_107' title='bbox 368 805 526 843; x_wconf 88' lang='lat' dir='ltr'>Austria</span> <span class='ocrx_word' id='word_1_108' title='bbox 556 807 609 843; x_wconf 87' lang='lat' dir='ltr'>ibi</span> <span class='ocrx_word' id='word_1_109' title='bbox 642 812 731 843; x_wconf 91' lang='lat' dir='ltr'>sunt</span> <span class='ocrx_word' id='word_1_110' title='bbox 761 817 901 855; x_wconf 85' lang='lat' dir='ltr'>magno</span> <span class='ocrx_word' id='word_1_111' title='bbox 933 818 1109 853; x_wconf 89' lang='lat' dir='ltr'>numero,</span> <span class='ocrx_word' id='word_1_112' title='bbox 1153 811 1193 843; x_wconf 89' lang='lat' dir='ltr'>at</span> <span class='ocrx_word' id='word_1_113' title='bbox 1222 818 1347 855; x_wconf 88' lang='lat' dir='ltr'>neque</span> <span class='ocrx_word' id='word_1_114' title='bbox 1378 817 1505 844; x_wconf 91' lang='lat' dir='ltr'>meum</span> <span class='ocrx_word' id='word_1_115' title='bbox 1536 807 1717 843; x_wconf 79' lang='lat' dir='ltr'>uxorisve</span> <span class='ocrx_word' id='word_1_116' title='bbox 1748 817 1871 854; x_wconf 89' lang='lat' dir='ltr'>neque</span> <span class='ocrx_word' id='word_1_117' title='bbox 1902 816 2068 855; x_wconf 88' lang='lat' dir='ltr'>sponso-</span> 
     </span>
     <span class='ocr_line' id='line_1_12' title="bbox 289 863 2067 913; baseline -0.001 -12"><span class='ocrx_word' id='word_1_118' title='bbox 289 875 372 901; x_wconf 91' lang='lat' dir='ltr'>rum</span> <span class='ocrx_word' id='word_1_119' title='bbox 403 864 457 900; x_wconf 91' lang='lat' dir='ltr'>ibi</span> <span class='ocrx_word' id='word_1_120' title='bbox 489 863 744 911; x_wconf 85' lang='lat' dir='ltr'>domicilium,</span> <span class='ocrx_word' id='word_1_121' title='bbox 786 875 831 902; x_wconf 82' lang='lat' dir='ltr'>ac</span> <span class='ocrx_word' id='word_1_122' title='bbox 861 875 908 901; x_wconf 88' lang='lat' dir='ltr'>ne</span> <span class='ocrx_word' id='word_1_123' title='bbox 940 864 1081 913; x_wconf 88' lang='lat' dir='ltr'>hospes</span> <span class='ocrx_word' id='word_1_124' title='bbox 1113 863 1281 913; x_wconf 86' lang='lat' dir='ltr'>quidem.</span> <span class='ocrx_word' id='word_1_125' title='bbox 1343 864 1443 913; x_wconf 85' lang='lat' dir='ltr'>Ergo</span> <span class='ocrx_word' id='word_1_126' title='bbox 1474 863 1728 903; x_wconf 84' lang='lat' dir='ltr'>Ratisbonam</span> <span class='ocrx_word' id='word_1_127' title='bbox 1761 863 1914 912; x_wconf 91' lang='lat' dir='ltr'>quidem</span> <span class='ocrx_word' id='word_1_128' title='bbox 1944 874 2067 912; x_wconf 90' lang='lat' dir='ltr'>usque</span> 
     </span>
     <span class='ocr_line' id='line_1_13' title="bbox 290 921 2067 971; baseline -0.001 -12"><span class='ocrx_word' id='word_1_129' title='bbox 290 922 451 959; x_wconf 87' lang='lat' dir='ltr'>honeste</span> <span class='ocrx_word' id='word_1_130' title='bbox 494 921 658 960; x_wconf 82' lang='lat' dir='ltr'>deducta</span> <span class='ocrx_word' id='word_1_131' title='bbox 697 933 839 971; x_wconf 84' lang='lat' dir='ltr'>sponsa</span> <span class='ocrx_word' id='word_1_132' title='bbox 878 927 952 969; x_wconf 91' lang='lat' dir='ltr'>est,</span> <span class='ocrx_word' id='word_1_133' title='bbox 994 922 1042 959; x_wconf 88' lang='lat' dir='ltr'>ad</span> <span class='ocrx_word' id='word_1_134' title='bbox 1081 922 1169 959; x_wconf 87' lang='lat' dir='ltr'>inde</span> <span class='ocrx_word' id='word_1_135' title='bbox 1201 922 1399 971; x_wconf 87' lang='lat' dir='ltr'>Saganum</span> <span class='ocrx_word' id='word_1_136' title='bbox 1439 933 1507 970; x_wconf 86' lang='lat' dir='ltr'>per</span> <span class='ocrx_word' id='word_1_137' title='bbox 1548 922 1729 959; x_wconf 89' lang='lat' dir='ltr'>milliaria</span> <span class='ocrx_word' id='word_1_138' title='bbox 1761 925 1811 960; x_wconf 81' lang='lat'>53</span> <span class='ocrx_word' id='word_1_139' title='bbox 1844 932 1952 959; x_wconf 88' lang='lat' dir='ltr'>soror</span> <span class='ocrx_word' id='word_1_140' title='bbox 1981 932 2067 959; x_wconf 90' lang='lat' dir='ltr'>mea</span> 
     </span>
     <span class='ocr_line' id='line_1_14' title="bbox 289 978 2068 1028; baseline 0 -12"><span class='ocrx_word' id='word_1_141' title='bbox 289 979 396 1016; x_wconf 89' lang='lat' dir='ltr'>illam</span> <span class='ocrx_word' id='word_1_142' title='bbox 426 991 503 1017; x_wconf 92' lang='lat' dir='ltr'>non</span> <span class='ocrx_word' id='word_1_143' title='bbox 534 981 797 1027; x_wconf 82' lang='lat' dir='ltr'>comitabitur,</span> <span class='ocrx_word' id='word_1_144' title='bbox 831 980 895 1017; x_wconf 87' lang='lat' dir='ltr'>vix</span> <span class='ocrx_word' id='word_1_145' title='bbox 927 981 1027 1018; x_wconf 85' lang='lat' dir='ltr'>enim</span> <span class='ocrx_word' id='word_1_146' title='bbox 1057 980 1313 1018; x_wconf 86' lang='lat' dir='ltr'>Ratisbonam</span> <span class='ocrx_word' id='word_1_147' title='bbox 1342 991 1464 1028; x_wconf 88' lang='lat' dir='ltr'>usque</span> <span class='ocrx_word' id='word_1_148' title='bbox 1495 991 1734 1028; x_wconf 86' lang='lat' dir='ltr'>persuasero.</span> <span class='ocrx_word' id='word_1_149' title='bbox 1793 979 1931 1018; x_wconf 87' lang='lat' dir='ltr'>Restat</span> <span class='ocrx_word' id='word_1_150' title='bbox 1960 978 2068 1017; x_wconf 91' lang='lat' dir='ltr'>solus</span> 
     </span>
     <span class='ocr_line' id='line_1_15' title="bbox 291 1036 2065 1088; baseline -0.001 -13"><span class='ocrx_word' id='word_1_151' title='bbox 291 1048 375 1075; x_wconf 89' lang='lat' dir='ltr'>curn</span> <span class='ocrx_word' id='word_1_152' title='bbox 407 1037 475 1075; x_wconf 87' lang='lat' dir='ltr'>illa</span> <span class='ocrx_word' id='word_1_153' title='bbox 503 1049 669 1086; x_wconf 85' lang='lat' dir='ltr'>sponsus</span> <span class='ocrx_word' id='word_1_154' title='bbox 700 1036 940 1088; x_wconf 64' lang='grc' dir='ltr'><strong><em>ἀνεχομειυς,</em></strong></span> <span class='ocrx_word' id='word_1_155' title='bbox 982 1039 1055 1075; x_wconf 91' lang='lat' dir='ltr'>nisi</span> <span class='ocrx_word' id='word_1_156' title='bbox 1098 1049 1169 1087; x_wconf 87' lang='lat' dir='ltr'>ego</span> <span class='ocrx_word' id='word_1_157' title='bbox 1211 1038 1332 1076; x_wconf 87' lang='lat' dir='ltr'>solius</span> <span class='ocrx_word' id='word_1_158' title='bbox 1370 1037 1486 1086; x_wconf 88' lang='lat' dir='ltr'>hujus</span> <span class='ocrx_word' id='word_1_159' title='bbox 1528 1037 1738 1075; x_wconf 89' lang='lat' dir='ltr'>conductus</span> <span class='ocrx_word' id='word_1_160' title='bbox 1769 1048 1889 1076; x_wconf 89' lang='lat' dir='ltr'>causa</span> <span class='ocrx_word' id='word_1_161' title='bbox 1919 1041 2065 1075; x_wconf 88' lang='lat' dir='ltr'>tantum</span> 
     </span>
     <span class='ocr_line' id='line_1_16' title="bbox 290 1095 2065 1145; baseline 0.001 -14"><span class='ocrx_word' id='word_1_162' title='bbox 290 1096 435 1133; x_wconf 90' lang='lat' dir='ltr'>itineris</span> <span class='ocrx_word' id='word_1_163' title='bbox 467 1096 606 1133; x_wconf 85' lang='lat' dir='ltr'>obvius</span> <span class='ocrx_word' id='word_1_164' title='bbox 635 1095 866 1144; x_wconf 84' lang='lat' dir='ltr'>proficiscar.</span> <span class='ocrx_word' id='word_1_165' title='bbox 929 1095 1148 1145; x_wconf 84' lang='lat' dir='ltr'>Saganum,</span> <span class='ocrx_word' id='word_1_166' title='bbox 1191 1096 1256 1134; x_wconf 89' lang='lat' dir='ltr'>ubi</span> <span class='ocrx_word' id='word_1_167' title='bbox 1286 1107 1467 1145; x_wconf 89' lang='lat' dir='ltr'>sponsam</span> <span class='ocrx_word' id='word_1_168' title='bbox 1498 1095 1730 1145; x_wconf 84' lang='lat' dir='ltr'>perduxero,</span> <span class='ocrx_word' id='word_1_169' title='bbox 1773 1095 1869 1133; x_wconf 90' lang='lat' dir='ltr'>nihil</span> <span class='ocrx_word' id='word_1_170' title='bbox 1901 1106 2065 1144; x_wconf 89' lang='lat' dir='ltr'>magno-</span> 
     </span>
     <span class='ocr_line' id='line_1_17' title="bbox 292 1153 2064 1203; baseline -0.001 -11"><span class='ocrx_word' id='word_1_171' title='bbox 292 1165 383 1202; x_wconf 88' lang='lat' dir='ltr'>pere</span> <span class='ocrx_word' id='word_1_172' title='bbox 405 1158 472 1202; x_wconf 88' lang='lat' dir='ltr'>est,</span> <span class='ocrx_word' id='word_1_173' title='bbox 506 1153 610 1202; x_wconf 89' lang='lat' dir='ltr'>quod</span> <span class='ocrx_word' id='word_1_174' title='bbox 630 1154 759 1191; x_wconf 91' lang='lat' dir='ltr'>locum</span> <span class='ocrx_word' id='word_1_175' title='bbox 781 1153 1020 1191; x_wconf 90' lang='lat' dir='ltr'>commendet</span> <span class='ocrx_word' id='word_1_176' title='bbox 1043 1165 1111 1202; x_wconf 87' lang='lat' dir='ltr'>pro</span> <span class='ocrx_word' id='word_1_177' title='bbox 1133 1155 1291 1203; x_wconf 89' lang='lat' dir='ltr'>nuptiis.</span> <span class='ocrx_word' id='word_1_178' title='bbox 1325 1153 1492 1202; x_wconf 88' lang='lat' dir='ltr'>Hospes,</span> <span class='ocrx_word' id='word_1_179' title='bbox 1525 1155 1758 1202; x_wconf 88' lang='lat' dir='ltr'>peregrinus,</span> <span class='ocrx_word' id='word_1_180' title='bbox 1790 1165 1888 1203; x_wconf 90' lang='lat' dir='ltr'>pene</span> <span class='ocrx_word' id='word_1_181' title='bbox 1909 1154 2064 1202; x_wconf 88' lang='lat' dir='ltr'>ignotus</span> 
     </span>
     <span class='ocr_line' id='line_1_18' title="bbox 290 1211 2067 1260; baseline -0.001 -11"><span class='ocrx_word' id='word_1_182' title='bbox 290 1216 327 1249; x_wconf 89' lang='lat' dir='ltr'>et</span> <span class='ocrx_word' id='word_1_183' title='bbox 357 1216 507 1249; x_wconf 88' lang='lat' dir='ltr'>tantum</span> <span class='ocrx_word' id='word_1_184' title='bbox 536 1222 613 1248; x_wconf 86' lang='lat' dir='ltr'>non</span> <span class='ocrx_word' id='word_1_185' title='bbox 644 1211 781 1249; x_wconf 88' lang='lat' dir='ltr'>surdus</span> <span class='ocrx_word' id='word_1_186' title='bbox 812 1223 896 1249; x_wconf 89' lang='lat' dir='ltr'>sum</span> <span class='ocrx_word' id='word_1_187' title='bbox 927 1211 976 1249; x_wconf 87' lang='lat' dir='ltr'>ad</span> <span class='ocrx_word' id='word_1_188' title='bbox 1009 1212 1152 1249; x_wconf 89' lang='lat' dir='ltr'>idioma</span> <span class='ocrx_word' id='word_1_189' title='bbox 1183 1212 1429 1260; x_wconf 87' lang='lat' dir='ltr'>vicissimque</span> <span class='ocrx_word' id='word_1_190' title='bbox 1461 1212 1646 1249; x_wconf 84' lang='lat' dir='ltr'>barbarus</span> <span class='ocrx_word' id='word_1_191' title='bbox 1677 1211 1833 1250; x_wconf 86' lang='lat' dir='ltr'>habeor.</span> <span class='ocrx_word' id='word_1_192' title='bbox 1885 1211 1973 1249; x_wconf 89' lang='lat' dir='ltr'>Mos</span> <span class='ocrx_word' id='word_1_193' title='bbox 2004 1211 2067 1248; x_wconf 89' lang='lat' dir='ltr'>hic</span> 
     </span>
     <span class='ocr_line' id='line_1_19' title="bbox 293 1268 2068 1319; baseline -0.001 -12"><span class='ocrx_word' id='word_1_194' title='bbox 293 1273 360 1316; x_wconf 85' lang='lat' dir='ltr'>est,</span> <span class='ocrx_word' id='word_1_195' title='bbox 394 1270 431 1305; x_wconf 91' lang='lat' dir='ltr'>in</span> <span class='ocrx_word' id='word_1_196' title='bbox 463 1268 624 1307; x_wconf 90' lang='lat' dir='ltr'>aedibus</span> <span class='ocrx_word' id='word_1_197' title='bbox 655 1274 856 1319; x_wconf 88' lang='lat' dir='ltr'>parentum</span> <span class='ocrx_word' id='word_1_198' title='bbox 897 1281 1062 1318; x_wconf 88' lang='lat' dir='ltr'>sponsae</span> <span class='ocrx_word' id='word_1_199' title='bbox 1100 1272 1256 1319; x_wconf 90' lang='lat' dir='ltr'>nuptias</span> <span class='ocrx_word' id='word_1_200' title='bbox 1295 1271 1493 1307; x_wconf 89' lang='lat' dir='ltr'>instituere</span> <span class='ocrx_word' id='word_1_201' title='bbox 1525 1270 1743 1318; x_wconf 70' lang='lat' dir='ltr'>triduanas,</span> <span class='ocrx_word' id='word_1_202' title='bbox 1773 1269 1877 1307; x_wconf 63' lang='lat' dir='ltr'>&gt;mihi</span> <span class='ocrx_word' id='word_1_203' title='bbox 1913 1270 2068 1319; x_wconf 90' lang='lat' dir='ltr'>propria</span> 
     </span>
     <span class='ocr_line' id='line_1_20' title="bbox 293 1327 2068 1377; baseline 0 -13"><span class='ocrx_word' id='word_1_204' title='bbox 293 1327 428 1364; x_wconf 91' lang='lat' dir='ltr'>domus</span> <span class='ocrx_word' id='word_1_205' title='bbox 459 1327 576 1374; x_wconf 87' lang='lat' dir='ltr'>nulla,</span> <span class='ocrx_word' id='word_1_206' title='bbox 609 1328 646 1364; x_wconf 91' lang='lat' dir='ltr'>in</span> <span class='ocrx_word' id='word_1_207' title='bbox 677 1327 821 1377; x_wconf 90' lang='lat' dir='ltr'>templo</span> <span class='ocrx_word' id='word_1_208' title='bbox 853 1328 962 1366; x_wconf 87' lang='lat' dir='ltr'>sedes</span> <span class='ocrx_word' id='word_1_209' title='bbox 992 1327 1119 1374; x_wconf 89' lang='lat' dir='ltr'>nulla,</span> <span class='ocrx_word' id='word_1_210' title='bbox 1153 1339 1197 1365; x_wconf 84' lang='lat' dir='ltr'>ex</span> <span class='ocrx_word' id='word_1_211' title='bbox 1231 1339 1306 1376; x_wconf 92' lang='lat' dir='ltr'>quo</span> <span class='ocrx_word' id='word_1_212' title='bbox 1337 1328 1386 1366; x_wconf 88' lang='lat' dir='ltr'>ab</span> <span class='ocrx_word' id='word_1_213' title='bbox 1419 1328 1503 1376; x_wconf 86' lang='lat' dir='ltr'>ejus</span> <span class='ocrx_word' id='word_1_214' title='bbox 1534 1328 1632 1365; x_wconf 88' lang='lat' dir='ltr'>ostio</span> <span class='ocrx_word' id='word_1_215' title='bbox 1654 1328 1802 1366; x_wconf 88' lang='lat' dir='ltr'>aberro.</span> <span class='ocrx_word' id='word_1_216' title='bbox 1852 1327 1931 1366; x_wconf 87' lang='lat' dir='ltr'>Res</span> <span class='ocrx_word' id='word_1_217' title='bbox 1952 1328 2068 1376; x_wconf 90' lang='lat' dir='ltr'>igitur</span> 
     </span>
     <span class='ocr_line' id='line_1_21' title="bbox 289 1384 1583 1435; baseline 0.002 -14"><span class='ocrx_word' id='word_1_218' title='bbox 289 1386 327 1422; x_wconf 91' lang='lat' dir='ltr'>in</span> <span class='ocrx_word' id='word_1_219' title='bbox 358 1396 542 1434; x_wconf 89' lang='lat' dir='ltr'>sponsum</span> <span class='ocrx_word' id='word_1_220' title='bbox 574 1390 612 1423; x_wconf 93' lang='lat' dir='ltr'>et</span> <span class='ocrx_word' id='word_1_221' title='bbox 641 1384 818 1423; x_wconf 87' lang='lat' dir='ltr'>Laubam</span> <span class='ocrx_word' id='word_1_222' title='bbox 849 1386 982 1424; x_wconf 88' lang='lat' dir='ltr'>recidit</span> <span class='ocrx_word' id='word_1_223' title='bbox 1013 1391 1145 1423; x_wconf 88' lang='lat' dir='ltr'>contra</span> <span class='ocrx_word' id='word_1_224' title='bbox 1175 1397 1318 1424; x_wconf 89' lang='lat' dir='ltr'>morem</span> <span class='ocrx_word' id='word_1_225' title='bbox 1347 1386 1583 1435; x_wconf 90' lang='lat' dir='ltr'>provinciae.</span> 
     </span>
    </p>

    <p class='ocr_par' dir='ltr' id='par_1_3' title="bbox 285 1442 2067 2367">
     <span class='ocr_line' id='line_1_22' title="bbox 431 1442 2065 1494; baseline 0 -14"><span class='ocrx_word' id='word_1_226' title='bbox 431 1442 519 1481; x_wconf 92' lang='lat' dir='ltr'>Huc</span> <span class='ocrx_word' id='word_1_227' title='bbox 556 1454 678 1491; x_wconf 91' lang='lat' dir='ltr'>usque</span> <span class='ocrx_word' id='word_1_228' title='bbox 720 1445 853 1493; x_wconf 84' lang='lat' dir='ltr'>scripsi</span> <span class='ocrx_word' id='word_1_229' title='bbox 895 1443 1040 1493; x_wconf 86' lang='lat' dir='ltr'>Sagani</span> <span class='ocrx_word' id='word_1_230' title='bbox 1079 1448 1167 1482; x_wconf 91' lang='lat' dir='ltr'>ante</span> <span class='ocrx_word' id='word_1_231' title='bbox 1207 1444 1288 1482; x_wconf 89' lang='lat' dir='ltr'>dies</span> <span class='ocrx_word' id='word_1_232' title='bbox 1329 1443 1544 1494; x_wconf 90' lang='lat' dir='ltr'>plusculos,</span> <span class='ocrx_word' id='word_1_233' title='bbox 1588 1455 1635 1482; x_wconf 87' lang='lat' dir='ltr'>ex</span> <span class='ocrx_word' id='word_1_234' title='bbox 1672 1455 1717 1482; x_wconf 91' lang='lat' dir='ltr'>eo</span> <span class='ocrx_word' id='word_1_235' title='bbox 1750 1442 1959 1482; x_wconf 71' lang='lat' dir='ltr'>Gorlicium</span> <span class='ocrx_word' id='word_1_236' title='bbox 1998 1443 2065 1489; x_wconf 91' lang='lat' dir='ltr'>ivi,</span> 
     </span>
     <span class='ocr_line' id='line_1_23' title="bbox 290 1501 2066 1552; baseline -0.001 -13"><span class='ocrx_word' id='word_1_237' title='bbox 290 1505 488 1539; x_wconf 88' lang='lat' dir='ltr'>curaturus</span> <span class='ocrx_word' id='word_1_238' title='bbox 520 1507 654 1551; x_wconf 90' lang='lat' dir='ltr'>typum</span> <span class='ocrx_word' id='word_1_239' title='bbox 687 1501 922 1550; x_wconf 72' lang='lat' dir='ltr'>Sportulae,</span> <span class='ocrx_word' id='word_1_240' title='bbox 956 1514 1070 1551; x_wconf 90' lang='lat' dir='ltr'>quam</span> <span class='ocrx_word' id='word_1_241' title='bbox 1101 1502 1279 1539; x_wconf 89' lang='lat' dir='ltr'>manibus</span> <span class='ocrx_word' id='word_1_242' title='bbox 1310 1508 1347 1540; x_wconf 92' lang='lat' dir='ltr'>et</span> <span class='ocrx_word' id='word_1_243' title='bbox 1377 1503 1479 1552; x_wconf 87' lang='lat' dir='ltr'>typis</span> <span class='ocrx_word' id='word_1_244' title='bbox 1509 1503 1672 1551; x_wconf 90' lang='lat' dir='ltr'>propriis</span> <span class='ocrx_word' id='word_1_245' title='bbox 1692 1502 1836 1551; x_wconf 86' lang='lat' dir='ltr'>Sagani</span> <span class='ocrx_word' id='word_1_246' title='bbox 1867 1501 2066 1539; x_wconf 90' lang='lat' dir='ltr'>collectam</span> 
     </span>
     <span class='ocr_line' id='line_1_24' title="bbox 287 1559 2066 1610; baseline 0 -13"><span class='ocrx_word' id='word_1_247' title='bbox 287 1564 375 1597; x_wconf 90' lang='lat' dir='ltr'>ante</span> <span class='ocrx_word' id='word_1_248' title='bbox 416 1561 438 1596; x_wconf 83' lang='lat'><strong>2</strong></span> <span class='ocrx_word' id='word_1_249' title='bbox 471 1571 622 1597; x_wconf 89' lang='lat' dir='ltr'>meuses</span> <span class='ocrx_word' id='word_1_250' title='bbox 663 1559 738 1597; x_wconf 91' lang='lat' dir='ltr'>huc</span> <span class='ocrx_word' id='word_1_251' title='bbox 774 1561 974 1608; x_wconf 85' lang='lat' dir='ltr'>miseram,</span> <span class='ocrx_word' id='word_1_252' title='bbox 1017 1560 1281 1610; x_wconf 81' lang='lat' dir='ltr'>typographus</span> <span class='ocrx_word' id='word_1_253' title='bbox 1317 1571 1408 1598; x_wconf 86' lang='lat' dir='ltr'>vero</span> <span class='ocrx_word' id='word_1_254' title='bbox 1445 1560 1539 1597; x_wconf 88' lang='lat' dir='ltr'>mihi</span> <span class='ocrx_word' id='word_1_255' title='bbox 1583 1560 1618 1598; x_wconf 84' lang='lat' dir='ltr'>d.</span> <span class='ocrx_word' id='word_1_256' title='bbox 1663 1564 1727 1600; x_wconf 81' lang='lat'>13.</span> <span class='ocrx_word' id='word_1_257' title='bbox 1766 1559 1864 1598; x_wconf 86' lang='lat' dir='ltr'>Julii</span> <span class='ocrx_word' id='word_1_258' title='bbox 1907 1559 2066 1606; x_wconf 83' lang='lat' dir='ltr'>dixerat,</span> 
     </span>
     <span class='ocr_line' id='line_1_25' title="bbox 286 1617 2066 1667; baseline 0 -13"><span class='ocrx_word' id='word_1_259' title='bbox 286 1617 358 1655; x_wconf 91' lang='lat' dir='ltr'>hac</span> <span class='ocrx_word' id='word_1_260' title='bbox 388 1618 476 1666; x_wconf 89' lang='lat' dir='ltr'>ipsa</span> <span class='ocrx_word' id='word_1_261' title='bbox 505 1617 599 1655; x_wconf 89' lang='lat' dir='ltr'>hora</span> <span class='ocrx_word' id='word_1_262' title='bbox 630 1617 781 1655; x_wconf 89' lang='lat' dir='ltr'>absolvi</span> <span class='ocrx_word' id='word_1_263' title='bbox 813 1617 970 1656; x_wconf 76' lang='lat' dir='ltr'>ultimae</span> <span class='ocrx_word' id='word_1_264' title='bbox 1002 1618 1144 1656; x_wconf 89' lang='lat' dir='ltr'>formae</span> <span class='ocrx_word' id='word_1_265' title='bbox 1177 1619 1460 1656; x_wconf 90' lang='lat' dir='ltr'>correctionem.</span> <span class='ocrx_word' id='word_1_266' title='bbox 1513 1617 1712 1667; x_wconf 89' lang='lat' dir='ltr'>Epistolae</span> <span class='ocrx_word' id='word_1_267' title='bbox 1746 1617 1795 1655; x_wconf 91' lang='lat' dir='ltr'>ad</span> <span class='ocrx_word' id='word_1_268' title='bbox 1824 1617 2066 1655; x_wconf 86' lang='lat' dir='ltr'>Bartschium</span> 
     </span>
     <span class='ocr_line' id='line_1_26' title="bbox 289 1675 2067 1726; baseline 0 -13"><span class='ocrx_word' id='word_1_269' title='bbox 289 1676 521 1724; x_wconf 86' lang='lat' dir='ltr'>exemplaria</span> <span class='ocrx_word' id='word_1_270' title='bbox 552 1687 637 1713; x_wconf 91' lang='lat' dir='ltr'>cum</span> <span class='ocrx_word' id='word_1_271' title='bbox 669 1675 829 1713; x_wconf 85' lang='lat' dir='ltr'>Tabulis</span> <span class='ocrx_word' id='word_1_272' title='bbox 860 1678 953 1714; x_wconf 89' lang='lat' dir='ltr'>meis</span> <span class='ocrx_word' id='word_1_273' title='bbox 985 1678 1197 1726; x_wconf 87' lang='lat' dir='ltr'>synoptieis</span> <span class='ocrx_word' id='word_1_274' title='bbox 1227 1677 1448 1726; x_wconf 86' lang='lat' dir='ltr'>systematis</span> <span class='ocrx_word' id='word_1_275' title='bbox 1479 1677 1740 1714; x_wconf 85' lang='lat' dir='ltr'>mathematici</span> <span class='ocrx_word' id='word_1_276' title='bbox 1771 1676 1918 1726; x_wconf 86' lang='lat' dir='ltr'>accepit</span> <span class='ocrx_word' id='word_1_277' title='bbox 1947 1675 2067 1713; x_wconf 85' lang='lat' dir='ltr'>Tam-</span> 
     </span>
     <span class='ocr_line' id='line_1_27' title="bbox 285 1733 2067 1783; baseline 0.001 -13"><span class='ocrx_word' id='word_1_278' title='bbox 285 1733 470 1783; x_wconf 81' lang='lat' dir='ltr'>pachius3</span> <span class='ocrx_word' id='word_1_279' title='bbox 503 1734 645 1779; x_wconf 87' lang='lat' dir='ltr'>scribit,</span> <span class='ocrx_word' id='word_1_280' title='bbox 678 1745 719 1771; x_wconf 90' lang='lat' dir='ltr'>se</span> <span class='ocrx_word' id='word_1_281' title='bbox 750 1739 816 1771; x_wconf 93' lang='lat' dir='ltr'>tuo</span> <span class='ocrx_word' id='word_1_282' title='bbox 848 1746 959 1772; x_wconf 87' lang='lat' dir='ltr'>usum</span> <span class='ocrx_word' id='word_1_283' title='bbox 991 1734 1172 1782; x_wconf 85' lang='lat' dir='ltr'>consilio,</span> <span class='ocrx_word' id='word_1_284' title='bbox 1205 1735 1255 1772; x_wconf 90' lang='lat' dir='ltr'>ad</span> <span class='ocrx_word' id='word_1_285' title='bbox 1286 1746 1398 1783; x_wconf 90' lang='lat' dir='ltr'>quem</span> <span class='ocrx_word' id='word_1_286' title='bbox 1427 1734 1508 1782; x_wconf 86' lang='lat' dir='ltr'>jam</span> <span class='ocrx_word' id='word_1_287' title='bbox 1539 1735 1703 1781; x_wconf 87' lang='lat' dir='ltr'>scribat,</span> <span class='ocrx_word' id='word_1_288' title='bbox 1745 1733 1844 1773; x_wconf 89' lang='lat' dir='ltr'>velle</span> <span class='ocrx_word' id='word_1_289' title='bbox 1875 1733 1962 1771; x_wconf 90' lang='lat' dir='ltr'>illas</span> <span class='ocrx_word' id='word_1_290' title='bbox 1992 1735 2067 1771; x_wconf 92' lang='lat' dir='ltr'>im-</span> 
     </span>
     <span class='ocr_line' id='line_1_28' title="bbox 286 1790 2066 1842; baseline 0.001 -15"><span class='ocrx_word' id='word_1_291' title='bbox 286 1792 460 1841; x_wconf 86' lang='lat' dir='ltr'>primere.</span> <span class='ocrx_word' id='word_1_292' title='bbox 521 1790 608 1829; x_wconf 91' lang='lat' dir='ltr'>Hoc</span> <span class='ocrx_word' id='word_1_293' title='bbox 636 1793 720 1841; x_wconf 87' lang='lat' dir='ltr'>ipso</span> <span class='ocrx_word' id='word_1_294' title='bbox 754 1791 813 1829; x_wconf 90' lang='lat' dir='ltr'>die</span> <span class='ocrx_word' id='word_1_295' title='bbox 842 1792 918 1841; x_wconf 83' lang='lat' dir='ltr'>legi</span> <span class='ocrx_word' id='word_1_296' title='bbox 950 1792 1152 1842; x_wconf 89' lang='lat' dir='ltr'>epistolam</span> <span class='ocrx_word' id='word_1_297' title='bbox 1191 1792 1313 1839; x_wconf 86' lang='lat' dir='ltr'>filiae,</span> <span class='ocrx_word' id='word_1_298' title='bbox 1357 1804 1456 1841; x_wconf 85' lang='lat' dir='ltr'>quae</span> <span class='ocrx_word' id='word_1_299' title='bbox 1493 1804 1533 1830; x_wconf 91' lang='lat' dir='ltr'>se</span> <span class='ocrx_word' id='word_1_300' title='bbox 1574 1793 1769 1842; x_wconf 86' lang='lat' dir='ltr'>accepisse</span> <span class='ocrx_word' id='word_1_301' title='bbox 1802 1795 1824 1830; x_wconf 86' lang='lat'>8</span> <span class='ocrx_word' id='word_1_302' title='bbox 1858 1791 2066 1830; x_wconf 86' lang='lat' dir='ltr'>Rhenanos</span> 
     </span>
     <span class='ocr_line' id='line_1_29' title="bbox 288 1849 2067 1900; baseline 0.001 -14"><span class='ocrx_word' id='word_1_303' title='bbox 288 1860 424 1887; x_wconf 89' lang='lat' dir='ltr'>aureos</span> <span class='ocrx_word' id='word_1_304' title='bbox 456 1849 525 1886; x_wconf 87' lang='lat' dir='ltr'>abs</span> <span class='ocrx_word' id='word_1_305' title='bbox 558 1854 594 1887; x_wconf 92' lang='lat' dir='ltr'>te</span> <span class='ocrx_word' id='word_1_306' title='bbox 627 1851 780 1888; x_wconf 87' lang='lat' dir='ltr'>nomine</span> <span class='ocrx_word' id='word_1_307' title='bbox 812 1850 1006 1888; x_wconf 89' lang='lat' dir='ltr'>honorarii</span> <span class='ocrx_word' id='word_1_308' title='bbox 1027 1851 1076 1888; x_wconf 86' lang='lat' dir='ltr'>ab</span> <span class='ocrx_word' id='word_1_309' title='bbox 1097 1850 1157 1888; x_wconf 90' lang='lat' dir='ltr'>Ill.</span> <span class='ocrx_word' id='word_1_310' title='bbox 1180 1850 1358 1900; x_wconf 90' lang='lat' dir='ltr'>Principe</span> <span class='ocrx_word' id='word_1_311' title='bbox 1379 1850 1671 1898; x_wconf 88' lang='lat' dir='ltr'>Luneburgensi</span> <span class='ocrx_word' id='word_1_312' title='bbox 1700 1863 1766 1900; x_wconf 89' lang='lat' dir='ltr'>per</span> <span class='ocrx_word' id='word_1_313' title='bbox 1788 1850 1838 1887; x_wconf 92' lang='lat' dir='ltr'>D.</span> <span class='ocrx_word' id='word_1_314' title='bbox 1860 1850 1909 1889; x_wconf 92' lang='lat' dir='ltr'>D.</span> <span class='ocrx_word' id='word_1_315' title='bbox 1933 1849 2067 1888; x_wconf 86' lang='lat' dir='ltr'>Clute-</span> 
     </span>
     <span class='ocr_line' id='line_1_30' title="bbox 286 1907 2066 1958; baseline 0.001 -15"><span class='ocrx_word' id='word_1_316' title='bbox 286 1908 392 1945; x_wconf 91' lang='lat' dir='ltr'>nium</span> <span class='ocrx_word' id='word_1_317' title='bbox 422 1908 515 1944; x_wconf 89' lang='lat' dir='ltr'>mihi</span> <span class='ocrx_word' id='word_1_318' title='bbox 546 1918 613 1956; x_wconf 89' lang='lat' dir='ltr'>pro</span> <span class='ocrx_word' id='word_1_319' title='bbox 646 1907 776 1945; x_wconf 90' lang='lat' dir='ltr'>oblato</span> <span class='ocrx_word' id='word_1_320' title='bbox 809 1908 1016 1958; x_wconf 86' lang='lat' dir='ltr'>exemplari</span> <span class='ocrx_word' id='word_1_321' title='bbox 1048 1909 1204 1949; x_wconf 89' lang='lat' dir='ltr'>obtenti.</span> <span class='ocrx_word' id='word_1_322' title='bbox 1245 1907 1414 1946; x_wconf 89' lang='lat' dir='ltr'>Obsecro</span> <span class='ocrx_word' id='word_1_323' title='bbox 1446 1920 1536 1946; x_wconf 91' lang='lat' dir='ltr'>num</span> <span class='ocrx_word' id='word_1_324' title='bbox 1567 1908 1665 1947; x_wconf 88' lang='lat' dir='ltr'>haec</span> <span class='ocrx_word' id='word_1_325' title='bbox 1696 1909 1797 1946; x_wconf 89' lang='lat' dir='ltr'>bona</span> <span class='ocrx_word' id='word_1_326' title='bbox 1827 1907 1902 1946; x_wconf 86' lang='lat' dir='ltr'>fide</span> <span class='ocrx_word' id='word_1_327' title='bbox 1923 1919 2066 1957; x_wconf 87' lang='lat' dir='ltr'>gerun-</span> 
     </span>
     <span class='ocr_line' id='line_1_31' title="bbox 288 1965 2067 2016; baseline 0 -13"><span class='ocrx_word' id='word_1_328' title='bbox 288 1965 378 2003; x_wconf 84' lang='lat' dir='ltr'>tur‘?</span> <span class='ocrx_word' id='word_1_329' title='bbox 431 1965 491 2002; x_wconf 91' lang='lat' dir='ltr'>An</span> <span class='ocrx_word' id='word_1_330' title='bbox 524 1971 564 2002; x_wconf 88' lang='lat' dir='ltr'>tu</span> <span class='ocrx_word' id='word_1_331' title='bbox 597 1965 641 2003; x_wconf 87' lang='lat' dir='ltr'>de</span> <span class='ocrx_word' id='word_1_332' title='bbox 663 1971 728 2003; x_wconf 96' lang='lat' dir='ltr'>tuo</span> <span class='ocrx_word' id='word_1_333' title='bbox 750 1965 943 2013; x_wconf 86' lang='lat' dir='ltr'>addidisti,</span> <span class='ocrx_word' id='word_1_334' title='bbox 978 1966 1081 2015; x_wconf 90' lang='lat' dir='ltr'>quod</span> <span class='ocrx_word' id='word_1_335' title='bbox 1112 1978 1179 2016; x_wconf 88' lang='lat' dir='ltr'>pro</span> <span class='ocrx_word' id='word_1_336' title='bbox 1211 1972 1278 2004; x_wconf 86' lang='lat' dir='ltr'>tua</span> <span class='ocrx_word' id='word_1_337' title='bbox 1308 1968 1345 2003; x_wconf 92' lang='lat' dir='ltr'>in</span> <span class='ocrx_word' id='word_1_338' title='bbox 1369 1978 1428 2005; x_wconf 92' lang='lat' dir='ltr'>me</span> <span class='ocrx_word' id='word_1_339' title='bbox 1450 1978 1600 2004; x_wconf 86' lang='lat' dir='ltr'>summa</span> <span class='ocrx_word' id='word_1_340' title='bbox 1630 1966 1902 2004; x_wconf 88' lang='lat' dir='ltr'>benevolentia</span> <span class='ocrx_word' id='word_1_341' title='bbox 1932 1965 2067 2004; x_wconf 91' lang='lat' dir='ltr'>deesse</span> 
     </span>
     <span class='ocr_line' id='line_1_32' title="bbox 286 2022 2065 2075; baseline 0.001 -15"><span class='ocrx_word' id='word_1_342' title='bbox 286 2022 460 2073; x_wconf 77' lang='lat' dir='ltr'>putasti?</span> <span class='ocrx_word' id='word_1_343' title='bbox 513 2022 606 2070; x_wconf 81' lang='lat' dir='ltr'>Quis</span> <span class='ocrx_word' id='word_1_344' title='bbox 650 2025 746 2061; x_wconf 88' lang='lat' dir='ltr'>enim</span> <span class='ocrx_word' id='word_1_345' title='bbox 779 2036 854 2062; x_wconf 87' lang='lat' dir='ltr'>non</span> <span class='ocrx_word' id='word_1_346' title='bbox 886 2025 1032 2075; x_wconf 86' lang='lat' dir='ltr'>pudore</span> <span class='ocrx_word' id='word_1_347' title='bbox 1065 2024 1337 2071; x_wconf 87' lang='lat' dir='ltr'>confundatur,</span> <span class='ocrx_word' id='word_1_348' title='bbox 1381 2036 1448 2075; x_wconf 88' lang='lat' dir='ltr'>pro</span> <span class='ocrx_word' id='word_1_349' title='bbox 1487 2024 1696 2075; x_wconf 84' lang='lat' dir='ltr'>exemplari</span> <span class='ocrx_word' id='word_1_350' title='bbox 1734 2030 1882 2063; x_wconf 88' lang='lat' dir='ltr'>tantum</span> <span class='ocrx_word' id='word_1_351' title='bbox 1914 2034 2065 2071; x_wconf 90' lang='lat' dir='ltr'>munus,</span> 
     </span>
     <span class='ocr_line' id='line_1_33' title="bbox 286 2080 2065 2133; baseline 0.001 -15"><span class='ocrx_word' id='word_1_352' title='bbox 286 2086 396 2118; x_wconf 90' lang='lat' dir='ltr'>tanta</span> <span class='ocrx_word' id='word_1_353' title='bbox 439 2080 663 2119; x_wconf 86' lang='lat' dir='ltr'>difficultate</span> <span class='ocrx_word' id='word_1_354' title='bbox 701 2088 914 2132; x_wconf 90' lang='lat' dir='ltr'>temporum</span> <span class='ocrx_word' id='word_1_355' title='bbox 953 2082 1172 2133; x_wconf 77' lang='lat' dir='ltr'>accipiens?</span> <span class='ocrx_word' id='word_1_356' title='bbox 1221 2083 1269 2120; x_wconf 88' lang='lat' dir='ltr'>Et</span> <span class='ocrx_word' id='word_1_357' title='bbox 1310 2082 1503 2132; x_wconf 88' lang='lat' dir='ltr'>quodnam</span> <span class='ocrx_word' id='word_1_358' title='bbox 1542 2087 1692 2133; x_wconf 90' lang='lat' dir='ltr'>tempus</span> <span class='ocrx_word' id='word_1_359' title='bbox 1731 2083 1947 2132; x_wconf 87' lang='lat' dir='ltr'>occupabo,</span> <span class='ocrx_word' id='word_1_360' title='bbox 1989 2093 2065 2131; x_wconf 89' lang='lat' dir='ltr'>quo</span> 
     </span>
     <span class='ocr_line' id='line_1_34' title="bbox 288 2138 2067 2191; baseline 0.001 -15"><span class='ocrx_word' id='word_1_361' title='bbox 288 2138 350 2177; x_wconf 92' lang='lat' dir='ltr'>Ill.</span> <span class='ocrx_word' id='word_1_362' title='bbox 383 2138 562 2188; x_wconf 88' lang='lat' dir='ltr'>Principi,</span> <span class='ocrx_word' id='word_1_363' title='bbox 595 2139 641 2178; x_wconf 90' lang='lat' dir='ltr'>D.</span> <span class='ocrx_word' id='word_1_364' title='bbox 674 2139 864 2187; x_wconf 86' lang='lat' dir='ltr'>Clutenio,</span> <span class='ocrx_word' id='word_1_365' title='bbox 897 2141 997 2188; x_wconf 87' lang='lat' dir='ltr'>Tibi,</span> <span class='ocrx_word' id='word_1_366' title='bbox 1029 2141 1200 2191; x_wconf 85' lang='lat' dir='ltr'>propolis</span> <span class='ocrx_word' id='word_1_367' title='bbox 1231 2142 1326 2178; x_wconf 88' lang='lat' dir='ltr'>meis</span> <span class='ocrx_word' id='word_1_368' title='bbox 1358 2140 1495 2190; x_wconf 83' lang='lat' dir='ltr'>dignas</span> <span class='ocrx_word' id='word_1_369' title='bbox 1526 2153 1639 2190; x_wconf 86' lang='lat' dir='ltr'>agam</span> <span class='ocrx_word' id='word_1_370' title='bbox 1670 2140 1843 2190; x_wconf 74' lang='lat' dir='ltr'>gratias?</span> <span class='ocrx_word' id='word_1_371' title='bbox 1903 2140 2067 2191; x_wconf 88' lang='lat' dir='ltr'>Sportu-</span> 
     </span>
     <span class='ocr_line' id='line_1_35' title="bbox 285 2196 2066 2248; baseline 0.001 -15"><span class='ocrx_word' id='word_1_372' title='bbox 285 2197 363 2234; x_wconf 90' lang='lat' dir='ltr'>lam</span> <span class='ocrx_word' id='word_1_373' title='bbox 394 2196 507 2235; x_wconf 88' lang='lat' dir='ltr'>video</span> <span class='ocrx_word' id='word_1_374' title='bbox 539 2208 598 2235; x_wconf 91' lang='lat' dir='ltr'>me</span> <span class='ocrx_word' id='word_1_375' title='bbox 630 2196 779 2244; x_wconf 88' lang='lat' dir='ltr'>debere,</span> <span class='ocrx_word' id='word_1_376' title='bbox 812 2198 925 2236; x_wconf 89' lang='lat' dir='ltr'>modo</span> <span class='ocrx_word' id='word_1_377' title='bbox 958 2211 1004 2237; x_wconf 88' lang='lat' dir='ltr'>ne</span> <span class='ocrx_word' id='word_1_378' title='bbox 1037 2211 1082 2237; x_wconf 89' lang='lat' dir='ltr'>ea</span> <span class='ocrx_word' id='word_1_379' title='bbox 1114 2210 1238 2236; x_wconf 82' lang='lat' dir='ltr'>vacua</span> <span class='ocrx_word' id='word_1_380' title='bbox 1268 2200 1396 2248; x_wconf 88' lang='lat' dir='ltr'>potius</span> <span class='ocrx_word' id='word_1_381' title='bbox 1428 2203 1466 2236; x_wconf 90' lang='lat' dir='ltr'>et</span> <span class='ocrx_word' id='word_1_382' title='bbox 1495 2198 1629 2248; x_wconf 87' lang='lat' dir='ltr'>indiga</span> <span class='ocrx_word' id='word_1_383' title='bbox 1657 2204 1695 2237; x_wconf 85' lang='lat' dir='ltr'>et</span> <span class='ocrx_word' id='word_1_384' title='bbox 1715 2198 1936 2237; x_wconf 88' lang='lat' dir='ltr'>mendicans</span> <span class='ocrx_word' id='word_1_385' title='bbox 1967 2199 2066 2236; x_wconf 90' lang='lat' dir='ltr'>mitti</span> 
     </span>
     <span class='ocr_line' id='line_1_36' title="bbox 285 2254 2066 2307; baseline 0.001 -16"><span class='ocrx_word' id='word_1_386' title='bbox 285 2260 452 2304; x_wconf 86' lang='lat' dir='ltr'>putetur.</span> <span class='ocrx_word' id='word_1_387' title='bbox 512 2254 664 2292; x_wconf 89' lang='lat' dir='ltr'>Mittam</span> <span class='ocrx_word' id='word_1_388' title='bbox 695 2267 761 2305; x_wconf 91' lang='lat' dir='ltr'>per</span> <span class='ocrx_word' id='word_1_389' title='bbox 792 2256 1095 2296; x_wconf 83' lang='lat' dir='ltr'>Francosurtum.</span> <span class='ocrx_word' id='word_1_390' title='bbox 1152 2256 1308 2307; x_wconf 82' lang='lat' dir='ltr'>Interim</span> <span class='ocrx_word' id='word_1_391' title='bbox 1337 2268 1398 2295; x_wconf 93' lang='lat' dir='ltr'>me</span> <span class='ocrx_word' id='word_1_392' title='bbox 1430 2257 1477 2295; x_wconf 95' lang='lat' dir='ltr'>D.</span> <span class='ocrx_word' id='word_1_393' title='bbox 1511 2256 1561 2294; x_wconf 94' lang='lat' dir='ltr'>D.</span> <span class='ocrx_word' id='word_1_394' title='bbox 1585 2256 1760 2295; x_wconf 89' lang='lat' dir='ltr'>Clutenio</span> <span class='ocrx_word' id='word_1_395' title='bbox 1793 2262 1831 2296; x_wconf 88' lang='lat' dir='ltr'>et</span> <span class='ocrx_word' id='word_1_396' title='bbox 1861 2268 1928 2307; x_wconf 90' lang='lat' dir='ltr'>per</span> <span class='ocrx_word' id='word_1_397' title='bbox 1957 2255 2066 2294; x_wconf 87' lang='lat' dir='ltr'>illum</span> 
     </span>
     <span class='ocr_line' id='line_1_37' title="bbox 285 2311 2064 2367; baseline 0.002 -18"><span class='ocrx_word' id='word_1_398' title='bbox 285 2311 550 2350; x_wconf 88' lang='lat' dir='ltr'>Illustrissimo</span> <span class='ocrx_word' id='word_1_399' title='bbox 583 2313 820 2352; x_wconf 83' lang='lat' dir='ltr'>commenda.</span> <span class='ocrx_word' id='word_1_400' title='bbox 879 2314 990 2353; x_wconf 87' lang='lat' dir='ltr'>Vale.</span> <span class='ocrx_word' id='word_1_401' title='bbox 1051 2315 1194 2365; x_wconf 86' lang='lat' dir='ltr'>Scripsi</span> <span class='ocrx_word' id='word_1_402' title='bbox 1236 2314 1395 2352; x_wconf 80' lang='lat' dir='ltr'>Gb&#39;rlicii</span> <span class='ocrx_word' id='word_1_403' title='bbox 1426 2313 1462 2353; x_wconf 90' lang='lat' dir='ltr'>d.</span> <span class='ocrx_word' id='word_1_404' title='bbox 1498 2313 1651 2367; x_wconf 78' lang='lat' dir='ltr'>1‘2.s22.</span> <span class='ocrx_word' id='word_1_405' title='bbox 1683 2314 1782 2353; x_wconf 80' lang='lat' dir='ltr'>Julii</span> <span class='ocrx_word' id='word_1_406' title='bbox 1820 2316 1910 2352; x_wconf 86' lang='lat' dir='ltr'>anni</span> <span class='ocrx_word' id='word_1_407' title='bbox 1944 2318 2064 2353; x_wconf 80' lang='lat'><strong>1629.</strong></span> 
     </span>
    </p>

    <p class='ocr_par' dir='ltr' id='par_1_4' title="bbox 284 2370 2102 3000">
     <span class='ocr_line' id='line_1_38' title="bbox 431 2370 2065 2422; baseline 0.002 -15"><span class='ocrx_word' id='word_1_408' title='bbox 431 2370 674 2420; x_wconf 88' lang='lat' dir='ltr'>Keplerus</span> <span class='ocrx_word' id='word_1_409' title='bbox 704 2371 946 2421; x_wconf 81' lang='lat' dir='ltr'>Berneggero</span> <span class='ocrx_word' id='word_1_410' title='bbox 978 2372 1016 2412; x_wconf 86' lang='lat' dir='ltr'>S.</span> <span class='ocrx_word' id='word_1_411' title='bbox 1049 2372 1093 2410; x_wconf 84' lang='lat' dir='ltr'>P.</span> <span class='ocrx_word' id='word_1_412' title='bbox 1125 2373 1175 2412; x_wconf 86' lang='lat' dir='ltr'>D.</span> <span class='ocrx_word' id='word_1_413' title='bbox 1227 2372 1445 2410; x_wconf 86' lang='lat' dir='ltr'>Clarissime</span> <span class='ocrx_word' id='word_1_414' title='bbox 1477 2374 1787 2422; x_wconf 90' lang='lat' dir='ltr'>amicissimeque</span> <span class='ocrx_word' id='word_1_415' title='bbox 1818 2373 1898 2411; x_wconf 90' lang='lat' dir='ltr'>Vir.</span> <span class='ocrx_word' id='word_1_416' title='bbox 1951 2371 2065 2421; x_wconf 86' lang='lat' dir='ltr'>Quod</span> 
     </span>
     <span class='ocr_line' id='line_1_39' title="bbox 285 2427 2062 2481; baseline 0.002 -16"><span class='ocrx_word' id='word_1_417' title='bbox 285 2427 394 2466; x_wconf 91' lang='lat' dir='ltr'>Deus</span> <span class='ocrx_word' id='word_1_418' title='bbox 426 2427 470 2465; x_wconf 93' lang='lat' dir='ltr'>O.</span> <span class='ocrx_word' id='word_1_419' title='bbox 503 2428 556 2465; x_wconf 92' lang='lat' dir='ltr'>M.</span> <span class='ocrx_word' id='word_1_420' title='bbox 596 2440 681 2466; x_wconf 93' lang='lat' dir='ltr'>meo</span> <span class='ocrx_word' id='word_1_421' title='bbox 711 2440 957 2479; x_wconf 89' lang='lat' dir='ltr'>meorumque</span> <span class='ocrx_word' id='word_1_422' title='bbox 1001 2430 1201 2468; x_wconf 92' lang='lat' dir='ltr'>commodo</span> <span class='ocrx_word' id='word_1_423' title='bbox 1234 2435 1377 2478; x_wconf 83' lang='lat' dir='ltr'>vertat,</span> <span class='ocrx_word' id='word_1_424' title='bbox 1421 2429 1469 2468; x_wconf 90' lang='lat' dir='ltr'>ad</span> <span class='ocrx_word' id='word_1_425' title='bbox 1512 2430 1591 2470; x_wconf 85' lang='lat' dir='ltr'>Cal.</span> <span class='ocrx_word' id='word_1_426' title='bbox 1629 2430 1736 2481; x_wconf 83' lang='lat' dir='ltr'>Sept.</span> <span class='ocrx_word' id='word_1_427' title='bbox 1778 2430 1896 2469; x_wconf 89' lang='lat' dir='ltr'>filiam</span> <span class='ocrx_word' id='word_1_428' title='bbox 1936 2442 2062 2469; x_wconf 91' lang='lat' dir='ltr'>meam</span> 
     </span>
     <span class='ocr_line' id='line_1_40' title="bbox 285 2485 2084 2544; baseline 0.001 -20"><span class='ocrx_word' id='word_1_429' title='bbox 285 2485 514 2533; x_wconf 86' lang='lat' dir='ltr'>Susannam,</span> <span class='ocrx_word' id='word_1_430' title='bbox 546 2486 735 2535; x_wconf 86' lang='lat' dir='ltr'>siquidem</span> <span class='ocrx_word' id='word_1_431' title='bbox 768 2494 805 2525; x_wconf 90' lang='lat' dir='ltr'>et</span> <span class='ocrx_word' id='word_1_432' title='bbox 834 2490 919 2537; x_wconf 86' lang='lat' dir='ltr'>ipsa</span> <span class='ocrx_word' id='word_1_433' title='bbox 949 2494 1062 2538; x_wconf 89' lang='lat' dir='ltr'>pacta</span> <span class='ocrx_word' id='word_1_434' title='bbox 1092 2500 1178 2527; x_wconf 88' lang='lat' dir='ltr'>mea</span> <span class='ocrx_word' id='word_1_435' title='bbox 1208 2493 1291 2526; x_wconf 87' lang='lat' dir='ltr'>rata</span> <span class='ocrx_word' id='word_1_436' title='bbox 1321 2488 1474 2536; x_wconf 90' lang='lat' dir='ltr'>habeat,</span> <span class='ocrx_word' id='word_1_437' title='bbox 1507 2487 1662 2526; x_wconf 85' lang='lat' dir='ltr'>Jacobo</span> <span class='ocrx_word' id='word_1_438' title='bbox 1685 2488 1888 2527; x_wconf 85' lang='lat' dir='ltr'>Bartschio</span> <span class='ocrx_word' id='word_1_439' title='bbox 1919 2493 2084 2544; x_wconf 68' lang='lat' dir='ltr'>nostro,¹</span> 
     </span>
     <span class='ocr_line' id='line_1_41' title="bbox 287 2544 2063 2596; baseline 0.002 -15"><span class='ocrx_word' id='word_1_440' title='bbox 287 2546 362 2582; x_wconf 93' lang='lat' dir='ltr'>tuis</span> <span class='ocrx_word' id='word_1_441' title='bbox 393 2544 790 2583; x_wconf 85' lang='lat' dir='ltr'>commendationibus</span> <span class='ocrx_word' id='word_1_442' title='bbox 820 2548 971 2595; x_wconf 84' lang='lat' dir='ltr'>roganti</span> <span class='ocrx_word' id='word_1_443' title='bbox 1002 2546 1094 2584; x_wconf 88' lang='lat' dir='ltr'>mihi</span> <span class='ocrx_word' id='word_1_444' title='bbox 1127 2546 1380 2585; x_wconf 88' lang='lat' dir='ltr'>condecorato</span> <span class='ocrx_word' id='word_1_445' title='bbox 1413 2552 1450 2584; x_wconf 89' lang='lat' dir='ltr'>et</span> <span class='ocrx_word' id='word_1_446' title='bbox 1481 2551 1677 2596; x_wconf 88' lang='lat' dir='ltr'>promoto,</span> <span class='ocrx_word' id='word_1_447' title='bbox 1710 2547 1875 2585; x_wconf 87' lang='lat' dir='ltr'>futuram</span> <span class='ocrx_word' id='word_1_448' title='bbox 1907 2558 2063 2585; x_wconf 88' lang='lat' dir='ltr'>uxorem</span> 
     </span>
     <span class='ocr_line' id='line_1_42' title="bbox 286 2601 2102 2655; baseline 0.003 -16"><span class='ocrx_word' id='word_1_449' title='bbox 286 2601 428 2649; x_wconf 77' lang='lat' dir='ltr'>addixi,</span> <span class='ocrx_word' id='word_1_450' title='bbox 461 2607 666 2652; x_wconf 89' lang='lat' dir='ltr'>actumque</span> <span class='ocrx_word' id='word_1_451' title='bbox 699 2602 744 2642; x_wconf 91' lang='lat' dir='ltr'>de</span> <span class='ocrx_word' id='word_1_452' title='bbox 777 2605 900 2642; x_wconf 89' lang='lat' dir='ltr'>amico</span> <span class='ocrx_word' id='word_1_453' title='bbox 931 2604 1187 2654; x_wconf 84' lang='lat' dir='ltr'>Berneggero,</span> <span class='ocrx_word' id='word_1_454' title='bbox 1221 2609 1261 2642; x_wconf 93' lang='lat' dir='ltr'>ut</span> <span class='ocrx_word' id='word_1_455' title='bbox 1292 2606 1374 2642; x_wconf 89' lang='lat' dir='ltr'>sive</span> <span class='ocrx_word' id='word_1_456' title='bbox 1406 2604 1663 2654; x_wconf 85' lang='lat' dir='ltr'>Argentinae,</span> <span class='ocrx_word' id='word_1_457' title='bbox 1694 2607 1726 2642; x_wconf 89' lang='lat' dir='ltr'>si</span> <span class='ocrx_word' id='word_1_458' title='bbox 1757 2610 1930 2655; x_wconf 88' lang='lat' dir='ltr'>tempora</span> <span class='ocrx_word' id='word_1_459' title='bbox 1959 2604 2062 2643; x_wconf 91' lang='lat' dir='ltr'>tule-</span> <span class='ocrx_word' id='word_1_460' title='bbox 2099 2639 2102 2645; x_wconf 96' lang='grc'><em>,</em></span> 
     </span>
     <span class='ocr_line' id='line_1_43' title="bbox 285 2660 2061 2713; baseline 0.002 -18"><span class='ocrx_word' id='word_1_461' title='bbox 285 2660 370 2708; x_wconf 91' lang='lat' dir='ltr'>rint,</span> <span class='ocrx_word' id='word_1_462' title='bbox 401 2660 573 2698; x_wconf 87' lang='lat' dir='ltr'>lauream</span> <span class='ocrx_word' id='word_1_463' title='bbox 603 2660 789 2699; x_wconf 90' lang='lat' dir='ltr'>medicam</span> <span class='ocrx_word' id='word_1_464' title='bbox 822 2674 907 2700; x_wconf 90' lang='lat' dir='ltr'>cum</span> <span class='ocrx_word' id='word_1_465' title='bbox 937 2662 1160 2700; x_wconf 89' lang='lat' dir='ltr'>solennibus</span> <span class='ocrx_word' id='word_1_466' title='bbox 1191 2663 1429 2713; x_wconf 85' lang='lat' dir='ltr'>nuptialibus</span> <span class='ocrx_word' id='word_1_467' title='bbox 1468 2662 1729 2711; x_wconf 80' lang='lat' dir='ltr'>conjunxerit,</span> <span class='ocrx_word' id='word_1_468' title='bbox 1775 2665 1858 2701; x_wconf 89' lang='lat' dir='ltr'>sivc</span> <span class='ocrx_word' id='word_1_469' title='bbox 1900 2662 1993 2700; x_wconf 90' lang='lat' dir='ltr'>alibi</span> <span class='ocrx_word' id='word_1_470' title='bbox 2023 2664 2061 2699; x_wconf 93' lang='lat' dir='ltr'>in</span> 
     </span>
     <span class='ocr_line' id='line_1_44' title="bbox 286 2717 2061 2770; baseline 0.001 -15"><span class='ocrx_word' id='word_1_471' title='bbox 286 2717 431 2756; x_wconf 86' lang='lat' dir='ltr'>Suevia</span> <span class='ocrx_word' id='word_1_472' title='bbox 470 2719 607 2756; x_wconf 84' lang='lat' dir='ltr'>festum</span> <span class='ocrx_word' id='word_1_473' title='bbox 649 2719 820 2769; x_wconf 89' lang='lat' dir='ltr'>nuptiale</span> <span class='ocrx_word' id='word_1_474' title='bbox 859 2721 1083 2768; x_wconf 89' lang='lat' dir='ltr'>instituerit,</span> <span class='ocrx_word' id='word_1_475' title='bbox 1125 2721 1391 2770; x_wconf 85' lang='lat' dir='ltr'>Berneggerus</span> <span class='ocrx_word' id='word_1_476' title='bbox 1431 2722 1550 2770; x_wconf 85' lang='lat' dir='ltr'>patris</span> <span class='ocrx_word' id='word_1_477' title='bbox 1590 2721 1694 2758; x_wconf 87' lang='lat' dir='ltr'>vices</span> <span class='ocrx_word' id='word_1_478' title='bbox 1733 2721 1891 2768; x_wconf 87' lang='lat' dir='ltr'>subeat;</span> <span class='ocrx_word' id='word_1_479' title='bbox 1929 2719 1999 2758; x_wconf 88' lang='lat' dir='ltr'>sed</span> <span class='ocrx_word' id='word_1_480' title='bbox 2029 2723 2061 2758; x_wconf 91' lang='lat' dir='ltr'>si</span> 
     </span>
     <span class='ocr_line' id='line_1_45' title="bbox 286 2775 2061 2828; baseline 0.002 -16"><span class='ocrx_word' id='word_1_481' title='bbox 286 2775 532 2824; x_wconf 87' lang='lat' dir='ltr'>Argentinae,</span> <span class='ocrx_word' id='word_1_482' title='bbox 566 2778 681 2814; x_wconf 80' lang='lat' dir='ltr'>etiam</span> <span class='ocrx_word' id='word_1_483' title='bbox 712 2783 860 2815; x_wconf 88' lang='lat' dir='ltr'>sumtus</span> <span class='ocrx_word' id='word_1_484' title='bbox 891 2778 936 2816; x_wconf 88' lang='lat' dir='ltr'>de</span> <span class='ocrx_word' id='word_1_485' title='bbox 968 2790 1052 2817; x_wconf 93' lang='lat' dir='ltr'>meo</span> <span class='ocrx_word' id='word_1_486' title='bbox 1085 2777 1239 2827; x_wconf 89' lang='lat' dir='ltr'>quidem</span> <span class='ocrx_word' id='word_1_487' title='bbox 1272 2783 1414 2828; x_wconf 86' lang='lat' dir='ltr'>eroget,</span> <span class='ocrx_word' id='word_1_488' title='bbox 1447 2783 1485 2816; x_wconf 91' lang='lat' dir='ltr'>et</span> <span class='ocrx_word' id='word_1_489' title='bbox 1514 2778 1615 2816; x_wconf 90' lang='lat' dir='ltr'>filiae</span> <span class='ocrx_word' id='word_1_490' title='bbox 1645 2778 1842 2817; x_wconf 89' lang='lat' dir='ltr'>accedenti</span> <span class='ocrx_word' id='word_1_491' title='bbox 1870 2779 1910 2814; x_wconf 91' lang='lat' dir='ltr'>in</span> <span class='ocrx_word' id='word_1_492' title='bbox 1941 2780 2061 2816; x_wconf 91' lang='lat' dir='ltr'>comi-</span> 
     </span>
     <span class='ocr_line' id='line_1_46' title="bbox 284 2829 2059 2888; baseline 0.003 -19"><span class='ocrx_word' id='word_1_493' title='bbox 284 2836 368 2870; x_wconf 90' lang='lat' dir='ltr'>tatu</span> <span class='ocrx_word' id='word_1_494' title='bbox 400 2840 437 2872; x_wconf 91' lang='lat' dir='ltr'>et</span> <span class='ocrx_word' id='word_1_495' title='bbox 468 2836 608 2872; x_wconf 86' lang='lat' dir='ltr'>sororis</span> <span class='ocrx_word' id='word_1_496' title='bbox 632 2829 675 2873; x_wconf 72' lang='lat' dir='ltr'>&#39;et</span> <span class='ocrx_word' id='word_1_497' title='bbox 705 2836 890 2885; x_wconf 86' lang='lat' dir='ltr'>patruelis</span> <span class='ocrx_word' id='word_1_498' title='bbox 922 2848 1030 2875; x_wconf 90' lang='lat' dir='ltr'>meae</span> <span class='ocrx_word' id='word_1_499' title='bbox 1061 2836 1271 2888; x_wconf 86' lang='lat' dir='ltr'>hospitium</span> <span class='ocrx_word' id='word_1_500' title='bbox 1291 2836 1495 2875; x_wconf 88' lang='lat' dir='ltr'>honestum</span> <span class='ocrx_word' id='word_1_501' title='bbox 1515 2836 1618 2886; x_wconf 89' lang='lat' dir='ltr'>apud</span> <span class='ocrx_word' id='word_1_502' title='bbox 1639 2847 1794 2875; x_wconf 88' lang='lat' dir='ltr'>uxorem</span> <span class='ocrx_word' id='word_1_503' title='bbox 1816 2847 1925 2874; x_wconf 87' lang='lat' dir='ltr'>suam</span> <span class='ocrx_word' id='word_1_504' title='bbox 1945 2847 2059 2885; x_wconf 89' lang='lat' dir='ltr'>prae-</span> 
     </span>
     <span class='ocr_line' id='line_1_47' title="bbox 287 2890 2058 2945; baseline 0.002 -17"><span class='ocrx_word' id='word_1_505' title='bbox 287 2890 387 2929; x_wconf 80' lang='lat' dir='ltr'>beat.</span> <span class='ocrx_word' id='word_1_506' title='bbox 446 2891 555 2930; x_wconf 84' lang='lat' dir='ltr'>Haec</span> <span class='ocrx_word' id='word_1_507' title='bbox 585 2894 824 2942; x_wconf 86' lang='lat' dir='ltr'>paucissimis</span> <span class='ocrx_word' id='word_1_508' title='bbox 861 2900 1014 2944; x_wconf 89' lang='lat' dir='ltr'>propter</span> <span class='ocrx_word' id='word_1_509' title='bbox 1045 2894 1295 2945; x_wconf 87' lang='lat' dir='ltr'>epistolarum</span> <span class='ocrx_word' id='word_1_510' title='bbox 1326 2898 1364 2933; x_wconf 91' lang='lat' dir='ltr'>et</span> <span class='ocrx_word' id='word_1_511' title='bbox 1393 2894 1676 2933; x_wconf 88' lang='lat' dir='ltr'>multitudinem</span> <span class='ocrx_word' id='word_1_512' title='bbox 1713 2899 1751 2933; x_wconf 91' lang='lat' dir='ltr'>et</span> <span class='ocrx_word' id='word_1_513' title='bbox 1786 2892 2058 2944; x_wconf 88' lang='lat' dir='ltr'>prolixitatem.</span> 
     </span>
     <span class='ocr_line' id='line_1_48' title="bbox 284 2947 1020 3000; baseline 0.008 -15"><span class='ocrx_word' id='word_1_514' title='bbox 284 2947 389 2987; x_wconf 89' lang='lat' dir='ltr'>Bene</span> <span class='ocrx_word' id='word_1_515' title='bbox 421 2954 458 2988; x_wconf 88' lang='lat' dir='ltr'>et</span> <span class='ocrx_word' id='word_1_516' title='bbox 487 2950 648 2988; x_wconf 89' lang='lat' dir='ltr'>feliciter</span> <span class='ocrx_word' id='word_1_517' title='bbox 679 2953 781 3000; x_wconf 85' lang='lat' dir='ltr'>agite</span> <span class='ocrx_word' id='word_1_518' title='bbox 813 2956 850 2990; x_wconf 92' lang='lat' dir='ltr'>et</span> <span class='ocrx_word' id='word_1_519' title='bbox 880 2952 1020 2991; x_wconf 88' lang='lat' dir='ltr'>valete.</span> 
     </span>
    </p>

    <p class='ocr_par' dir='ltr' id='par_1_5' title="bbox 424 3006 1119 3059">
     <span class='ocr_line' id='line_1_49' title="bbox 424 3006 1119 3059; baseline 0.007 -16"><span class='ocrx_word' id='word_1_520' title='bbox 424 3006 567 3056; x_wconf 87' lang='lat' dir='ltr'>Sagani</span> <span class='ocrx_word' id='word_1_521' title='bbox 599 3007 634 3047; x_wconf 89' lang='lat' dir='ltr'>d.</span> <span class='ocrx_word' id='word_1_522' title='bbox 667 3013 704 3048; x_wconf 72' lang='lat'>4.</span> <span class='ocrx_word' id='word_1_523' title='bbox 738 3008 842 3059; x_wconf 84' lang='lat' dir='ltr'>Sept.</span> <span class='ocrx_word' id='word_1_524' title='bbox 875 3012 965 3048; x_wconf 89' lang='lat' dir='ltr'>anni</span> <span class='ocrx_word' id='word_1_525' title='bbox 999 3015 1119 3049; x_wconf 76' lang='lat'><strong>1629.</strong></span> 
     </span>
    </p>

    <p class='ocr_par' dir='ltr' id='par_1_6' title="bbox 287 3067 2058 3180">
     <span class='ocr_line' id='line_1_50' title="bbox 420 3067 2058 3121; baseline 0.003 -15"><span class='ocrx_word' id='word_1_526' title='bbox 420 3072 612 3107; x_wconf 88' lang='lat' dir='ltr'>Decretum</span> <span class='ocrx_word' id='word_1_527' title='bbox 638 3073 799 3108; x_wconf 88' lang='lat' dir='ltr'>ordinum</span> <span class='ocrx_word' id='word_1_528' title='bbox 824 3075 1043 3110; x_wconf 86' lang='lat' dir='ltr'>Linciorum:</span> <span class='ocrx_word' id='word_1_529' title='bbox 1082 3077 1114 3111; x_wconf 83' lang='lat' dir='ltr'>J.</span> <span class='ocrx_word' id='word_1_530' title='bbox 1139 3076 1300 3121; x_wconf 86' lang='lat' dir='ltr'>Keppler</span> <span class='ocrx_word' id='word_1_531' title='bbox 1322 3075 1570 3112; x_wconf 82' lang='lat' dir='ltr'>Mathematici</span> <span class='ocrx_word' id='word_1_532' title='bbox 1595 3067 1662 3111; x_wconf 74' lang='lat'>2⁷10</span> <span class='ocrx_word' id='word_1_533' title='bbox 1685 3073 1721 3109; x_wconf 91' lang='lat' dir='ltr'>fl.</span> <span class='ocrx_word' id='word_1_534' title='bbox 1752 3074 1941 3110; x_wconf 88' lang='lat' dir='ltr'>Interesse.</span> <span class='ocrx_word' id='word_1_535' title='bbox 1989 3075 2058 3112; x_wconf 90' lang='lat' dir='ltr'>Die</span> 
     </span>
     <span class='ocr_line' id='line_1_51' title="bbox 287 3126 2057 3180; baseline 0.005 -18"><span class='ocrx_word' id='word_1_536' title='bbox 287 3126 401 3163; x_wconf 86' lang='lat' dir='ltr'>Herrn</span> <span class='ocrx_word' id='word_1_537' title='bbox 425 3129 671 3166; x_wconf 82' lang='lat' dir='ltr'>Verordueten</span> <span class='ocrx_word' id='word_1_538' title='bbox 701 3132 829 3168; x_wconf 82' lang='lat' dir='ltr'>wissen</span> <span class='ocrx_word' id='word_1_539' title='bbox 861 3132 936 3169; x_wconf 85' lang='lat' dir='ltr'>sich</span> <span class='ocrx_word' id='word_1_540' title='bbox 971 3133 1129 3170; x_wconf 86' lang='lat' dir='ltr'>einicher</span> <span class='ocrx_word' id='word_1_541' title='bbox 1158 3133 1362 3179; x_wconf 86' lang='lat' dir='ltr'>bestallung</span> <span class='ocrx_word' id='word_1_542' title='bbox 1392 3144 1506 3179; x_wconf 85' lang='lat' dir='ltr'>gegen</span> <span class='ocrx_word' id='word_1_543' title='bbox 1538 3134 1618 3169; x_wconf 84' lang='lat' dir='ltr'>dem</span> <span class='ocrx_word' id='word_1_544' title='bbox 1651 3132 1902 3178; x_wconf 86' lang='lat' dir='ltr'>supplicanten</span> <span class='ocrx_word' id='word_1_545' title='bbox 1922 3133 2057 3180; x_wconf 84' lang='lat' dir='ltr'>jeziger</span> 
     </span>
    </p>
   </div>
  </div>
 </body>
</html>
