2126 3388
620 180 675 217 De
700 179 823 217 amicis
849 184 885 217 et
910 179 1112 217 fautoribus
1136 180 1297 226 Kepleri.
1781 181 1864 224 959

69 300 259 338 1111011111111
290 299 359 339 Sol
389 299 466 338 illis
498 302 711 339 contrarius
743 306 920 348 curreret,
957 300 1060 349 quod
1093 312 1169 338 non
1201 299 1242 337 fit
1273 301 1309 337 in
1343 299 1542 338 volutione
1574 299 1677 338 Solis
1709 304 1746 338 et
1778 311 1865 338 cum

69 370 114 396 eo
147 360 313 406 virtutis,
347 371 463 408 quam
495 358 880 408 intelligentiae
913 364 960 396 et
1003 358 1372 396 similitudinis
1405 370 1558 396 causa
1592 357 1700 396 dico
1734 370 1866 407 mag-

67 418 290 463 neticam‚
324 417 468 455 debui
502 416 779 456 coelestem
813 416 994 455 dicere.
1037 417 1110 453 Illa
1133 418 1234 454 enim
1266 418 1389 455 virtus
1423 419 1460 453 in
1488 414 1865 470 omiribus}planetis

68 487 218 524 semper
249 475 441 524 prolectat
472 475 620 521 eodem,
653 487 850 524 nunquam
883 476 919 511 in
953 476 1224 513 contraximus*

206 533 321 571 Anno
348 537 455 572 16Οὸ
488 533 714 571 Herwartus
746 533 842 571 haec
865 532 1022 571 dederat
1043 532 1234 580 Keplero:
1268 531 1335 569 Ιο11
1368 532 1530 581 befinde,
1565 533 1653 571 dass
1681 532 1746 572 der
1767 533 1867 572 Herr

69 590 318 641 Hypotheses
342 591 543 640 Copernici
572 592 807 640 approbiert.
848 592 909 629 Da
940 591 1047 628 wollt
1078 591 1138 627 ich
1171 590 1273 628 wohl
1305 602 1395 638 gern
1430 590 1490 628 die
1523 593 1691 629 rationes
1713 593 1865 639 wissen,

71 649 189 686 durch
223 649 367 696 welche
400 662 486 686 man
521 649 651 687 5010110
684 661 744 687 wo
776 651 833 686 nit
864 662 932 697 gar
965 649 1255 693 demonstriren,
1284 648 1428 696 jedoch
1459 649 1711 699 probabiliter
1744 650 1868 687 dedu-

69 709 171 745 ciren
203 708 368 746 mo'chte.
433 709 512 745 Das
544 708 651 745 wollt
684 708 742 744 1011
776 720 818 744 so
849 720 941 756 geru
974 708 1101 754 lesen,
1144 706 1201 744 als
1234 708 1294 744 ein
1326 706 1427 744 Sach
1460 713 1569 745 vnter
1601 708 1666 746 der
1697 708 1865 746 Sonnen.

71 765 281 804 Vielleicht
312 765 404 803 wird
439 765 505 803 der
535 765 634 803 Heri·
667 778 711 802 ex
744 771 850 802 motu
883 766 1021 803 Martis
1065 765 1162 802 auch
1206 766 1265 802 ein
1306 763 1583 803 adminiculum
1616 766 1665 804 ad
1697 767 1869 816 proban-

70 823 161 861 dum
193 830 339 861 motum
373 824 515 862 Terrae
554 823 747 873 gesunden
789 823 927 862 haben.
990 823 1056 861 1011
1089 823 1212 870 hoffe,
1257 822 1322 860 der
1354 822 1452 860 Herr
1490 824 1615 862 werde
1658 826 1695 861 in
1738 825 1868 863 diesen

71 882 314 931 wichtigsten
346 882 526 919 Punkten
559 881 699 920 einmal
731 881 962 920 exclamiren
997 879 1156 931 supr-pecc,
1191 877 1354 930 «εὑρη-καί
1419 881 1612 931 Keplerus
1644 883 1866 932 respondit:

69 940 201 989 Magn.
236 940 321 978 Tua
354 940 537 978 delectari
570 939 741 987 videtur,
783 952 843 978 me
876 942 914 977 in
947 942 1139 977 sententia
1177 950 1413 989 permanere.
1476 941 1558 988 Ego
1590 940 1694 979 haud
1725 953 1867 990 grava-

69 1000 135 1035 tim
169 998 350 1048 depromo
384 1010 470 1036 mea
501 1004 727 1047 argumenta
764 998 825 1035 vel
866 1004 998 1035 contra
1030 998 1200 1044 hostem,
1246 1003 1394 1035 tantum
1438 999 1549 1036 abest
1588 1006 1629 1036 ut
1670 999 1869 1037 blanditiis

68 1068 164 1106 opus
195 1057 379 1103 habeam,
414 1068 539 1105 neque
572 1068 712 1105 sequor
744 1056 906 1093 multum
938 1056 1048 1103 illos,
1093 1057 1232 1105 quibus
1264 1057 1301 1092 in
1346 1067 1409 1093 ore
1450 1062 1507 1094 051
1542 1057 1631 1108 „odi
1664 1058 1868 1107 profanum

70 1115 212 1164 vulgus
244 1121 283 1153 et
315 1112 468 1162 arce04‘,
502 1116 594 1164 quin
627 1116 755 1164 potius
789 1114 986 1152 ultroneus
1010 1121 1047 1152 et
1068 1116 1308 1164 importunus
1341 1116 1713 1165 intempestivusque
1746 1116 1870 1154 adsim

72 1174 272 1222 perpetim.
334 1173 393 1210 Tu
425 1173 523 1211 sorte
554 1174 722 1219 miraris,
763 1173 843 1210 fieri
875 1185 989 1222 posse
1022 1178 1063 1210 ut
1096 1173 1333 1221 Copernicus
1374 1172 1518 1210 homini
1559 1174 1800 1212 considerato
1833 1180 1871 1212 et

70 1232 219 1269 modice
263 1233 464 1279 ingenioso
506 1232 702 1280 probetur.
767 1232 849 1280 Ego
890 1243 981 1269 vero
1015 1231 1097 1280 aj0,
1141 1231 1237 1268 nihil
1281 1243 1363 1268 esse
1404 1243 1471 1280 per
1511 1244 1643 1270 omnes
1675 1234 1869 1280 scientias,

72 1289 174 1338 quod
206 1301 266 1328 me
299 1289 485 1339 impediat
516 1290 590 1328 hoc
622 1291 861 1336 sentientem,
894 1290 989 1326 nihil
1022 1289 1126 1338 quod
1159 1289 1221 1327 vel
1252 1289 1447 1326 levissime
1479 1302 1538 1327 mc
1563 1292 1791 1329 absterreret
1821 1291 1870 1328 ab

71 1348 145 1386 hac
178 1353 312 1397 aperta
343 1350 559 1386 sententiae
590 1359 700 1386 meae
721 1348 972 1397 professione,
1006 1353 1157 1397 praeter
1188 1349 1341 1385 unicam
1365 1350 1632 1387 auctoritatem
1657 1349 1873 1394 Sacrorum,

73 1419 94 1444 a
126 1406 360 1455 quibusdam
392 1406 492 1444 male
525 1406 726 1444 detortam.
759 1428 812 1433 -—
846 1404 1014 1443 Utuntur
1046 1406 1221 1443 homines
1253 1407 1388 1455 spiritu
1423 1406 1495 1444 Dei
1527 1408 1703 1456 inspirati
1733 1407 1874 1457 linguis

72 1465 231 1503 cuilibet
251 1467 357 1514 genti
382 1466 494 1512 notis,
528 1476 604 1501 non
626 1464 845 1513 linguarum
868 1464 932 1502 sed
967 1466 1196 1502 sententiam
1222 1464 1527 1501 communicandi
1551 1477 1686 1513 causa,
1715 1471 1874 1503 utuntur

73 1522 120 1560 ad
153 1523 252 1561 idem
285 1525 474 1560 intentum
507 1524 624 1561 etiam
657 1523 906 1572 conceptibus
939 1523 1136 1560 hominum
1169 1522 1213 1560 de
1245 1523 1358 1560 rebus
1398 1523 1652 1563 naturaIIbns.
1713 1523 1873 1561 Stultis-

72 1583 210 1618 simum
241 1593 379 1630 nempe
413 1587 470 1619 est
507 1581 767 1630 postulatum,
813 1587 854 1618 ut
895 1580 1033 1619 doceat
1063 1581 1171 1618 Deus
1211 1592 1282 1618 nos
1322 1582 1358 1618 in
1391 1581 1538 1628 Sacris,
1581 1583 1758 1631 planetas
1796 1594 1873 1620 non

73 1645 176 1678 stare
209 1644 277 1677 aut
307 1639 558 1687 retrocedere,
591 1641 624 1677 si
656 1632 744 1678 rere
775 1644 880 1676 stant
912 1645 978 1676 aut
1010 1640 1267 1678 retrocedunt.
1328 1639 1425 1676 Nan]
1460 1642 1530 1677 etsi
1563 1641 1732 1677 futurum
1763 1647 1872 1689 puto,

73 1703 115 1735 ut
146 1697 312 1736 mundus
335 1700 535 1736 veritatem
559 1700 682 1747 magis
704 1700 905 1746 magisque
929 1702 1113 1747 agnoscat
1147 1698 1380 1746 tandemque
1406 1700 1656 1736 communiter
1687 1701 1874 1737 stationes

73 1755 316 1804 planetarum
350 1757 387 1793 in
420 1756 562 1794 Terrae
592 1761 739 1794 motum
772 1757 955 1802 conferat,
990 1767 1185 1804 nunquam
1220 1763 1346 1793 tamen
1379 1755 1458 1794 fieri
1491 1757 1602 1794 aliter
1634 1768 1747 1805 posse
1780 1759 1872 1803 5010,

75 1816 167 1862 quin
198 1814 258 1852 his
291 1816 384 1864 ipsis
416 1820 569 1852 utamur
601 1816 778 1861 vocibus,
811 1814 989 1863 planetas
1012 1820 1125 1861 stare,
1159 1814 1410 1852 retrocedere.
1453 1814 1662 1864 Propterea
1682 1817 1876 1864 sapienter

72 1872 215 1910 factum
247 1873 297 1911 ab
330 1873 496 1911 00010513
528 1873 703 1910 Romana
736 1880 848 1922 puto,
893 1872 997 1921 quod
1029 1885 1114 1911 cum
1147 1872 1396 1921 astrologiam
1434 1873 1679 1921 judiciariam
1711 1873 1875 1912 damna-

74 1932 182 1979 verit,
215 1931 323 1969 illam
354 1937 481 1969 tamen
515 1931 717 1980 Copernici
749 1931 1038 1981 philosophiam
1071 1933 1106 1967 in
1139 1931 1266 1969 medio
1299 1943 1526 1980 suspensam
1558 1931 1727 1980 reliquit.

212 1989 303 2027 Jam
334 1989 527 2038 Keplerus
569 1991 738 2027 rationes
779 1990 887 2027 affert
922 1989 1126 2039 physicaS,
1173 1991 1451 2027 astronomicas
1492 1995 1528 2027 et
1568 1989 1873 2039 philosophicas,

75 2047 214 2096 quibus
244 2049 343 2085 ratio
367 2049 633 2096 Copernicana
655 2047 807 2085 defendi
839 2050 962 2097 possit
994 2053 1031 2085 et
1062 2048 1121 2084 his
1153 2048 1266 2085 finem
1298 2048 1407 2085 facit:
1444 2048 1602 2096 „Habes
1635 2048 1768 2096 Magn.
1794 2048 1872 2094 Vir,

75 2117 174 2153 quae
207 2107 243 2142 in
276 2108 497 2155 praesentia
530 2106 576 2143 de
610 2106 683 2144 hac
715 2107 943 2154 quaestione
975 2106 1068 2143 mihi
1099 2106 1315 2144 inciderunt
1341 2108 1421 2152 (cfr.
1457 2109 1526 2143 vol.
1552 2109 1597 2143 ΙΙ.
1630 2120 1663 2153 p.
1698 2109 1872 2151 87—92);

76 2164 216 2212 quibus
249 2165 346 2203 bene
377 2163 602 2213 ponderatis
634 2166 665 2201 si
700 2164 791 2213 quid
824 2164 989 2213 amplius
1020 2169 1139 2202 restat
1172 2164 1295 2208 dubii,
1331 2163 1367 2201 id
1397 2176 1458 2202 me
1490 2171 1622 2211 acuet,
1664 2166 1695 2201 si
1728 2176 1874 2213 propo-

73 2228 197 2268 natur,
231 2222 279 2260 ad
300 2224 499 2271 negotium
522 2223 763 2260 tractandum
786 2221 1042 2261 accuratius.“
1087 2222 1310 2260 Herwartus
1334 2234 1425 2260 vero
1448 2222 1520 2260 1100
1541 2227 1687 2260 1311111111
1711 2235 1874 2272 respon—

77 2279 151 2317 diti
186 2280 245 2318 De
276 2286 384 2319 motu
417 2280 558 2319 Terrae
590 2281 666 2318 will
699 2281 760 2318 ich
792 2283 861 2318 mit
891 2280 1069 2319 nachster
1101 2280 1356 2330 Gelegenlieit
1386 2293 1497 2318 wann
1531 2281 1591 2318 1011
1615 2281 1728 2331 Weyl
1761 2281 1874 2329 habe,

76 2340 207 2376 weiter
238 2338 450 2377 schreiben.
512 2338 626 2377 Hanc
660 2340 929 2387 „occasionem
961 2337 1201 2388 9101111133]ιι
1236 2344 1272 2377 01
1314 2340 1433 2376 01111111
1471 2339 1662 2377 scribendi
1704 2351 1779 2376 non
1814 2342 1874 2376 in-

81 2397 188 2434 venit
219 2396 443 2435 Herwartus
484 2409 606 2446 usque
648 2397 696 2435 ad
739 2409 882 2435 annum
919 2401 1048 2445 1607,
1091 2409 1167 2446 quo
1202 2397 1457 2446 Copernicum
1490 2399 1679 2446 corrigere
1712 2402 1874 2435 conatus

79 2460 148 2502 est,
181 2460 223 2492 ut
254 2467 371 2505 supra
403 2455 579 2495 diximus.

219 2513 321 2551 Num
342 2514 566 2552 Herwartus
589 2512 747 2562 Kepleri
781 2515 950 2550 animum
982 2512 1030 2550 ad
1063 2513 1178 2551 fidem
1201 2513 1430 2552 catholicam
1463 2512 1673 2563 perducere
1696 2513 1874 2560 voluerit.

79 2583 123 2608 ex
157 2572 350 2620 epistolis,
395 2584 495 2620 quae
534 2583 631 2620 pene
672 2582 804 2609 omnes
836 2573 1054 2620 posteritati
1086 2572 1251 2609 traditae
1291 2577 1398 2619 sunt,
1443 2572 1631 2620 conjicere
1663 2584 1739 2610 non
1771 2571 1873 2610 licet.

78 2630 200 2666 Immo
234 2641 325 2668 vero
358 2629 550 2678 Keplerus
581 2631 663 2679 ipse
697 2632 944 2677 quaestiones
985 2629 1030 2667 de
1063 2631 1176 2667 rebus
1215 2631 1335 2667 sacris
1368 2632 1405 2666 in
1439 2630 1605 2668 medium
1645 2629 1805 2679 protulit
1838 2636 1873 2667 et

80 2688 140 2725 hic
172 2698 326 2736 quoque
365 2688 482 2725 animi
520 2689 581 2725 sui
617 2689 876 2725 sinceritatem
915 2692 952 2725 et
995 2689 1253 2736 integritatem
1296 2687 1474 2727 ostendit.
1537 2687 1663 2736 Quum
1705 2689 1804 2726 enim
1836 2690 1873 2725 in

79 2745 231 2795 Styriae
262 2747 463 2795 provincia
494 2745 717 2783 Lutherana
747 2745 842 2783 fides
875 2747 1006 2783 vexari
1051 2751 1187 2793 coepta
1219 2752 1257 2783 et
1288 2745 1479 2794 Keplerus
1520 2747 1555 2782 in
1589 2758 1634 2783 eo
1668 2752 1790 2794 esset,
1834 2752 1875 2783 ut

81 2802 256 2841 Gratium
288 2803 520 2852 relinqueret
552 2808 588 2841 et
620 2802 696 2841 alio
721 2803 961 2852 demigraret,
997 2803 1093 2841 11300
1114 2802 1316 2841 Herwarto
1347 2805 1516 2842 nunciat.
1569 2803 1704 2851 Gratii,
1738 2806 1873 2852 inquit,

81 2866 122 2899 ut
153 2873 254 2899 nunc
285 2874 343 2900 res
377 2873 417 2899 se
448 2861 639 2907 habeant,
683 2873 838 2898 manere
881 2873 920 2898 se
952 2872 1027 2898 1101]
1061 2872 1188 2909 posse.
1252 2861 1552 2899 Breitschwertii
1585 2868 1713 2899 autem
1744 2862 1875 2899 falsis-

82 2921 180 2957 sima
211 2920 433 2968 conjectura
474 2924 550 2966 est,
594 2918 703 2955 illum
735 2918 936 2956 Herwarto
969 2924 1010 2955 ut
1043 2918 1140 2956 clam
1183 2918 1232 2956 ad
1273 2917 1387 2956 fidem
1426 2918 1656 2957 catholicam
1696 2921 1875 2958 transiret

82 2977 304 3016 admonenti
345 2978 464 3015 verba
504 2976 590 3024 illa,
633 2987 732 3024 quae
771 2988 861 3025 pag.
897 2980 970 3013 701
1009 2976 1271 3024 exhibuimus,
1315 2976 1572 3025 respondisse.
1631 2977 1720 3016 Hoc
1756 2990 1873 3016 unum

85 3041 229 3073 certum
262 3041 299 3074 et
329 3036 549 3074 testimonio
583 3034 847 3072 confirmatum
878 3039 948 3081 est,
980 3033 1210 3082 Keplerum,
1251 3046 1335 3072 cum
1368 3035 1593 3073 Herwartus
1624 3040 1801 3085 paratum
1832 3049 1872 3075 se

85 3093 227 3131 diceret
258 3106 344 3131 eum
378 3096 412 3130 111
446 3092 714 3142 comparandis
745 3094 1007 3130 instrumentis
1032 3093 1299 3130 astronomicis
1332 3097 1369 3130 et
1400 3094 1438 3130 in
1458 3093 1696 3133 instituenda
1716 3095 1874 3145 specula

84 3154 342 3192 astronomica
371 3151 570 3203 adjuvare,
603 3152 820 3201 negavisse,
854 3162 940 3190 cum
971 3152 1021 3188 sit
1054 3150 1330 3205 „habitationis
1361 3149 1571 3193 incertus“.
1631 3151 1708 3193 Sed
1745 3158 1873 3194 tamen
