2126 3388
181 165 266 210 872
860 154 943 192 vita
967 153 990 190 J
992 151 1116 189 oannis
1139 149 1298 197 Kepleri.

181 294 317 323 vereor
347 285 390 320 ut
420 275 650 318 offendiculo
687 275 738 313 sit
768 274 851 323 eJus
882 274 920 310 in
950 283 1011 311 me
1041 273 1098 310 uti
1127 282 1240 322 spero
1272 271 1468 319 ceteroqui
1507 272 1679 319 promtae
1710 268 1868 317 gratiae.
1915 267 1963 306 D.

181 342 315 381 Abbas
344 341 419 378 huc
448 336 577 374 veniet
607 332 657 372 ad
690 337 726 371 4.
758 332 856 370 Nov.
917 330 1076 368 Interim
1105 330 1246 375 scribe,
1280 338 1439 378 quaeso,
1470 338 1563 364 num
1593 327 1750 376 patiaris
1782 332 1862 365 ate
1883 327 1963 377 peti

181 400 365 439 sermonis
395 392 591 434 exordium
623 395 660 430 et
690 402 780 429 num
813 388 869 426 illi
899 389 951 426 sis
980 387 1133 426 locutus
1165 393 1349 436 tanquam
1380 397 1404 423 a
1434 396 1494 423 me
1526 384 1758 422 subornatus
1798 396 1847 422 an
1877 389 1963 422 tan-

181 470 296 508 quam
327 454 478 505 proprio
510 454 629 489 motu.

316 520 374 554 Ex
404 516 516 552 literis
541 514 720 550 Ulmensis
746 511 1003 547 Hebenstreitii
1035 516 1203 556 apparet,
1236 515 1312 545 tum
1346 509 1514 554 temporis
1539 507 1733 552 Keplerum
1757 507 1966 543 meditatum

181 590 271 622 esse,
296 577 425 612 librum
444 573 582 609 senatui
600 571 759 608 Ulmensi
775 570 979 613 inscribere,
1005 580 1070 604 nec
1088 581 1159 604 non
1182 568 1445 614 typographum
1469 566 1541 601 illic
1568 565 1797 610 quaesivisse,
1824 564 1886 609 qui
1908 575 1966 599 ex—

180 636 374 680 sculperet;
401 636 584 677 spectasse
610 629 748 665 videtur
774 629 939 664 Ganones
960 628 1126 663 Pueriles
1151 627 1227 670 (cfr.
1247 626 1317 661 vol.
1335 626 1397 660 IV.
1423 637 1458 670 p.
1476 624 1544 659 483
1565 619 1642 667 ss),
1670 623 1731 667 qui
1756 633 1851 657 anno
1879 623 1966 658 1620

178 691 372 740 (dedicatio
401 691 483 726 data
508 693 562 724 est
587 688 621 724 d.
650 689 702 723 15.
728 686 827 730 Maji,
852 697 925 720 non
950 695 1033 720 vero
1059 685 1103 720 ad
1129 688 1292 720 senatum
1316 683 1542 723 Ulmensem,
1575 681 1638 717 sed
1672 681 1717 715 ad
1744 680 1965 716 Gebhartum

178 750 371 797 quendam,
405 745 772 783 Volkenstorfiensem
797 743 1082 788 procuratorem)
1107 743 1232 778 Ulmae
1256 742 1478 786 prodierunt.
1505 760 1547 766 —
1572 737 1686 774 Amici
1718 738 1966 783 Tubingenses

177 809 377 845 retulerunt
402 806 559 850 Keplero
594 804 637 838 de
665 802 849 845 „negoti0“
883 801 1005 836 matris
1032 811 1136 843 suae,
1163 804 1373 843 suaserunt⁷
1399 804 1440 834 ut
1463 797 1774 838 Bidembacliium‚
1802 796 1966 832 consilia-

176 869 266 904 rium
285 865 396 909 ducis,
422 864 536 899 adiret
555 861 813 903 consiliumque
831 860 907 903 ejus
927 863 1112 903 expeteret
1131 858 1258 903 (Aprili
1276 862 1311 892 et
1329 858 1351 892 J
1355 858 1462 901 unio).
1494 856 1630 899 Quibus
1659 855 1967 890 adhortationibus

176 930 294 961 motus
312 923 491 969 Keplerus
515 922 592 966 ipse
617 918 778 964 proximo
796 928 888 952 anno
905 917 942 951 in
958 916 1298 961 Wurttembergiam
1315 915 1499 960 profectus
1526 918 1581 948 est
1606 917 1640 949 et
1666 923 1809 948 causam
1832 913 1968 957 matris,

173 986 247 1031 jam
273 984 348 1018 fere
373 983 616 1027 desperatam,
657 979 702 1014 ad
736 986 949 1020 prosperum
983 976 1116 1010 exitum
1150 974 1331 1020 perduxit.
1363 994 1398 999 -
1427 973 1483 1007 Ad
1508 973 1651 1007 labores
1677 972 1966 1016 typographicos,

177 1053 266 1088 quos
293 1051 401 1086 opera
425 1041 494 1074 hoc
519 1049 611 1073 anno
638 1036 732 1072 edita
759 1038 966 1079 exegerunt,
993 1038 1027 1068 et
1053 1033 1123 1068 alia
1147 1033 1271 1076 multa,
1299 1042 1390 1076 quae
1407 1031 1603 1075 Keplerum
1628 1031 1814 1074 urgebant,
1844 1040 1966 1074 super·

176 1108 306 1134 venere
331 1097 601 1132 observationes
627 1094 823 1138 eclipsium‚
851 1091 1031 1127 restitutio
1057 1090 1218 1125 theoriae
1242 1089 1395 1133 lunaris,
1423 1089 1479 1124 cui
1511 1089 1662 1123 multum
1689 1087 1857 1122 insumsit
1880 1092 1967 1122 tem-

175 1157 287 1203 poris.
326 1155 458 1200 Neperi
476 1153 718 1198 logarithmos‚
743 1151 895 1196 primum
913 1160 1006 1184 anno
1028 1149 1116 1184 1618
1142 1149 1323 1192 inspectos
1342 1147 1423 1191 (cfr.
1443 1148 1484 1182 V.
1502 1148 1555 1182 51.
1580 1147 1658 1182 VII.
1678 1146 1761 1190 520)
1787 1146 1855 1180 hoc
1874 1156 1967 1180 anno

176 1214 323 1259 propius
350 1212 452 1255 adiit3
481 1210 650 1255 epistolas
668 1209 766 1245 dedit
783 1209 827 1244 ad
845 1208 1045 1243 Blanchum
1071 1212 1106 1242 et
1130 1206 1382 1241 Barbavariam
1407 1204 1517 1239 Italos
1544 1204 1587 1239 de
1612 1203 1718 1238 rebus
1743 1202 1968 1247 astrologicis

176 1275 212 1306 et
236 1268 550 1316 EphemeridibuS,
584 1268 629 1303 ad
655 1266 849 1302 Besoldum
874 1265 1071 1309 Tubingam
1108 1265 1152 1300 de
1183 1267 1295 1298 matre
1329 1268 1365 1297 et
1390 1262 1435 1297 ad
1471 1261 1576 1303 alios,
1607 1261 1658 1295 ita
1691 1264 1730 1294 ut
1760 1260 1819 1295 hic
1851 1270 1966 1295 annus

175 1329 308 1365 laboris
333 1328 459 1373 plenus
484 1330 670 1371 appareat.

315 1387 357 1421 In
393 1385 554 1430 epistolis
586 1385 632 1419 ad
656 1383 903 1419 Blanchum
936 1382 1048 1416 multa
1072 1387 1281 1426 occurrunt,
1320 1391 1412 1425 quae
1437 1381 1483 1416 ad
1513 1381 1621 1415 vitam
1647 1379 1795 1424 Kepleri
1819 1379 1968 1424 ejusque

177 1445 295 1481 studia
326 1444 516 1488 pertinent.
566 1442 688 1476 Moras
723 1451 900 1475 excusans
936 1440 1106 1474 librorum
1149 1450 1239 1483 quos
1273 1440 1457 1484 inceperat
1491 1438 1710 1474 edendorum
1743 1436 1968 1473 calamitates

178 1503 263 1538 dicit
289 1502 402 1545 aulae⁷
429 1501 612 1536 turbatum
637 1504 769 1535 statum
794 1497 894 1541 regni
920 1502 956 1531 et
980 1496 1073 1532 mala
1099 1496 1307 1532 domestica.
1348 1497 1578 1541 Adscriptum
1612 1495 1681 1535 sibi
1706 1495 1873 1530 salarium
1898 1505 1969 1530 non

177 1560 334 1606 exsolvi,
367 1570 477 1604 quare
508 1570 588 1594 raro
622 1567 873 1593 amanuensem
908 1560 943 1590 et
979 1555 1231 1590 calculatorem
1262 1554 1357 1589 alere
1387 1555 1512 1599 possit.
1564 1553 1842 1598 Gringalletum‚
1873 1553 1967 1598 dicit,

177 1619 237 1664 qui
263 1618 308 1653 ad
334 1617 564 1653 calculandas
590 1615 850 1660 Ephemerides
877 1614 1047 1659 optimam
1072 1614 1293 1658 praestiterit
1318 1624 1462 1658 operam
1495 1617 1528 1647 et
1553 1612 1632 1647 illas
1658 1612 1883 1655 sequentium
1907 1622 1967 1646 an-

177 1686 304 1711 norum
329 1674 508 1710 calculare
532 1679 668 1718 posset,
696 1684 767 1708 non
793 1673 928 1708 diutius
954 1672 1049 1716 apud
1076 1683 1112 1706 se
1138 1673 1291 1707 retinere
1310 1682 1348 1706 se
1365 1682 1483 1716 posse,
1512 1682 1590 1706 cum
1617 1671 1648 1705 ei
1673 1682 1743 1705 non
1761 1670 1968 1706 satisfacere

174 1734 304 1780 possit,
347 1733 534 1775 „desertus
569 1743 590 1767 a
626 1731 896 1767 Οα63ει1661113“.
949 1730 1076 1765 Omnia
1109 1730 1145 1764 in
1180 1740 1218 1765 se
1250 1729 1365 1764 solum
1398 1729 1575 1771 recidere,
1607 1729 1666 1773 qui
1697 1739 1814 1773 neque
1845 1728 1967 1764 amicis

176 1791 375 1827 scribendis
401 1790 574 1835 epistolis,
601 1800 718 1835 neque
743 1788 1041 1825 calculationibus
1068 1788 1234 1823 sufficere
1252 1788 1376 1832 possit.
1412 1788 1456 1823 Se
1480 1789 1598 1832 ipsum
1625 1787 1709 1822 dicit
1734 1798 1850 1831 neque
1877 1786 1968 1821 ordi-

174 1860 255 1885 nem
280 1855 403 1884 tenere
428 1859 551 1893 posse,
577 1858 694 1892 neque
719 1847 864 1882 calculis
892 1848 965 1882 suis
991 1852 1089 1882 certo
1115 1847 1242 1890 fidere⁷
1275 1847 1324 1882 ita
1349 1854 1388 1882 ut
1416 1846 1615 1889 „interdum
1643 1857 1740 1881 error
1771 1846 1899 1880 calculi
1923 1856 1968 1880 ex

176 1908 430 1953 properatione
457 1908 667 1942 commissus
693 1906 901 1950 longissimo
929 1911 1089 1949 tempore
1122 1915 1160 1939 se
1185 1908 1417 1941 remoretur&
1467 1904 1580 1940 Irasci
1611 1904 1678 1939 sibi
1703 1904 1897 1940 nonnullos
1922 1905 1967 1940 ob

179 1966 308 2000 dilatas
333 1965 474 2000 tabulas
500 1965 759 2009 Rudolphinas‚
787 1964 850 1999 sed
879 1974 1004 2006 „suum
1031 1963 1160 2007 cuique
1186 1964 1393 2008 pulchrum:
1421 1963 1480 1998 alii
1505 1961 1650 1998 tabulae
1676 1967 1712 1997 et
1735 1963 1884 1998 materia
1909 1974 1968 2007 ge-

175 2024 333 2068 nesium,
369 2024 456 2058 mihi
490 2023 558 2059 fios
590 2023 850 2066 astronomiae,
876 2022 1002 2067 politia
1027 2027 1188 2057 motuum
1213 2027 1249 2057 et
1273 2026 1421 2057 ornatus
1446 2022 1622 2067 placent“.
1672 2022 1713 2056 In
1737 2022 1871 2066 Remo,
1907 2022 1968 2066 qui

177 2092 292 2126 nuper
317 2081 361 2116 ad
388 2082 577 2116 Caesarem
602 2082 783 2116 transierit
808 2092 828 2116 a
854 2092 939 2116 cura
971 2081 1131 2125 corporis
1157 2080 1307 2124 ejusque
1341 2080 1615 2115 mathematicus
1649 2081 1787 2125 audiat,
1820 2080 1968 2115 multam

174 2150 212 2174 se
237 2150 372 2183 ponere
396 2150 512 2185 spem,
542 2140 602 2183 qui
626 2144 765 2184 partem
791 2149 955 2173 curarum
981 2139 1048 2174 sibi
1074 2139 1336 2183 depoposcerit.
1385 2139 1456 2173 Diu
1480 2139 1581 2174 illum
1606 2139 1642 2173 in
1669 2139 1772 2174 Italia
1796 2139 1906 2174 fuisse
1933 2145 1970 2174 et

176 2209 255 2233 cum
288 2198 466 2244 GaIssaeo,
501 2198 634 2233 multos
667 2197 908 2232 Cardinalium
947 2197 1014 2231 sibi
1050 2197 1264 2232 devinxisse.
1313 2198 1439 2232 Finem
1476 2197 1609 2233 faciens
1645 2199 1757 2234 refert
1788 2198 1967 2243 Keplerus

176 2258 301 2300 (literae
318 2261 378 2291 hae
398 2260 491 2291 datae
510 2263 585 2290 sunt
605 2261 659 2293 13.
678 2258 748 2293 Cal,
768 2259 901 2290 Martias
921 2261 1038 2300 1619),
1065 2267 1103 2291 se
1129 2258 1165 2292 iu
1184 2257 1424 2301 descriptione
1451 2257 1676 2292 Cometarum
1701 2257 1854 2301 versari,
1882 2267 1967 2301 quo-

175 2326 254 2350 rum
278 2316 431 2360 primum
455 2326 578 2351 mense
603 2317 785 2361 Augusto,
812 2315 976 2350 ultimum
1002 2325 1125 2351 mense
1150 2315 1342 2352 Novembri
1373 2315 1620 2360 praecedentis
1647 2315 1732 2349 anni
1758 2315 1967 2350 observave-

174 2373 233 2408 rit.
286 2373 411 2415 „Mitto
437 2373 567 2408 librum
594 2374 636 2409 de
663 2373 774 2408 Stella
797 2374 909 2417 Nova,
936 2373 1093 2408 invenies
1120 2374 1156 2409 in
1183 2383 1224 2407 eo
1257 2374 1344 2408 vivis
1370 2373 1550 2408 coloribus
1576 2372 1756 2417 depictum
1781 2373 1833 2409 M.
1857 2373 1967 2408 Anto-

175 2432 272 2467 nium
298 2432 341 2467 de
364 2432 543 2477 Dominis;
576 2432 636 2476 qui
667 2432 697 2467 si
722 2437 761 2466 ut
787 2430 953 2467 scribitur
985 2431 1132 2476 occidit,
1166 2431 1376 2467 annihilavit
1401 2436 1436 2466 et
1465 2436 1614 2466 conatus
1647 2441 1732 2466 suos
1757 2441 1906 2475 magnos
1933 2436 1968 2465 et

173 2500 291 2525 meum
316 2489 598 2533 Prog‘nosticum.

311 2549 422 2583 Blan
435 2549 544 2584 chus
571 2548 607 2583 in
631 2558 806 2592 responso
833 2559 898 2583 suo
917 2548 1018 2591 (dato
1043 2548 1133 2593 prid.
1153 2548 1207 2585 Id.
1225 2550 1329 2585 Mart.
1349 2550 1456 2594 1619)
1482 2549 1621 2593 suadet,
1649 2554 1688 2584 ut
1706 2549 1847 2585 silentio
1865 2559 1965 2594 prae-

173 2610 289 2641 tereat
313 2606 492 2651 Keplerus
525 2606 632 2641 dubia
657 2606 883 2641 credulorum
910 2610 945 2641 61
969 2606 1215 2650 imperitorum
1251 2607 1293 2643 de
1318 2613 1418 2642 motu
1443 2609 1576 2643 Terrae
1608 2609 1644 2642 in
1669 2607 1864 2643 Harmonia
1888 2617 1967 2642 sua.

177 2666 252 2707 „Tu
283 2677 354 2700 non
385 2665 590 2709 vulgaribus
623 2665 844 2709 hominibus,
881 2665 943 2700 sed
976 2666 1122 2700 summis
1152 2666 1236 2700 viris
1269 2666 1475 2702 harmonica
1500 2666 1696 2701 mandabis.
1746 2666 1782 2700 Si
1807 2665 1963 2700 rationes

174 2724 325 2759 aliorum
350 2724 420 2759 tuis
444 2724 696 2765 insererentur,
722 2723 850 2758 radioli
876 2728 997 2758 essent
1022 2725 1235 2759 subobscuri
1253 2735 1334 2760 cum
1352 2724 1556 2760 clarissimis
1573 2725 1645 2760 tuis
1671 2724 1865 2759 luminibus
1881 2733 1963 2768 per-

177 2781 290 2819 mixti.
340 2782 517 2818 Cedamus
543 2781 689 2816 Phoebo
717 2775 752 2817 et
777 2784 901 2818 moniti
925 2783 1071 2818 meliora
1096 2787 1320 2829 sequamur.“
1341 2804 1383 2808 -
1407 2786 1475 2826 „M
1495 2784 1672 2819 Antonius
1696 2783 1792 2824 vivit,
1816 2787 1855 2817 ut
1879 2792 1963 2817 suos

176 2844 325 2875 conatus
352 2845 387 2874 et
412 2844 512 2875 tuum
530 2840 803 2883 Prognosticum
828 2840 985 2886 impleat.
1025 2842 1299 2886 Prognosticum
1324 2843 1392 2877 hoc
1419 2843 1462 2877 de
1480 2842 1600 2886 aliquo
1626 2840 1875 2876 haeresiarcha
1888 2839 1963 2883 jam

176 2897 252 2932 vice
277 2899 415 2934 oraculi
440 2902 569 2943 pono.“

310 2956 447 2992 Multus
471 2962 547 2993 erat
571 2958 749 3003 Keplerus
774 2959 844 2995 hoc
869 2962 905 2993 et
929 2958 1093 3003 sequenti
1118 2968 1211 2993 anno
1243 2958 1278 2993 in
1304 2958 1534 2993 observandis
1567 2957 1759 3002 eclipsibus
1792 2961 1828 2992 et
1860 2958 1962 2992 resti-

175 3013 307 3048 tuenda
338 3015 462 3050 Lunae
495 3016 650 3061 theoria;
685 3016 882 3062 specimina
915 3017 1117 3053 studiorum
1150 3016 1375 3053 exhibuimus
1413 3027 1458 3053 ex
1489 3027 1573 3053 mss.
1608 3015 1756 3051 Pulkov.
1792 3015 1861 3052 vol.
1896 3016 1960 3052 ΙΙΙ,

177 3080 212 3114 p.
238 3070 305 3106 617
329 3081 389 3116 ss„
414 3072 482 3107 632
505 3082 552 3107 ss.
