2157 3398
1109 879 1180 942 Π.

917 1017 1181 1097 Kepleri
1224 1016 1375 1080 Vita.

751 1142 984 1178 servato
1015 1151 1286 1179 annorum
1318 1141 1529 1177 ordine.

389 1345 523 1394 Qualis
556 1359 620 1394 ea,
665 1361 764 1397 quae
797 1349 1006 1399 Keplerum
1046 1352 1219 1399 proxime
1260 1351 1484 1395 antecessit,
1528 1354 1655 1387 aetate
1695 1348 1891 1388 literarum
1931 1352 2045 1390 fuerit

253 1409 388 1448 status,
420 1407 642 1453 praemissis
675 1407 733 1444 his
767 1410 917 1457 paginis
951 1420 1142 1458 exponere
1175 1410 1301 1446 conati
1334 1420 1477 1446 sumus.
1539 1407 1629 1445 Jam
1662 1407 1819 1457 Kepleri
1852 1411 1974 1458 ipsius
2007 1415 2044 1448 et

249 1475 372 1501 mores
405 1471 442 1500 et
473 1464 684 1502 doctrinam
717 1478 891 1504 enarrare
924 1469 1176 1516 suscipientes
1211 1467 1317 1503 dubii
1341 1478 1485 1513 sumus,
1519 1478 1610 1503 num
1634 1467 1825 1515 ejusmodi
1849 1470 2042 1507 enarratio

248 1523 465 1559 etiamnunc
496 1524 544 1559 sit
575 1526 804 1565 necessaria.
865 1525 997 1562 Tomis
1030 1527 1129 1563 enim
1157 1526 1240 1574 jam
1272 1525 1384 1563 editis
1417 1526 1546 1562 omnia
1579 1524 1827 1572 collegimus,
1861 1538 1960 1574 quae
1992 1526 2042 1564 ad

247 1579 514 1629 explicandam
557 1582 744 1631 cujusque
786 1585 912 1632 operis
955 1584 1140 1633 originem
1173 1585 1327 1632 reperiri
1368 1588 1587 1631 potueruut.
1650 1582 1791 1620 Paucis
1824 1595 1938 1633 porro
1972 1596 2042 1622 ex-

247 1640 366 1687 ceptis
399 1650 529 1676 omnes
552 1640 708 1689 Kepleri
742 1642 928 1690 epistolae
961 1642 1020 1679 his
1051 1643 1164 1679 tomis
1198 1644 1327 1679 insunt
1359 1647 1397 1679 ct
1427 1642 1465 1677 in
1497 1641 1557 1678 his
1591 1640 1765 1689 epistolis
1798 1646 1865 1679 aut
1886 1643 1923 1679 in
1946 1644 2042 1692 ipsis

246 1697 433 1746 cujusque
466 1700 592 1746 operis
625 1700 930 1748 praefationibus
962 1700 1153 1749 Keplcrus
1201 1706 1372 1746 enarrat,
1417 1700 1557 1748 quibus
1599 1700 1725 1736 causis
1757 1699 1807 1737 ad
1839 1700 2044 1739 scribenda

246 1767 291 1792 ea
323 1757 372 1792 sit
404 1755 613 1805 adductus3
646 1757 704 1795 his
738 1770 836 1807 quae
869 1757 1048 1796 addenda
1081 1759 1223 1796 fuerint
1258 1760 1352 1804 visa,
1387 1760 1422 1794 in
1457 1757 1806 1795 introductionibus
1828 1763 1896 1796 aut
1917 1770 2043 1797 anno-

247 1815 454 1851 tationibus
486 1817 626 1852 nostris
664 1816 797 1854 afferre
837 1818 964 1854 conati
1003 1829 1154 1854 sumus.
1217 1816 1453 1865 Saepissime
1488 1816 1540 1853 ibi
1574 1817 1690 1853 etiam
1731 1817 1852 1865 ipsius
1884 1817 2043 1866 Kepleri

246 1872 492 1921 Familiaeque
525 1873 607 1921 ejus
650 1875 751 1921 fata,
795 1876 935 1923 quibus
979 1886 1071 1912 usus
1114 1877 1166 1912 sit
1199 1876 1332 1912 amicis
1366 1880 1402 1912 et
1434 1875 1683 1923 praepositis,
1729 1875 1923 1923 quomodo
1956 1887 2042 1913 cum

247 1932 337 1967 viris
369 1942 414 1968 ea
445 1936 573 1969 aetate
606 1931 839 1970 doctissimis
871 1935 921 1970 sit
962 1938 1163 1979 versatus,
1206 1935 1448 1970 nunciantur.
1512 1932 1587 1980 Qui
1626 1933 1741 1980 igitur
1783 1938 1931 1982 septem
1971 1934 2042 1972 hos

246 1996 391 2034 tomos,
426 1990 565 2037 quibus
598 1991 757 2040 Kepleri
791 2003 908 2040 opera
940 1992 1202 2037 continentur,
1238 1991 1441 2039 diligenter
1472 1990 1699 2039 perlegerit,
1733 1992 1814 2040 ipse
1846 1992 1920 2029 sibi
1942 1993 2043 2029 ima-

245 2049 372 2096 ginem
414 2049 558 2096 egregii
599 2050 688 2095 viri,
729 2055 765 2086 et
810 2051 873 2099 qui
914 2050 1027 2087 fuerit
1067 2056 1103 2087 et
1136 2062 1212 2098 quo
1249 2055 1442 2087 momento
1482 2051 1519 2085 in
1558 2048 1761 2097 aequales,
1807 2060 2041 2099 componere

247 2107 396 2154 poterit,
430 2112 467 2143 et
499 2106 571 2143 hae
602 2107 686 2144 sola
718 2119 837 2146 causa
868 2107 1147 2146 dubitationem
1180 2113 1349 2145 nostram
1379 2108 1524 2156 justam
1557 2107 1805 2144 existimabit.

388 2163 547 2201 Accedit
586 2165 707 2213 quod,
752 2178 797 2203 ex
831 2178 906 2214 quo
939 2178 1097 2216 operum
1131 2166 1289 2215 Kepleri
1322 2165 1558 2203 edendorum
1592 2166 1741 2202 initium
1773 2166 1954 2214 fecimus,
1988 2171 2044 2204 tot

249 2223 319 2258 viri
352 2224 473 2270 magis
505 2222 567 2259 vel
599 2225 722 2261 minus
763 2224 890 2262 idonei
925 2224 970 2262 de
1002 2224 1191 2273 Keplero,
1235 2224 1281 2261 de
1314 2224 1397 2272 ejus
1437 2225 1536 2269 vita,
1580 2223 1642 2260 vel
1683 2223 1729 2261 de
1761 2224 1924 2272 singulis
1958 2225 2042 2273 ejus

249 2281 336 2317 fatis
369 2285 406 2317 et
437 2281 617 2328 operibus
650 2284 899 2331 scripserunt,
944 2287 981 2320 et
1014 2294 1113 2331 quac
1146 2282 1339 2330 Keplerus
1373 2282 1418 2319 de
1451 2281 1684 2330 quibusdam
1716 2281 1950 2331 disciplinis,
1996 2282 2042 2320 de

250 2337 445 2386 religione,
479 2338 524 2375 de
557 2340 720 2377 ecclesia
741 2346 813 2379 etc.
848 2342 1078 2389 cogitaverit
1110 2345 1323 2386 versarunt,
1356 2345 1399 2377 ut
1431 2339 1582 2378 difficile
1615 2341 1676 2386 sit,
1709 2341 1801 2377 novi
1824 2340 1972 2389 aliquid
1995 2340 2041 2378 de

249 2408 293 2433 eo
325 2397 458 2433 afferre
492 2397 682 2446 simulque
715 2399 876 2435 sormam
908 2401 1072 2447 reperire
1107 2400 1221 2435 tomis
1253 2399 1475 2447 praemissis
1507 2404 1649 2446 aptam.

387 2454 514 2502 Quum
546 2462 675 2493 autem
708 2456 755 2493 ad
787 2458 1107 2505 subscriptionem
1140 2456 1320 2494 editionis
1352 2461 1506 2493 nostrae
1538 2457 1747 2494 invitantes
1779 2457 1899 2494 vitam
1931 2457 2043 2506 Kep-

248 2513 314 2550 leri
347 2512 520 2549 additum
554 2515 597 2549 iri
628 2514 789 2563 polliciti
829 2516 948 2551 simus
991 2520 1027 2552 et
1067 2526 1183 2563 quum
1228 2516 1292 2551 vix
1333 2514 1447 2552 liceat
1488 2520 1731 2563 exspectare,
1772 2515 1915 2553 multos
1957 2527 2041 2554 esse

249 2583 403 2620 operam
437 2570 593 2608 daturos
625 2578 666 2609 ut
699 2584 764 2619 ea,
807 2585 905 2621 quae
936 2584 1004 2622 per
1035 2578 1181 2621 septem
1214 2578 1339 2610 tomos
1372 2572 1543 2621 dispersa
1575 2572 1734 2621 Kepleri
1767 2575 1870 2611 vitae
1902 2575 2042 2623 imagi-

249 2641 334 2666 nem
367 2631 597 2667 constituere
639 2632 807 2679 possint,
851 2630 1036 2678 colligant
1069 2636 1105 2668 et
1137 2630 1360 2679 di—ponant,
1403 2642 1519 2679 quum
1559 2630 1724 2679 denique
1765 2642 1867 2668 nova
1908 2632 2042 2681 aliqua

250 2688 454 2724 lectoribus
496 2689 636 2725 nostris
680 2690 812 2727 offerre
854 2691 1067 2737 possimus,
1113 2690 1310 2737 promissis
1352 2688 1532 2725 standum
1574 2701 1658 2727 csse
1695 2693 1875 2738 putamus
1915 2701 2040 2739 neque

250 2752 375 2783 tamen
411 2744 592 2794 celamus,
625 2747 725 2784 lianc
755 2747 912 2796 Kepleri
946 2749 1066 2784 vitam
1097 2746 1200 2784 haud
1234 2746 1317 2784 aliis
1348 2759 1470 2795 paene
1493 2748 1549 2784 uti
1572 2748 1805 2794 auctoribus,
1838 2758 1952 2795 quam
1974 2749 2040 2797 qui

251 2804 287 2838 in
320 2803 545 2842 collectione
585 2805 832 2854 epistolarum
865 2805 1024 2854 Kepleri
1056 2805 1104 2842 ab
1137 2804 1402 2842 Hrinschio
1446 2804 1549 2842 edita
1591 2807 1666 2842 sint
1698 2806 1898 2853 praemissi
1925 2808 2038 2852 (conf.

250 2869 321 2897 tom
340 2864 365 2897 I.
393 2865 520 2907 poti),
554 2864 599 2899 iis
623 2875 722 2912 quae
744 2864 796 2901 ibi
819 2863 864 2902 de
888 2865 1158 2911 manuscriptis
1191 2863 1517 2901 Pulkovicnsibus
1550 2862 1715 2900 diximus
1747 2862 1935 2909 addimus,
1969 2874 2039 2901 nos

251 2930 295 2955 ex
328 2918 394 2956 illo
427 2926 598 2969 tempore
632 2923 759 2959 onmia
791 2924 1051 2971 manuscripta
1081 2921 1361 2958 Pulkoviensia
1392 2926 1428 2958 et
1451 2921 1689 2959 Viennensia
1709 2920 2039 2970 Monacensiaque

252 2977 409 3023 (quibus
441 2978 709 3017 Herwartiana
743 2982 1002 3027 continentur)
1040 2980 1210 3017 tenuisse
1249 2981 1373 3027 iisque
1414 2990 1505 3016 usos
1547 2991 1641 3017 esse.
1705 2978 1910 3017 Praeterea
1940 2979 2040 3017 hane

251 3035 369 3071 vitam
406 3037 518 3073 tomis
554 3036 635 3085 jam
675 3037 785 3075 editis
827 3039 1051 3087 praesertim
1088 3038 1158 3074 niti
1198 3037 1384 3084 diximus3
1425 3037 1608 3074 nonnulla
1649 3038 1763 3074 etiam
1802 3048 1847 3074 ex
1880 3037 2037 3075 Breit-

250 3091 503 3130 schwertii
544 3095 728 3143 opusculo
771 3095 946 3146 („Leben
990 3096 1066 3133 und
1109 3095 1268 3133 Wirken
1306 3093 1513 3144 Keplers“.
1568 3095 1708 3142 stuttg.
1744 3095 1894 3145 1831),
1937 3095 2035 3133 libro

249 3149 460 3189 secundum
502 3151 743 3190 Hanschium
784 3165 925 3203 magna
968 3165 1053 3193 cum
1093 3152 1293 3201 diligentia
1333 3158 1371 3191 et
1417 3152 1492 3190 fide
1535 3153 1771 3202 composito,
1818 3165 1944 3203 pauca
1989 3165 2036 3192 ex
