2177 3408
415 173 654 209 Summarium
679 172 860 208 Historiae
884 172 1135 208 Astronomiae
1162 172 1283 208 seculo
1309 173 1406 210 XVI.
1728 173 1810 219 625

18 289 129 334 Cujus
155 299 221 334 ego
247 291 496 335 supputationi
522 291 684 326 diffidere
709 291 871 334 debeam,
897 299 1047 335 prorsus
1074 288 1202 324 dubius
1234 289 1386 336 haereo,
1420 290 1489 326 nisi
1521 299 1578 325 me
1604 290 1683 326 Tua
1706 290 1813 326 Prae-

19 347 153 383 stantia
179 358 223 382 ex
248 347 317 382 hac
344 348 557 385 difficultate
582 349 722 385 liberali
747 360 812 384 sua
838 348 1065 384 institutione
1095 348 1249 383 liberare
1286 349 1383 383 velit.
1435 349 1549 394 Saepe
1575 359 1729 393 namque
1755 360 1814 385 ex-

15 409 140 449 pertus
167 416 246 441 sum
272 407 494 451 diligentiam
520 408 685 453 Origani,
716 408 819 453 cujus
845 407 1107 451 premerides
1132 406 1267 452 habeo,
1296 412 1331 442 et
1355 409 1446 444 haec
1473 419 1599 455 causa,
1634 419 1744 453 quare
1769 419 1814 443 ne

18 474 113 498 nunc
140 464 284 506 quidem
312 465 475 500 diffidere
502 466 653 501 debeam
679 467 757 510 ejus
783 465 849 499 viri
875 464 1137 509 supputationi.

150 523 274 557 Debeo
300 524 358 559 1110
386 524 578 559 nonnullas
606 525 849 559 dubitationes
877 524 919 558 de
945 523 1139 567 hypothesi
1163 522 1281 558 lunari
1306 523 1512 568 Tychonica
1537 523 1686 569 addere,
1724 535 1814 569 quas

16 580 192 615 Dominus
219 581 489 617 Praetorius
524 593 624 618 meae
658 583 742 617 fidei
768 593 841 617 non
869 581 1011 625 quidem
1036 581 1340 625 reprehendendi,
1377 582 1440 617 sed
1464 583 1585 626 potius
1611 583 1680 618 mei
1705 583 1815 617 infor-

15 638 135 673 mandi
162 650 270 674 causa
297 641 484 683 commisit,
512 647 551 676 ut
577 642 623 676 ad
650 652 711 677 eas
735 641 821 686 quid
840 642 1009 675 sentirem
1034 640 1304 683 responderem.
1347 641 1478 676 Verum
1498 652 1577 676 cum
1597 641 1663 676 sim
1679 642 1814 686 hospes

17 697 135 733 adbuc
160 698 196 732 in
222 699 398 742 ejusmodi
424 700 688 734 mathematicis
717 698 985 742 quaestiouibus
1013 698 1212 741 solvendis,
1250 709 1314 742 ego
1341 700 1462 743 potius
1495 704 1556 734 tuo
1584 701 1815 743 sagacissimo

17 766 88 800 quo
115 757 302 800 praeditus
330 769 366 792 es
389 758 527 801 judicio
555 759 635 792 illas
663 757 850 792 diluendas
877 757 1080 800 relinquere
1099 757 1206 800 volui,
1234 768 1303 791 non
1330 757 1470 791 interim
1490 757 1532 791 de
1558 763 1622 792 tua
1645 758 1815 802 singulari

17 824 103 857 erga
128 825 184 849 me
210 816 461 850 benevolentia
488 820 523 851 et
543 818 665 850 favore
692 815 872 858 dubitans,
900 815 985 859 quin
1004 824 1096 857 quae
1113 814 1325 857 responderi
1344 814 1388 849 ad
1407 825 1467 848 eas
1487 814 1651 854 debeant,
1676 827 1815 851 mecum

16 873 129 916 primo
156 883 299 917 quoque
325 878 486 918 tempore
511 873 708 908 liberaliter
734 873 782 907 sis
809 872 1149 916 communicaturus,
1178 883 1247 916 quo
1274 878 1309 907 et
1333 873 1485 909 Domino
1512 874 1709 918 Praetorio,
1735 886 1814 909 meo

18 930 270 965 candidissimo
297 932 535 976 praeceptori,
564 941 605 966 ea
631 931 674 966 de
699 942 737 965 re
764 931 985 966 sufficienter
1011 931 1231 975 respondere
1256 931 1414 966 voluisse
1442 932 1575 968 videar.

154 989 361 1033 Sequuntur
378 990 521 1024 Domini
546 989 723 1024 Praetorii
749 989 865 1024 verba.
912 989 959 1031 „L
987 989 1146 1033 Tempus
1182 1000 1360 1034 apparens
1395 990 1575 1025 existimat
1602 994 1736 1033 (Tyeho)
1771 991 1815 1026 ad

15 1048 271 1092 aequalitatem
296 1048 422 1083 reduci
448 1048 577 1083 debere
603 1049 708 1083 aliter
732 1059 798 1093 pro
824 1052 925 1082 motu
952 1047 1043 1083 Solis
1070 1047 1300 1093 calculando,
1336 1048 1440 1083 aliter
1464 1060 1528 1093 pro
1554 1053 1653 1084 motu
1678 1050 1814 1086 Lunae.

16 1106 65 1141 Ut
89 1105 124 1139 in
144 1105 307 1149 exemplo
327 1107 369 1140 ab
394 1106 473 1150 ipso
494 1106 649 1141 adducto
669 1117 846 1151 apparens
865 1110 1006 1150 tempus
1024 1117 1089 1149 pro
1110 1105 1191 1139 Sole
1218 1110 1393 1149 aequatur
1419 1106 1662 1141 subtractione
1682 1110 1724 1151 7¹,
1751 1119 1816 1152 pro

16 1163 121 1198 Luna
145 1173 229 1198 vero
256 1164 438 1198 additione
467 1166 499 1200 7¹
525 1166 604 1209 36¹¹,
631 1170 670 1199 ut
699 1165 899 1200 differentia
923 1165 1111 1207 utriusque
1139 1164 1185 1198 sit
1206 1165 1259 1198 14¹
1277 1164 1356 1200 36¹¹.
1405 1164 1483 1198 Hoc
1509 1165 1614 1208 quale
1642 1165 1702 1208 sit,
1730 1165 1815 1199 divi-

18 1233 104 1256 nare
128 1231 202 1256 non
226 1232 386 1267 possum,
415 1233 630 1267 quocunque
658 1224 765 1258 etiam
791 1234 846 1258 me
872 1228 1021 1257 vertam.
1055 1221 1180 1256 Multis
1209 1222 1534 1266 observationibus,
1560 1223 1686 1267 inquit,
1714 1224 1818 1258 edoc-

16 1283 75 1314 tus
102 1290 180 1314 sum
206 1285 294 1324 etc„
329 1290 393 1315 cur
426 1292 498 1315 non
524 1282 767 1317 astronomica
792 1282 951 1316 remedia
976 1281 1021 1315 ad
1047 1280 1244 1314 anomalias
1277 1280 1519 1315 conciliandas
1546 1281 1717 1316 adhibet?
1754 1293 1817 1316 cur

16 1339 86 1373 hoc
110 1343 184 1373 tam
210 1338 470 1374 absurdissimo
497 1340 691 1384 emplastro
729 1339 880 1374 oblinire
914 1343 1066 1375 conatur
1097 1339 1153 1374 vel
1179 1349 1262 1373 suos
1288 1338 1344 1373 vel
1370 1339 1460 1374 coeli
1494 1341 1659 1374 errores?
1701 1341 1815 1375 Nemo

16 1407 123 1432 sanus
150 1401 378 1432 astronomus
403 1397 472 1433 hoc
496 1398 680 1443 probabit,
706 1398 775 1433 nisi
801 1399 895 1433 forte
921 1398 1077 1441 nesciat,
1111 1396 1197 1440 quid
1223 1397 1269 1432 sit
1295 1397 1463 1441 aequatio
1498 1397 1634 1432 dierum
1661 1400 1697 1432 et
1722 1398 1816 1432 uude

16 1455 213 1500 proveniat.
1370 1449 1373 1452 ’

150 1515 198 1549 ΙΙ.
224 1515 265 1549 111
291 1516 387 1550 0111111
422 1526 506 1550 vera
542 1516 797 1560 conjunctione
832 1520 867 1551 et
894 1517 1122 1561 oppositione
1156 1521 1319 1552 centrum
1353 1517 1542 1552 eccentrici
1576 1517 1756 1561 reperitur·
1781 1517 1815 1552 in

19 1574 51 1608 A
69 1573 146 1618 (fig.
166 1573 216 1617 9),
242 1573 326 1608 inde
351 1575 581 1618 progreditur
607 1575 644 1609 in
670 1575 813 1610 circello
833 1575 917 1610 ALI
942 1586 1068 1611 versus
1086 1577 1115 1611 L
1134 1581 1232 1611 motu
1259 1575 1462 1620 duplicatae
1482 1576 1673 1611 distantiae
1690 1577 1816 1612 Lunae

18 1632 99 1675 (per
135 1631 367 1676 epicyclicam
398 1633 746 1678 prosthaphaeresin
778 1635 979 1678 correctae)
1013 1645 1033 1668 a
1057 1645 1141 1670 vero
1176 1634 1255 1669 1000
1283 1634 1388 1669 Solis.
1441 1634 1585 1678 Duplex
1621 1634 1815 1671 dubitatio:

16 1690 141 1724 tribuit
177 1696 298 1724 centro
328 1691 519 1726 eccentrici
545 1696 681 1726 motum
705 1692 741 1726 in
769 1692 914 1727 circello
940 1692 1183 1736 inaequalem,
1218 1692 1315 1736 quod
1340 1703 1412 1727 non
1445 1697 1500 1726 est
1526 1693 1815 1737 astronomicum,

17 1749 87 1783 imo
114 1754 240 1783 contra
264 1749 440 1794 principia
465 1751 716 1789 astronomica,
742 1760 860 1793 neque
885 1760 968 1785 vero
995 1750 1088 1784 tueri
1114 1760 1152 1784 se
1178 1754 1300 1794 potest
1326 1750 1490 1794 exemplo
1517 1750 1726 1795 Ptolemaei,
1756 1752 1817 1795 qui

19 1813 236 1852 acquantum
262 1809 407 1844 fictione
433 1808 729 1852 aequabilitatem
757 1812 876 1842 motus
902 1808 947 1842 ad
975 1808 1128 1842 alienum
1149 1812 1311 1842 centrum
1330 1809 1508 1853 alligavit3
1535 1819 1613 1842 nam
1644 1810 1712 1844 1100
1740 1821 1816 1845 cor-

19 1867 87 1912 rigi
111 1872 233 1911 potest
259 1868 441 1903 additione
468 1866 637 1912 epicycli,
672 1866 768 1911 quod
794 1865 880 1901 fecit
908 1866 1146 1910 Copernicus,
1181 1877 1297 1910 neque
1332 1869 1439 1901 et'am
1476 1867 1545 1902 hoc
1571 1868 1818 1903 Ptolemaeum

20 1926 206 1969 ignorasse
233 1926 402 1961 credibile
429 1929 502 1969 est,
535 1925 598 1959 sed
630 1925 766 1969 placuit
791 1925 859 1969 ipsi
886 1936 952 1959 sua
977 1925 1152 1969 inventio,
1190 1935 1234 1959 ne
1260 1924 1451 1959 multitudo
1479 1925 1691 1960 circulorum
1720 1937 1820 1961 assu-

25 1989 194 2020 meretur.
243 1984 383 2019 Deinde
409 1995 480 2018 non
507 1983 647 2017 videtur
672 1983 750 2017 fieri
775 1994 895 2028 posse,
923 1988 962 2017 ut
986 1993 1051 2027 per
1076 1982 1184 2017 talem
1211 1982 1431 2027 duplicatam
1459 1983 1666 2019 distantiam
1693 1985 1819 2019 Lunae

22 2042 186 2076 semiveri
203 2041 274 2077 loci
291 2052 311 2075 a
330 2041 421 2076 Solis
441 2052 523 2076 vero
542 2041 623 2076 1000
639 2041 818 2075 restitutio
837 2042 1023 2084 utriusque
1041 2041 1111 2076 loci
1136 2041 1172 2075 in
1190 2043 1236 2077 os
1263 2045 1299 2074 et
1320 2050 1366 2080 σο
1390 2042 1574 2085 contingat
1591 2043 1626 2076 in
1646 2044 1688 2078 A.
1728 2044 1821 2078 Nam

21 2099 148 2134 Lunae
166 2104 294 2141 motus,
320 2110 385 2144 per
404 2099 634 2144 epicyclicam
652 2100 994 2144 prosthaphaeresin
1015 2104 1208 2142 correctus,
1236 2101 1394 2135 nondum
1414 2111 1519 2135 verus
1546 2105 1612 2137 est.
1653 2102 1822 2146 Exempli

26 2158 151 2201 gratia,
177 2157 255 2193 fieri
282 2162 412 2202 potest,
440 2163 478 2192 ut
498 2158 558 2192 Sol
584 2168 668 2192 vero
687 2163 786 2192 motu
806 2158 851 2192 sit
869 2159 905 2192 in
924 2158 962 2192 3⁰
982 2161 1035 2201 V,
1061 2158 1188 2192 Lunae
1205 2158 1306 2192 locus
1325 2169 1387 2202 per
1408 2158 1637 2203 epicyclicam
1655 2160 1820 2203 prestha-

23 2216 217 2260 phaeresin
243 2216 452 2250 emendatus
477 2216 512 2249 in
539 2217 578 2251 3⁰
594 2218 651 2253 ἑ.
701 2217 750 2250 Et
774 2217 833 2250 hic
858 2216 982 2251 Lunae
1008 2220 1127 2250 motus
1158 2215 1317 2249 nondum
1349 2227 1455 2250 verus
1483 2220 1555 2259 est,
1593 2216 1695 2251 deest
1729 2217 1820 2250 enim

25 2273 302 2308 eccentricitatis
327 2274 685 2319 prosthaphaeresis,
719 2275 805 2309 item
844 2275 944 2309 deest
975 2274 1037 2309 illa
1068 2273 1246 2317 particula
1280 2284 1324 2308 ex
1356 2273 1498 2309 circello
1534 2274 1628 2308 circa
1660 2280 1820 2311 centrum

23 2331 130 2375 primi
156 2331 307 2376 epicycli
332 2333 557 2376 proveniens,
586 2332 687 2368 deest
713 2334 759 2368 ad
784 2334 971 2368 zodiacum
989 2332 1129 2367 relatio.
1173 2332 1270 2366 Talis
1289 2332 1399 2375 igitur
1424 2331 1596 2366 distantia
1613 2333 1700 2368 facit
1718 2335 1822 2368 semi-

27 2389 210 2431 circulum,
237 2400 328 2434 quae
355 2390 540 2434 duplicata
567 2390 686 2431 efficit,
712 2396 752 2426 ut
771 2396 932 2426 centrum
951 2391 1141 2428 eccentrici
1166 2391 1367 2435 reperiatur
1392 2391 1427 2424 in
1444 2391 1486 2435 A,
1513 2391 1656 2434 quando
1685 2392 1820 2427 scilicet

24 2448 197 2483 luminum
223 2459 293 2482 non
320 2452 375 2483 est
398 2459 482 2483 vera
508 2449 695 2494 oppositio
717 2454 784 2486 etc.

164 2506 230 2541 111.
255 2506 387 2547 Similis
407 2506 582 2541 dubitatio
609 2508 722 2542 oritur
740 2519 784 2542 ex
801 2508 945 2544 circello
972 2509 1066 2544 cirea
1091 2513 1254 2544 centrum
1279 2509 1433 2553 primum
1461 2508 1612 2554 epicycli
1631 2509 1820 2553 descripto,

25 2564 62 2599 in
88 2565 190 2608 cujus
226 2564 363 2598 scilicet
393 2569 599 2600 transversa
632 2566 803 2601 diametro
829 2566 950 2601 librari
977 2566 1084 2602 debet
1117 2572 1278 2602 centrum
1304 2567 1409 2610 primi
1442 2567 1608 2611 epicycli,
1645 2572 1679 2601 et
1705 2572 1819 2601 motus

27 2622 226 2657 anomaliae
253 2623 415 2657 similiter
441 2622 565 2657 similis
593 2634 672 2658 esse
700 2624 806 2659 debet
830 2635 935 2659 verae
968 2625 1142 2659 luminum
1169 2625 1360 2659 distantiae
1397 2625 1614 2668 duplicatae.
1664 2625 1820 2658 Primum

27 2683 136 2726 igitur
160 2681 230 2716 hoc
258 2692 398 2725 quoque
424 2681 502 2716 1000
528 2686 645 2716 motus
670 2692 736 2725 per
762 2693 799 2716 se
824 2683 1023 2726 inaequalis
1049 2683 1113 2716 tali
1139 2682 1338 2717 anomaliae
1374 2682 1562 2721 tribuitur,
1599 2682 1725 2716 deinde
1759 2683 1822 2717 tali

30 2739 252 2775 correctione
278 2738 455 2774 anomalia
480 2740 602 2782 potius
628 2740 752 2774 Lunae
779 2740 1007 2784 emendatur,
1040 2752 1111 2775 non
1137 2751 1243 2774 verus
1267 2740 1368 2774 locus
1393 2741 1529 2775 Lunae.
1579 2741 1670 2775 Nam
1697 2741 1821 2776 eadem

28 2798 112 2833 talis
138 2797 316 2843 particula
349 2807 421 2831 non
448 2795 554 2830 simul
579 2796 687 2831 tribui
714 2802 836 2840 potest
859 2798 928 2842 ipsi
953 2798 1094 2841 Lunae,
1133 2799 1239 2833 alium
1275 2804 1384 2842 atque
1411 2799 1518 2832 alium
1553 2799 1659 2833 situm
1684 2800 1822 2835 ratione

30 2856 219 2900 utriusque
246 2855 395 2900 epicycli
422 2854 587 2898 habenti,
623 2865 693 2888 non
723 2860 820 2889 certe
853 2856 947 2890 idem
979 2861 1034 2891 est
1061 2857 1213 2900 angulus
1249 2857 1294 2891 ad
1320 2860 1480 2890 centrum
1506 2856 1663 2891 universi
1689 2857 1823 2892 circelli

31 2915 127 2949 circa
153 2918 313 2949 centrum
344 2913 450 2958 primi
477 2912 625 2957 epicycli
652 2913 837 2957 descripti,
872 2924 912 2948 ac
943 2914 1104 2957 aequalis
1139 2914 1272 2950 circelli
1298 2913 1392 2948 circa
1416 2914 1542 2948 Lunae
1575 2919 1736 2949 centrum
1763 2915 1822 2949 de-

32 2972 173 3016 scripti3
199 2972 258 3007 1110
283 2971 375 3006 0111111
398 2971 472 3014 Jam
497 2971 655 3015 propior,
679 2970 752 3015 jam
777 2971 947 3006 remotior
971 2981 1050 3006 esse
1075 2976 1207 3016 potest,
1234 2982 1298 3016 pro
1326 2971 1451 3006 eodem
1475 2976 1596 3006 tamen
1614 2983 1634 3006 a
1655 2972 1823 3017 Tychone

33 3030 194 3064 sumitur.

169 3088 230 3123 IV.
256 3088 388 3123 Mirum
413 3087 525 3123 videri
549 3091 686 3134 potest,
721 3087 817 3133 quod
842 3087 878 3122 in
902 3087 971 3122 hac
996 3090 1074 3123 tota
1097 3088 1297 3132 pragmatia
1333 3098 1450 3133 neque
1475 3087 1680 3124 reflexionis
1706 3099 1822 3134 neque

104 3148 228 3181 Kepleri
247 3147 346 3181 Opera
361 3147 446 3174 VIII.
1503 3146 1545 3181 41
